1840 3225
213 183 289 222 316
794 175 1061 215 PLATONIS
1572 179 1669 231 [686

208 291 302 328 patus
327 284 410 316 illius
439 293 502 314 non
529 281 762 314 contemnenda
788 281 940 323 potentia.
962 291 1066 323 quare,
1097 279 1361 322 quemadmodum
1386 289 1472 312 nunc
1493 290 1601 323 regem
1614 289 1674 312 nos

211 350 356 381 magnum
383 337 595 373 formidamus,
622 337 668 368 ita
694 336 836 378 gentium
849 335 973 367 illarum
988 335 1234 377 conspirantium
1246 335 1280 365 in
1295 345 1394 366 unum
1406 335 1585 376 potentiam
1596 341 1673 367 tunc

211 404 320 425 omnes
349 391 611 434 expavescebant.
654 391 806 432 Magnam
831 400 905 422 vero
924 389 1074 421 adversus
1089 398 1142 419 eas
1154 388 1401 420 criminationem
1417 389 1558 420 secunda
1568 389 1674 430 Trojae

207 448 330 479 eversio
359 446 504 488 praebuit.
548 445 749 487 Assyriorum
771 445 854 475 enim
881 444 1076 486 principatus
1089 442 1242 485 particula
1257 442 1402 484 quaedam
1416 442 1518 485 Trojae
1532 443 1676 484 potentia

209 503 280 533 fuit.
303 501 451 532 adversus
474 500 570 541 igitm·
599 509 667 530 eam
689 499 858 540 potentiam
886 499 919 528 in
950 504 1011 528 tres
1034 498 1151 527 divisus
1163 497 1306 528 civitates
1317 497 1474 528 exercitus
1488 497 1674 532 afran-ibus.

207 556 353 588 Herculis
383 555 467 591 filiis,
496 560 570 585 tunc
596 554 808 595 regnantibus,
834 553 950 594 optime
982 559 1075 593 atque
1103 551 1299 582 ornatissime
1330 551 1431 582 factus
1449 551 1627 586 videbatur,
1643 555 1677 581 et

209 612 308 641 multo
323 610 435 640 melius
450 610 633 644 instructus,
651 619 744 649 quam
761 607 815 649 qui
830 606 954 647 Trojam
971 605 1103 638 obsedit.
1121 606 1256 647 primum
1271 606 1356 636 enim
1370 604 1558 636 Herculidas
1568 604 1676 636 excel-

206 665 359 695 lentiores
384 664 543 705 principes
555 673 647 704 quam
662 661 833 703 Pelopidas
852 660 964 691 habere
987 660 1230 690 arbitrabantur:
1266 658 1381 690 deinde
1406 658 1674 689 hunc'exercituru

204 720 267 758 illi,
282 719 336 760 qui
350 718 475 759 Trojam
492 717 596 759 petiit,
610 717 724 747 virtute
739 720 897 757 praestare,
914 716 968 745 hos
984 715 1066 745 enim
1085 714 1195 745 vicisse
1207 725 1217 753 ;
1240 713 1310 744 illos
1325 713 1364 744 ab
1386 713 1454 744 istis
1464 713 1559 744 fuisse
1579 722 1675 754 supe-

206 778 301 808 ratos,
318 783 337 803 a
350 771 445 802 Doris
460 770 610 802 Achivos.
654 769 771 800 Nonne
786 769 831 800 sic
846 769 917 799 illos
940 768 1104 809 cogitasse,
1126 768 1249 809 istaque
1266 768 1306 798 de
1327 777 1422 798 causa
1433 767 1479 798 sic
1495 777 1527 798 se
1552 776 1674 808 praepa-

207 837 291 858 rasse
306 825 486 857 credimus?
532 825 631 855 Mne..
653 824 803 855 Omnino.
838 822 978 853 Aruns.
1001 821 1182 853 Verisimile
1196 822 1300 863 igitur,
1327 821 1424 863 [686]
1455 820 1525 852 illos
1553 820 1674 851 firmam

208 891 333 923 quoque
360 879 615 911 constitutionem
640 879 720 908 hanc
749 887 837 908 suam
867 877 933 908 fore
960 882 1097 918 putasse,
1121 876 1311 917 longumque
1336 880 1461 916 tempus
1472 875 1651 906 duraturam
1666 886 1672 904 :

205 934 378 977 praesertim
392 934 466 975 quia
480 934 580 964 multa
591 932 731 974 pericula
745 937 778 962 et
792 931 912 962 labores
926 941 988 961 una
1003 931 1176 966 subierunt,
1191 935 1224 960 et
1239 940 1257 959 a
1269 929 1414 960 fratribus
1424 929 1550 970 regibus
1563 928 1673 970 guber-

205 989 371 1020 nabantur.
394 998 453 1019 nec
476 998 541 1018 non
576 986 685 1017 multis
711 986 759 1016 usi
784 985 908 1016 fuerant
934 985 1067 1020 vatibus,
1097 990 1164 1014 tum
1176 983 1246 1014 aliis
1257 988 1323 1014 tum
1340 982 1489 1024 Apolline
1508 981 1676 1024 Delphico.

204 1044 242 1074 M
248 1054 302 1075 EG.
328 1042 506 1074 Verisimile
522 1040 702 1072 admodum.
737 1040 875 1071 Arnen.
898 1039 976 1069 Haec
991 1049 1077 1075 vero,
1092 1049 1163 1079 quae
1175 1038 1311 1069 maxima
1325 1038 1391 1068 fore
1405 1036 1676 1074 existimabantur,

206 1098 293 1129 brevi
311 1102 398 1134 tunc,
424 1101 460 1127 ut
484 1095 618 1131 videtur,
635 1099 839 1129 evanuerunt,
856 1098 968 1134 praeter
983 1103 1122 1134 parvam,
1137 1097 1174 1123 ut
1186 1092 1278 1123 modo
1292 1091 1439 1128 diximus,
1456 1097 1588 1134 partem,
1603 1101 1674 1132 quae

206 1158 345 1183 vestram
370 1151 491 1182 habitat
511 1150 682 1191 regionem.
707 1149 775 1178 haec
801 1158 875 1178 vero
890 1157 1051 1188 nunquam
1067 1148 1107 1177 ad
1123 1148 1207 1178 hunc
1222 1156 1321 1188 usque
1335 1145 1421 1176 diem
1435 1155 1454 1176 a
1467 1145 1551 1176 bello
1567 1150 1676 1176 contra

205 1206 284 1237 duas
310 1202 416 1247 partes
445 1208 591 1246 suscepto
621 1202 766 1234 cessavit.
793 1211 865 1232 nam
895 1201 922 1232 si
944 1201 1028 1232 sacta
1054 1206 1128 1232 tunc
1157 1200 1341 1232 constitutio
1354 1210 1487 1232 concors
1499 1198 1674 1238 mansisset,

203 1261 326 1292 invicta
341 1260 481 1302 profecto
505 1259 538 1289 in
567 1258 652 1288 bello
671 1257 791 1287 fuisset.
836 1255 935 1286 Mne..
960 1255 1023 1286 Cur
1033 1256 1124 1285 non?
1170 1255 1309 1285 Arnen.
1334 1253 1502 1291 Quomodo
1519 1253 1620 1295 ’igitur
1640 1252 1675 1284 et

206 1326 269 1357 qua
297 1315 416 1345 ratione
445 1311 672 1343 dissolutaest?
695 1320 801 1341 nonne
817 1310 1071 1341 consideratione
1088 1309 1217 1350 dignum
1231 1314 1290 1344 est,
1306 1318 1449 1350 quaenam
1463 1307 1589 1338 fortuna
1603 1313 1673 1338 tan-

201 1376 266 1400 tam
282 1379 319 1400 ae
328 1369 424 1399 talem
440 1366 695 1398 constitutionem
713 1363 824 1395 evertit
839 1363 849 1393 ?
895 1363 931 1393 M
936 1373 990 1393 no.
1015 1363 1182 1404 Nunquam
1198 1362 1340 1404 profecto
1362 1361 1449 1392 aliud
1475 1360 1674 1392 considerans

202 1423 372 1464 quispiam,
400 1422 449 1452 vel
478 1422 566 1461 leges
579 1420 630 1449 vel
647 1429 694 1449 res
710 1419 854 1459 publicas
867 1417 955 1453 alias,
974 1417 1149 1457 intelligere
1164 1416 1293 1458 poterit,
1305 1416 1418 1458 quibus
1432 1415 1571 1456 pulchrae
1587 1425 1672 1456 mag-

200 1488 314 1519 naeque
340 1487 388 1507 res
410 1481 579 1510 serventur,
610 1474 658 1504 vel
685 1479 791 1504 contra
824 1472 1001 1513 perdantur,
1019 1471 1043 1502 si
1058 1471 1117 1501 ista
1129 1470 1312 1511 neglexerit.
1358 1469 1496 1500 Arnen.
1528 1468 1675 1499 Feliciter

203 1542 277 1573 ergo
302 1532 333 1562 in
347 1530 550 1562 sufficientem
578 1529 658 1559 hanc
675 1526 956 1558 considerationem
973 1525 1118 1556 incidisse
1139 1524 1293 1555 videmur.
1337 1524 1434 1554 Mne.
1459 1523 1673 1564 Summopere.

201 1587 338 1617 Auum.
362 1583 515 1625 Nunquid
544 1593 617 1623 ergo
641 1587 747 1612 noster
769 1592 826 1611 nos
840 1591 948 1611 omnes
963 1580 1038 1610 latet
1052 1590 1146 1615 error,
1161 1584 1194 1610 et
1207 1579 1239 1609 in
1252 1578 1421 1620 praesentia
1433 1576 1580 1614 maxime,
1596 1576 1673 1608 dum

203 1646 351 1682 putamus
372 1638 560 1680 singularem
577 1635 735 1678 quandam
750 1636 930 1677 perspicere
944 1645 1022 1671 rem,
1038 1644 1132 1676 quam
1147 1633 1305 1664 mirabiles
1316 1636 1485 1673 sequentur
1499 1636 1631 1663 eventus
1645 1630 1673 1662 si

203 1695 274 1736 quis
290 1695 371 1725 bene
395 1694 450 1724 illa
466 1692 511 1723 uti
528 1691 619 1722 modo
633 1689 742 1721 debito
760 1701 822 1722 non
833 1689 1009 1731 ignorabit?
1033 1699 1090 1720 nos
1105 1693 1210 1719 autem
1221 1688 1319 1718 modo
1334 1696 1438 1728 neque
1453 1694 1537 1717 recte
1553 1686 1671 1722 forsan,

204 1759 308 1791 neque
337 1747 512 1784 secundum
530 1750 683 1780 naturam,
699 1744 739 1775 de
755 1745 813 1775 hoc
828 1744 897 1786 ipso
913 1744 1064 1775 sentimus
1079 1755 1086 1773 ε
1111 1748 1143 1774 et
1155 1742 1209 1773 alii
1223 1751 1334 1773 omnes
1349 1741 1380 1771 in
1398 1740 1541 1771 omnibus
1557 1745 1675 1776 errant,

206 1804 246 1835 de
263 1804 376 1845 quibus
403 1801 546 1832 similiter
562 1799 700 1841 cogitant
716 1799 728 1829 ?
775 1799 872 1831 Mne.
897 1799 983 1835 Quid
1002 1797 1069 1828 ais?
1093 1802 1126 1827 et
1139 1806 1201 1838 qua
1213 1796 1252 1826 de
1267 1805 1300 1826 re
1317 1795 1399 1825 istud
1415 1795 1550 1825 maxime
1565 1794 1670 1825 dicis?

204 1858 343 1890 Arum«.
367 1857 443 1898 Ipse
475 1866 537 1892 me,
566 1866 584 1885 ο
612 1855 696 1885 bone
710 1854 766 1889 vir,
783 1863 867 1884 nunc
882 1859 966 1883 certe
991 1852 1094 1883 derisi.
1110 1862 1181 1882 cum
1205 1851 1291 1881 enim
1318 1849 1406 1879 illurn
1431 1848 1614 1884 exercitum,
1629 1848 1671 1879 de

205 1923 268 1955 quo
285 1912 378 1943 modo
395 1920 493 1941 sermo
508 1909 629 1939 habitus
644 1913 702 1947 est,
719 1907 978 1942 considerassem,
993 1906 1137 1948 egregius
1153 1905 1295 1947 profecto
1312 1909 1406 1945 atque
1423 1902 1581 1934 mirandus
1596 1901 1672 1933 mihi

204 1968 289 1997 visus
301 1971 360 2007 est,
374 1971 406 1996 et
420 1964 567 2006 praeclara
582 1963 725 2004 quaedam
741 1962 879 1993 facinora
895 1961 1014 1992 Graecis
1030 1966 1185 2002 gesturus,
1201 1960 1227 1990 si
1242 1958 1312 2000 quis
1324 1963 1399 1988 tunc
1415 1957 1482 1997 ipso
1498 1957 1580 1987 bene
1597 1967 1670 1987 usus

204 2021 327 2052 fuisset.
371 2019 469 2050 Meo.
493 2017 543 2048 An
560 2028 622 2047 non
647 2018 818 2058 prudenter
833 2023 864 2047 et
875 2021 910 2046 tu
925 2015 1160 2047 cuncta-dixisti
1178 2014 1188 2044 ?
1213 2019 1246 2044 et
1259 2024 1316 2044 nos
1333 2012 1429 2054 probe
1451 2009 1668 2042 laudavimus?

204 2074 343 2106 Aruns.
367 2073 519 2104 Fortasse.
549 2076 626 2112 puto
651 2076 757 2100 tamen
783 2080 903 2105 omnes,
932 2069 985 2110 qui
1009 2078 1159 2110 magnum
1186 2067 1305 2108 aliquid
1333 2072 1366 2098 et
1392 2065 1514 2106 ingenti
1528 2063 1672 2106 potentii}

205 2129 372 2171 praedituni
387 2126 535 2161 viderint,
552 2126 658 2156 statim
674 2125 718 2155 sic
735 2124 826 2159 affici,
843 2128 877 2153 ut
888 2123 1065 2163 opinentur,
1078 2123 1103 2152 si
1116 2122 1219 2155 sciret.
1232 2121 1286 2162 qui
1300 2121 1404 2162 ipsum
1414 2119 1566 2160 possidet,
1581 2122 1670 2148 tanta

206 2194 239 2215 re
251 2183 370 2224 talique
386 2182 444 2216 uti.
461 2180 565 2211 multis
580 2179 797 2220 praeclarisque.
813 2177 887 2207 inde
899 2177 992 2207 rebus
1003 2177 1097 2217 gestis
1111 2175 1237 2206 felicem
1249 2174 1326 2205 fore.
1344 2174 1440 2215 [687]
1458 2172 1555 2203 Mne.
1579 2171 1669 2202 Non*

207 2248 248 2269 ne
264 2244 298 2269 et
313 2238 371 2268 hoc
386 2235 531 2266 rectum?
556 2235 605 2265 vel
620 2232 777 2274 quomodo
793 2231 895 2262 dicis?
942 2231 1079 2261 Arum.
1103 2229 1278 2261 Considera
1296 2228 1377 2270 jam,
1401 2236 1549 2269 quorsum
1569 2226 1669 2267 respi-

207 2293 304 2329 ciens,
321 2291 375 2333 qui
386 2291 431 2321 sic
445 2290 555 2320 laudat
569 2288 704 2329 singula,
716 2292 800 2318 recte
816 2286 913 2317 dicat.
936 2295 972 2315 ac
989 2286 1134 2325 primum,
1152 2284 1192 2314 de
1205 2293 1268 2323 quo
1279 2282 1472 2317 dicebamus,
1485 2290 1550 2322 quo
1563 2285 1670 2322 pacto,

207 2348 333 2378 sirecte
349 2345 515 2376 scivissent
529 2343 699 2374 exercitum
724 2341 879 2376 ordinare,
895 2340 947 2381 qui
971 2345 1045 2370 tunc
1062 2338 1264 2379 praefuerunt,
1281 2336 1416 2367 feliciter
1436 2335 1483 2366 usi
1503 2333 1670 2365 occasione

206 2401 366 2433 fuissent?
389 2408 508 2436 nonne,
519 2398 546 2428 si
561 2398 706 2428 tutiorem
728 2395 784 2426 illo
807 2400 947 2435 tempore
964 2393 1211 2427 constituissent,
1226 2401 1349 2432 semper
1372 2394 1561 2425 servassent,
1575 2388 1620 2418 ita
1633 2393 1671 2418 ut

209 2461 241 2486 ct
256 2455 318 2495 ipsi
340 2453 430 2484 liberi
450 2458 556 2484 essent
571 2457 604 2482 et
617 2451 706 2490 alios,
731 2460 809 2490 quos
832 2449 962 2483 vellent,
988 2447 1211 2489 subjugarent?
1236 2452 1330 2486 atque
1355 2444 1482 2475 omnino
1504 2447 1537 2473 et
1551 2441 1622 2483 ¹ipsi
1636 2446 1669 2472 et

208 2519 311 2539 eorum
328 2507 442 2550 posteri
458 2512 520 2538 tam
537 2507 619 2548 apud
638 2505 767 2536 Graecos
789 2513 881 2545 quam
909 2503 991 2544 apud
1009 2501 1165 2537 barbaros,
1192 2498 1344 2541 quicquid
1369 2502 1532 2539 cuperent,
1555 2505 1665 2527 conse·

209 2567 379 2604 querentur
393 2562 403 2592 ἓ
427 2571 467 2592 an
493 2571 557 2591 non
582 2560 685 2591 onmia
709 2558 798 2600 hujus
823 2557 920 2596 gratia
946 2556 1136 2597 cupiebant?
1182 2555 1280 2585 Mne.
1314 2552 1415 2583 Immo
1443 2551 1538 2582 etiam
1560 2549 1668 2580 valde.

208 2616 348 2647 Amas.
373 2616 562 2655 Quicunque
578 2613 683 2655 igitur,
699 2623 771 2644 cum
794 2611 919 2642 divitias
947 2611 1089 2651 ingentes
1114 2607 1308 2650 perspexerit
1330 2611 1385 2637 aut
1399 2606 1531 2635 honores
1546 2603 1670 2644 generis

210 2671 404 2701 excellentes
419 2678 472 2699 aut
487 2669 606 2709 aliquid
623 2667 785 2709 ejusmodi,
803 2665 914 2696 eadem
930 2665 998 2705 ipsa
1013 2663 1138 2699 dixerit,
1153 2663 1191 2693 ad
1209 2663 1267 2692 hoc
1284 2659 1451 2701 respiciens
1466 2658 1562 2693 dicet,
1577 2657 1669 2698 quasi

211 2735 265 2766 per
281 2724 340 2754 hoc
358 2723 418 2764 ipsi
432 2723 535 2753 sutura
550 2723 611 2752 sint
627 2722 744 2757 omnia,
757 2731 827 2762 quae
843 2719 1012 2754 desiderat,
1029 2718 1078 2748 vel
1095 2717 1230 2759 plurima
1245 2721 1338 2755 atque
1355 2712 1525 2755 potissima.
1569 2710 1669 2742 Μεο.

209 2779 262 2810 Ita
277 2778 411 2808 videtur.
456 2777 595 2806 Aruns.
620 2776 691 2807 Una
707 2781 789 2805 certe
805 2774 943 2805 omnium
967 2772 1128 2804 hominum
1151 2768 1323 2802 communis
1339 2766 1482 2808 quaedam
1510 2764 1670 2806 cupiditas

210 2841 271 2868 est,
289 2841 383 2874 quam
398 2840 534 2871 prm-sens
549 2840 648 2860 sermo
664 2828 863 2869 significavit.
910 2827 1006 2857 Meo.
1030 2824 1207 2863 Quaennm?
1253 2822 1392 2853 Arum.
1427 2819 1471 2850 Ut
1495 2818 1667 2850 secundum

214 2886 309 2920 animi
332 2885 382 2918 sui
408 2883 598 2916 desiderium
622 2884 724 2915 omnia
749 2884 799 2915 vel
823 2883 932 2914 saltem
955 2882 1091 2913 humana
1117 2877 1287 2921 geramum*
1317 2875 1416 2907 Mne.
1439 2872 1498 2906 Cui
1513 2871 1665 2904 dubium?
