1840 3225
133 201 234 250 616]
568 199 637 237 DE
669 196 974 236 REPUBLICA
1008 198 1105 237 LIB.
1137 199 1186 236 X.
1509 201 1587 238 233

131 311 190 340 tes.
205 311 354 347 tanquam
362 305 454 346 longa
463 304 659 336 itineratione
670 302 826 343 fatigatas,
836 302 970 334 libenter
983 303 1016 334 in
1029 309 1128 345 prato,
1144 303 1228 345 quod
1242 304 1285 336 ibi
1296 310 1354 340 est,
1366 311 1515 347 tanquam
1530 318 1582 338 ee-

130 360 251 391 lebriin
258 364 424 394 conventu.
432 358 610 389 recumbere
621 370 628 387 :
645 367 682 388 ac
695 367 729 387 se
743 356 889 392 invicem.
900 367 1093 398 quaecunque
1103 363 1242 390 mutuam
1253 359 1397 390 notitiam
1405 360 1582 398 habuerint,

129 414 284 445 salutare:
301 423 415 454 easque
433 421 552 447 omnes,
563 417 629 442 tam
643 420 712 451 quae
727 420 765 440 ex
781 415 863 440 terra
876 421 970 452 quam
985 422 1053 452 quae
1068 422 1086 442 e
1102 413 1180 444 caelo
1195 413 1408 450 convenerint,
1420 424 1488 445 sese
1500 415 1582 447 ultro

129 467 270 509 citroque
289 467 329 498 de
349 468 407 503 his,
426 476 494 507 quae
513 466 578 496 suis
594 465 628 495 in
647 464 724 495 locis
743 463 889 501 viderint,
909 466 1096 506 percontari,
1116 466 1237 508 sibique
1252 467 1391 498 vicissim
1403 467 1444 498 ad
1458 468 1582 509 singula

126 522 316 564 respondere
327 533 333 551 ι
346 522 402 552 has
412 520 539 562 quidem
548 519 691 550 dolentes
701 529 736 550 ac
747 519 859 550 flentes
867 520 1017 551 memoria
1023 521 1185 557 malorum,
1197 520 1293 563 [615]
1305 532 1373 562 quae
1383 522 1416 552 in
1425 523 1584 563 praeterito

128 575 186 607 sub
201 576 290 608 terris
306 576 416 606 itinere
429 581 461 605 et
473 584 629 615 perpessae
641 578 715 605 sunt
728 580 761 604 et
776 573 932 605 viderunt.
945 583 1014 605 esse
1027 580 1132 606 autem
1149 574 1229 605 illud
1243 574 1330 605 mille
1345 575 1404 606 iter
1418 586 1580 610 annorum.

126 630 199 663 illan
219 639 302 665 vero,
325 639 394 671 quae
418 628 458 659 de
473 629 551 659 caelo
566 627 804 663 descenderant,
820 638 944 659 narrare
968 627 1098 660 delicias
1122 628 1426 670 pulchritudinisque
1441 630 1580 671 ingentis

127 683 315 725 spectacula.
334 683 441 713 Multa
459 681 587 723 quidem
605 682 662 712 illa
679 681 805 718 referre,
827 693 896 724 quae
910 683 1004 724 longo
1018 682 1127 714 ordine
1141 683 1293 714 recitabat
1305 683 1434 725 prolixae
1447 684 1579 715 nimium

125 726 352 773 narrationis‚o
367 736 498 767 Glauco.
512 746 666 767 summam
683 746 757 767 vero
776 737 857 767 hanc
877 747 945 767 esse
960 736 1057 767 dixit:
1076 737 1287 778 Quoscunque
1302 737 1373 768 aliis
1388 738 1516 780 injurias
1530 738 1580 768 in-

125 791 233 823 tulime
242 794 408 826 constaret,
422 799 530 830 poenas
542 789 704 830 sigillatim
714 799 770 830 pro
784 790 924 831 quolibet
932 789 1038 821 decies
1046 790 1221 822 reddidisse
1235 803 1241 821 z
1257 792 1316 822 hoc
1325 801 1399 822 vero
1411 801 1469 832 per
1478 790 1576 833 quod-

125 844 202 875 libet
222 854 372 875 annorum
385 843 598 874 centenarium
612 853 693 880 esse,
708 843 796 884 quasi
810 845 877 875 haec
891 844 964 874 vitae
984 846 1126 875 humanae
1139 846 1180 876 sit
1191 851 1286 881 meta,
1301 851 1337 876 ut
1348 846 1460 876 animae
1482 845 1577 876 decu-

124 899 211 938 piam
217 898 336 941 injuriae
344 898 514 930 redderent
520 898 715 939 pensionem.
726 899 837 939 Itaque
849 899 876 930 si
888 899 942 940 qui
950 898 1046 930 caedis
1054 900 1221 930 multorum
1230 910 1324 931 causa
1334 900 1458 935 fuerint,
1470 900 1580 931 civita-

123 957 232 994 tesque
252 959 284 983 et
302 953 456 984 exercitus
470 952 674 993 prodiderint,
689 953 741 982 vel
756 953 898 983 homines
914 953 947 983 111
962 953 1144 985 servitutem
1159 954 1361 995 impegerint,
1376 955 1427 984 vel
1447 954 1579 997 alicujus

123 1007 251 1037 alterius
261 1007 372 1048 flagitii·
385 1012 418 1037 et
431 1007 559 1038 sceleris
569 1007 686 1038 conscii
700 1007 825 1043 fuerint,
839 1007 873 1038 in
882 1008 931 1038 his
945 1007 1088 1038 omnibus
1102 1018 1158 1049 pro
1168 1008 1307 1049 quolibet
1321 1009 1457 1040 facinore
1472 1018 1581 1049 poenas

124 1060 275 1102 decuplae
283 1061 468 1103 penderent.
484 1060 587 1101 Atque
597 1062 707 1092 iterum
717 1062 744 1091 si
753 1061 807 1102 qui
820 1061 973 1092 beneficia
982 1061 1097 1092 fuerint
1108 1063 1213 1103 aliqua
1221 1062 1354 1103 elargiti,
1365 1062 1581 1104 justitiamque

122 1122 155 1146 et
163 1116 314 1156 pietatem
323 1116 485 1151 coluerint,
496 1115 608 1146 eadem
621 1116 771 1156 pensione
781 1116 911 1157 praemia
923 1120 1127 1156 reportarent.
1142 1116 1195 1147 De
1207 1117 1256 1146 his
1266 1126 1351 1153 vero,
1361 1116 1415 1158 qui
1424 1116 1530 1147 statim
1541 1126 1578 1147 ac

122 1170 189 1201 nati
198 1179 271 1201 sunt
279 1170 452 1206 decessere,
469 1175 522 1201 aut
528 1170 622 1201 breve
631 1176 755 1210 tempus
766 1171 920 1206 vixerunt,
930 1170 1076 1211 quaedam
1086 1181 1195 1212 pamm
1206 1170 1303 1212 digna
1311 1171 1461 1201 memoria
1468 1180 1579 1201 recen-

121 1224 221 1255 sebat.
240 1224 322 1265 Erga
338 1225 413 1255 deos
429 1230 534 1255 autem
553 1230 585 1255 et
605 1231 751 1265 parentes
765 1225 834 1266 pios
847 1226 898 1255 vel
912 1225 1034 1265 impios,
1050 1231 1083 1255 et
1098 1224 1281 1261 homicidas,
1297 1226 1350 1266 qui
1366 1225 1453 1256 eaede
1465 1235 1578 1256 manus

120 1278 261 1319 proprias
280 1279 468 1319 polluerunt,
487 1279 653 1321 majoribus
671 1284 703 1309 et
722 1279 858 1319 praemiis
871 1284 905 1309 et
917 1279 1017 1319 poenis
1037 1279 1168 1310 affectos
1187 1290 1255 1310 esse
1276 1280 1453 1310 narrabant.
1472 1279 1581 1320 Inquit

122 1332 208 1363 0111111
222 1343 255 1363 se
270 1333 457 1368 interfuisse,
472 1332 526 1362 ubi
541 1333 636 1363 alium
648 1333 853 1373 interrogavit
860 1333 1026 1374 quispiam,
1038 1333 1167 1364 ubinam
1182 1333 1328 1364 Ardiaeus
1342 1343 1474 1374 magnus
1483 1338 1580 1364 esset.

121 1387 172 1416 hic
187 1392 292 1417 autem
304 1386 337 1416 in
349 1386 485 1427 quadam
513 1386 700 1427 Pamphiliae
715 1387 842 1418 civitate
858 1393 1008 1429 tyrannus
1024 1387 1134 1424 fuerat,
1151 1388 1242 1418 annis
1251 1388 1318 1429 jam
1331 1388 1419 1417 mille
1436 1392 1578 1428 tempore

120 1451 160 1471 ex
173 1441 229 1472 illo
242 1440 394 1482 peractis:
411 1441 465 1482 qui
477 1451 585 1471 senem
597 1448 719 1482 patrem
732 1447 765 1471 et
773 1442 921 1482 majorem
935 1446 1011 1471 natu
1023 1441 1151 1471 fratrem
1164 1441 1333 1477 occiderat,
1350 1441 1473 1482 aliaque
1485 1442 1577 1482 plura

120 1494 218 1536 impia
229 1485 349 1526 scelera
362 1500 606 1536 perpetraverat.
621 1495 912 1536 Interrogatumque
922 1495 1012 1524 illum
1023 1495 1155 1525 asseruit
1168 1495 1367 1536 respondisse
1381 1507 1386 1523 :
1404 1495 1478 1525 Non
1491 1496 1581 1525 venit

121 1548 275 1586 Ardiaeus,
295 1559 397 1590 neque
417 1549 533 1579 veniet.
551 1559 570 1580 ο
588 1549 689 1579 dirum
708 1549 932 1589 spectaculum.
957 1548 1031 1579 dum
1051 1548 1136 1578 enim
1150 1548 1302 1589 egressuri
1317 1549 1437 1579 hiatum
1455 1554 1579 1589 petere-

121 1613 200 1640 mus,
218 1609 323 1634 cetera
339 1603 445 1634 01111113
464 1603 614 1644 perpessi,
633 1603 723 1633 illum
737 1603 878 1643 protinus
896 1602 1032 1633 vidimus
1052 1602 1191 1643 aliosque
1205 1613 1276 1633 cum
1291 1613 1339 1638 eo,
1355 1613 1464 1633 omnes
1480 1603 1577 1633 ferme

120 1662 278 1700 tyrannos,
293 1658 374 1688 inter
385 1668 461 1698 quos
476 1662 508 1687 et
521 1657 657 1698 privatos
674 1657 851 1692 nonnullos,
865 1657 918 1697 qui
933 1667 1048 1698 magna
1067 1657 1187 1687 scelera
1205 1661 1462 1698 perpetraverant
1475 1669 1481 1687 z
1501 1667 1578 1697 quos

121 1722 301 1743 ascensuros
314 1722 347 1743 se
362 1722 458 1752 prope
473 1711 599 1742 modum
613 1710 808 1742 confidentes
818 1711 920 1741 hiatus
933 1711 988 1741 ille
1002 1711 1131 1741 minime
1146 1711 1346 1752 permittebat
1359 1722 1366 1749 3
1382 1711 1439 1741 sed
1454 1711 1578 1741 horride

119 1766 288 1808 mugiebat,
310 1766 433 1808 quoties
453 1766 565 1806 a³iquis
588 1776 704 1800 eorum,
725 1765 779 1806 qui
795 1765 846 1795 vel
869 1765 1060 1796 insanabiles
1078 1771 1184 1796 essent
1203 1766 1253 1796 vel
1278 1765 1419 1795 nondum
1439 1764 1577 1806 purgati,

120 1820 226 1861 egredi
248 1820 408 1851 niteretur.
440 1819 580 1850 Aderant
597 1820 691 1860 igitur
709 1820 774 1850 11110
792 1820 912 1851 feroces
932 1819 1060 1860 quidam
1076 1820 1144 1855 viri,
1161 1825 1290 1861 aspectu
1311 1820 1415 1861 ignei:
1434 1819 1487 1860 qui
1503 1829 1575 1849 cum

119 1874 272 1916 mugitum
283 1874 385 1905 subito
395 1873 647 1915 perpendissent,
659 1874 716 1904 hos
725 1884 863 1904 seorsum
871 1874 1045 1915 rapiebant,
1061 1873 1224 1904 Ardiaeum
1231 1874 1353 1904 scilicet
1364 1873 1491 1915 ejusque
1506 1883 1576 1913 per·

117 1929 255 1960 similes:
271 1929 474 1970 manibusque
485 1933 517 1958 et
531 1927 664 1968 pedibus
678 1927 774 1969 [616]
788 1933 819 1957 et
834 1928 955 1958 cervice
971 1927 1135 1963 devinctis,
1151 1928 1388 1968 prosternebant
1402 1937 1455 1958 eos
1468 1937 1576 1957 excar-

118 1982 360 2023 nificabantque,
377 1987 410 2013 et
423 1992 512 2012 secus
526 1982 609 2012 viam
627 1981 784 2022 quandam
799 1981 839 2012 ad
857 1982 1044 2012 exteriorem
1058 1988 1180 2023 partem
1196 1987 1335 2023 raptatos
1353 1981 1476 2012 tribulis
1490 1982 1573 2011 lace-

119 2035 230 2066 rabant
246 2048 252 2065 :
272 2036 530 2077 praetereuntibus
547 2035 733 2071 indicantes,
756 2046 850 2077 quam
871 2036 919 2066 illi
939 2036 978 2066 ob
997 2046 1123 2067 causam
1141 2037 1218 2067 talia
1237 2041 1427 2077 paterentur,
1451 2035 1573 2076 quodve

118 2090 303 2132 projiciendi
314 2091 347 2121 in
359 2090 523 2121 Tartarum
533 2089 735 2120 deferrentur.
753 2090 816 2121 Ubi
828 2101 899 2121 cum
908 2091 1006 2121 multa
1017 2091 1162 2132 variaque
1173 2100 1227 2121 eos
1240 2095 1402 2125 terrerent,
1413 2090 1464 2120 hic
1478 2100 1574 2131 pavor

117 2144 391 2177 vehementissime
411 2144 555 2180 vexabat,
571 2155 641 2175 cum
657 2145 691 2175 in
707 2154 838 2175 ascensu
851 2145 990 2186 mugitus
1010 2144 1204 2175 excitabatur
1219 2156 1224 2174 :
1241 2155 1302 2186 quo
1313 2145 1426 2175 silente
1442 2144 1574 2185 quisque

120 2197 324 2229 libentissime
338 2198 506 2229 ascendere
516 2199 687 2229 videbatur.
710 2198 759 2229 Ac
772 2209 880 2239 peenas
889 2199 1017 2240 quidem
1028 2207 1061 2230 et
1073 2199 1229 2240 supplicia
1242 2197 1418 2241 hujusmodi
1429 2208 1575 2228 recense-

120 2251 192 2283 bat:
213 2258 305 2294 atque
324 2254 393 2284 vice
412 2263 501 2283 versa
518 2252 711 2294 ejuscemodi
727 2253 891 2284 beneficia.
920 2254 1000 2285 Cum
1015 2265 1088 2284 vero
1109 2254 1220 2284 animae
1238 2253 1302 2283 illae
1317 2253 1350 2282 in
1367 2251 1576 2292 superioribus

120 2312 370 2338 commemoratae
392 2308 425 2338 in
440 2314 530 2349 prato
547 2307 616 2338 dies
636 2313 759 2348 septem
777 2308 997 2349 requieverint,
1013 2313 1155 2349 oportere
1170 2317 1224 2338 eas
1242 2306 1367 2337 dicebat
1384 2312 1493 2336 octavo
1508 2316 1574 2335 sur-

121 2366 233 2399 gentes
248 2359 299 2390 die
313 2361 399 2391 illinc
419 2361 577 2397 recedere,
593 2367 626 2392 et
639 2368 748 2403 quarto
762 2362 888 2393 demum
901 2362 952 2393 die
967 2362 1007 2392 ad
1022 2363 1125 2393 locum
1134 2361 1270 2402 aliquem
1289 2360 1451 2401 pervenire
1466 2371 1471 2388 :
1490 2359 1574 2389 unde

119 2422 254 2453 superne
268 2424 324 2455 per
338 2419 435 2445 totum
449 2416 560 2446 caelum
574 2421 667 2456 atque
681 2422 796 2448 terram
809 2423 973 2447 extensum
985 2416 1127 2447 videatur
1140 2416 1256 2450 lumen,
1271 2420 1420 2455 tanquam
1431 2413 1575 2443 columna

120 2472 269 2503 erectum,
286 2467 344 2498 Iris
357 2468 558 2506 simillimum,
576 2470 688 2501 clarius
701 2476 806 2501 tamen
821 2481 857 2502 ac
870 2471 986 2512 purius.
1012 2470 1051 2500 In
1066 2469 1099 2500 id
1115 2469 1225 2499 diurno
1239 2468 1351 2499 itinere
1366 2466 1554 2509 processisse
1567 2477 1574 2495 ε

120 2519 299 2563 vidisseque
313 2521 357 2552 ibi
371 2522 403 2552 in
417 2523 522 2553 medio
533 2524 649 2554 lumine
663 2530 803 2555 extrema
817 2525 990 2556 caelestium
1003 2523 1187 2564 ligaminum
1201 2532 1240 2552 ex
1255 2522 1333 2552 caelo
1348 2527 1488 2552 extensa.
1504 2531 1574 2551 esse

120 2574 206 2605 enim
224 2576 328 2606 lumen
348 2575 432 2606 istud
448 2576 518 2607 eaeli
539 2577 706 2613 vinculum,
729 2578 991 2620 quemadmodum
1009 2577 1182 2608 tiiremium
1201 2576 1397 2611 subcinturae,
1417 2580 1510 2616 atque
1531 2574 1576 2606 ita

119 2627 400 2660 circumferentiam
418 2640 543 2661 omnem
562 2641 629 2662 esse
649 2638 839 2664 contentam.
861 2633 908 2663 Ex
924 2632 1064 2674 apicibus
1076 2641 1148 2662 vero
1163 2640 1347 2672 suspensum
1367 2629 1576 2660 Necessitatis

120 2680 191 2712 deae
210 2683 322 2719 fusum,
343 2694 399 2724 per
417 2694 511 2724 quem
528 2695 636 2716 omnes
656 2686 801 2718 circuitus
814 2692 1012 2728 peragantur.
1027 2686 1113 2728 cujus
1126 2685 1216 2715 hasta
1228 2684 1357 2725 quidem
1371 2689 1404 2714 et
1417 2683 1520 2725 cuspis
1535 2693 1574 2713 ex

121 2734 309 2775 adamante;
329 2738 492 2779 vertigium
512 2749 585 2770 vero
606 2750 645 2770 ex
665 2740 723 2771 hoc
743 2740 874 2782 aliisque
894 2740 1058 2782 generibus
1075 2739 1228 2770 mixtum:
1246 2738 1332 2781 cujus
1345 2743 1459 2769 natura
1471 2737 1574 2779 hujus-

123 2788 209 2820 modi
231 2790 272 2821 sit
292 2791 464 2823 secundum
484 2792 613 2834 figuram
631 2793 769 2834 quidem,
790 2795 892 2836 qualis
909 2794 993 2836 apud
1010 2805 1068 2825 nos
1085 2794 1230 2825 cemitur.
1249 2791 1573 2823 Animadvertendum

122 2846 229 2874 tamen
242 2853 281 2874 ex
293 2845 378 2876 illius
390 2856 543 2883 sermone,
558 2847 689 2889 perinde
704 2858 737 2879 se
752 2849 877 2885 habere,
893 2859 930 2880 ac
944 2850 971 2880 si
983 2849 1015 2880 in
1030 2858 1092 2879 uno
1107 2847 1242 2889 quodam
1255 2847 1360 2888 amplo
1375 2854 1573 2885 concavoque

127 2895 269 2936 vertigio,
283 2904 316 2931 et
328 2909 384 2939 per
397 2906 495 2932 totum
507 2902 638 2944 sculpto.
655 2903 757 2934 minus
768 2903 853 2935 aliud
866 2904 1030 2944 simileque
1046 2903 1197 2933 insertum
1206 2902 1320 2943 jaceat,
1336 2901 1381 2932 ita
1394 2908 1577 2940 congruens,

217 2950 305 2983 Ptue.
323 2953 377 2983 rr.
883 2957 928 2988 11.
1416 2958 1436 2985 2
1461 2954 1488 2982 (ὲ
