1840 3225
268 256 317 293 32
879 250 1146 289 PLATONIS
1640 251 1738 302 [123

268 356 452 396 existimem,
468 360 500 386 tu
515 355 587 387 item
612 354 710 396 aliud,
727 364 761 385 ac
779 353 895 385 deinde
913 354 1005 395 longe
1023 353 1262 399 dissentiamus:
1288 353 1408 385 ridiculi
1425 353 1552 395 quidem
1567 352 1737 386 existentes

269 411 373 448 ambo,
388 415 420 441 et
434 421 493 451 ego
510 410 564 450 qui
582 409 636 449 do,
652 414 684 439 ct
701 414 732 438 tu
757 409 810 450 qui
829 407 967 450 postulas
984 408 1162 445 consilium,
1178 418 1248 439 cum
1266 407 1298 438 in
1316 407 1402 438 nullo
1420 407 1553 439 invicem
1570 418 1737 439 consense-

268 465 375 496 rimus.
423 464 490 496 DE.
515 463 616 494 Recte
633 463 759 505 quidem
777 463 850 494 mihi
866 463 968 494 dicere
984 463 1109 500 videris,
1126 474 1144 492 o
1161 463 1302 494 Socrates
1317 475 1323 493 τ
1349 463 1455 504 itaque
1470 461 1647 493 faciendum
1661 472 1736 492 cen-

269 531 335 552 seo,
379 519 432 550 So.
456 517 556 560 Atqui
573 524 656 549 recte
678 517 804 558 quidem
829 528 865 548 ex
891 523 988 558 parte,
1013 528 1076 548 non
1102 523 1204 548 tamen
1229 517 1356 548 omnino
1372 516 1515 548 dicebam
1537 520 1640 547 recte:
1666 525 1735 545 nam

273 574 430 616 paulisper
446 573 478 603 id
506 576 591 602 muto
609 584 615 602 :
641 571 752 602 dubito
775 571 872 608 enim,
897 582 935 603 ne
958 572 1037 602 forte
1052 572 1102 603 bic
1125 571 1379 603 adolescentulus
1394 571 1452 602 alia
1469 570 1626 613 quaedam,
1641 579 1734 611 quam

271 639 342 669 quze
358 638 414 658 nos
431 627 584 666 rebamur,
600 626 708 668 cupiat
722 638 728 656 ε
755 626 840 667 quod
857 626 882 657 si
898 626 971 662 alia,
989 636 1044 656 nos
1060 636 1186 667 quoque
1198 626 1359 657 absurdius
1376 636 1512 657 essemus
1527 624 1567 655 de
1583 623 1644 654 alio
1659 634 1735 654 con-

270 682 430 713 sultantes.
478 680 699 712 Rectissimum
717 679 811 722 igitur
827 680 901 711 mibi
917 680 1048 717 videtur,
1063 686 1096 711 ut
1112 680 1234 711 initium
1250 680 1322 712 hinc
1339 684 1509 716 sumentes,
1524 679 1641 720 ipsum,
1658 676 1735 719 quid

269 736 390 777 cupiat,
406 735 641 776 interrogemus.
687 733 752 767 DE.
777 733 919 776 Apparet
942 733 974 764 id
990 734 1074 776 quod
1092 734 1171 764 dicis
1194 734 1346 775 optimum
1360 744 1439 765 esse.
1485 732 1540 763 So.
1565 731 1628 762 Dic
1643 730 1737 771 igitur

270 790 358 830 milri,
384 790 469 831 quod
496 789 658 831 pulchrum
686 799 800 819 nomen
826 794 873 819 est
898 788 1019 830 puero?
1043 798 1106 830 quo
1133 788 1259 819 nomine
1285 788 1387 829 ipsum
1419 785 1621 818 vocabimus?
1669 784 1736 816 Dr.

268 843 422 885 Tlreages‚
439 854 457 874 ο
474 844 628 874 Socrates.
672 842 727 873 So.
750 842 936 879 Pulchrum,
961 853 980 873 o
1006 842 1203 879 Demodoce,
1229 842 1292 872 filio
1309 852 1422 872 nomen
1439 839 1626 882 imposuisti.
1669 839 1732 870 Sed

268 901 300 927 tu
325 897 377 928 dic
405 897 492 934 milri,
515 897 670 939 Tlieage5‚
697 897 828 939 cupisne
852 896 977 938 sapiens
1000 897 1087 927 esse?
1113 908 1148 929 ac
1173 897 1302 939 dignum
1327 896 1482 928 existimas
1498 906 1577 931 esse,
1595 899 1629 925 ut
1647 899 1734 936 pater

267 951 318 982 hic
335 956 405 982 tuus
422 952 518 982 virum
535 951 687 988 inveniat,
703 952 755 993 qui
773 957 803 982 te
819 961 873 981 sua
889 951 1116 982 consuetudine
1132 950 1306 993 sapientem
1324 950 1454 982 reddat?
1502 949 1590 980 Tne.
1614 948 1733 990 Cupio.

265 1004 322 1036 So.
345 1005 508 1047 Sapientes
535 1011 638 1036 autem
666 1011 767 1036 utrum
793 1016 886 1036 vocas
913 1005 1052 1036 homines
1081 1005 1242 1037 scientiam
1274 1006 1436 1042 habentes,
1461 1013 1658 1046 quaecunque
1681 1002 1735 1033 illa

264 1059 339 1099 sint,
354 1071 424 1101 quae
435 1060 578 1091 scierint:
596 1060 718 1091 necne?
741 1059 827 1091 Tne.
846 1059 987 1091 seientes
999 1059 1159 1101 equidem.
1183 1060 1239 1091 So,
1257 1059 1344 1096 Quid
1358 1059 1462 1100 igitur,
1479 1068 1584 1089 nonne
1600 1063 1630 1088 te
1647 1062 1734 1099 pater

266 1114 406 1155 edocuit!
423 1124 493 1155 quae
510 1114 561 1144 hic
578 1114 729 1144 nobilium
748 1112 880 1143 virorum
899 1112 956 1144 filii
972 1113 1145 1144 docentur?
1163 1112 1283 1144 scilicet
1298 1113 1414 1149 literas,
1429 1113 1579 1144 citharam
1598 1111 1733 1153 pulsare,

267 1167 442 1208 palaestram
459 1173 490 1198 et
506 1167 568 1198 alia
583 1167 773 1199 certamina?
818 1166 906 1199 Tne„
924 1167 1054 1199 Docuit.
1085 1167 1140 1198 So.
1159 1167 1256 1198 Putas
1273 1173 1421 1208 praeterea
1438 1167 1536 1209 [123]
1557 1165 1663 1207 aliqua
1675 1165 1734 1196 sci-

263 1222 349 1252 entia
365 1221 515 1263 indigere,
533 1222 573 1252 de
589 1232 652 1264 qua
667 1232 771 1253 curam
789 1222 944 1263 suscipere
961 1222 1006 1252 tui
1022 1232 1113 1253 causa
1131 1227 1251 1264 patrem
1267 1221 1401 1253 deceat?
1434 1221 1522 1252 Tne.
1545 1220 1640 1251 Puto.
1676 1220 1733 1250 So.

266 1277 347 1313 Quae
363 1282 410 1306 est
425 1276 624 1318 igituripsa?
648 1275 700 1307 dic
727 1276 829 1318 nobis,
856 1281 891 1306 ut
918 1276 975 1307 tibi
1003 1276 1222 1318 gratificentur.
1266 1276 1353 1306 THE.
1377 1275 1476 1306 Novit
1499 1281 1532 1306 et
1555 1275 1624 1311 iste,
1641 1285 1659 1304 ο
1675 1274 1737 1304 So-

260 1335 371 1367 crates,
388 1330 535 1372 quoniam
553 1341 691 1372 persaepe
719 1330 764 1361 illi
781 1331 917 1362 enarravi
932 1343 941 1370 5
966 1332 1020 1362 sed
1038 1332 1078 1362 de
1104 1331 1258 1363 indusuia
1274 1332 1339 1362 haec
1356 1341 1440 1361 nunc
1464 1335 1566 1361 tecum
1583 1329 1734 1370 loquitur,

261 1384 352 1424 quasi
379 1383 509 1424 nesciat,
535 1395 605 1426 quae
630 1385 778 1426 cupiam:
804 1386 863 1418 hoc
890 1385 972 1417 enim
1000 1386 1093 1416 modo
1118 1391 1151 1417 et
1175 1386 1208 1417 in
1234 1385 1302 1416 aliis
1331 1385 1436 1416 multis
1458 1394 1578 1415 mecum
1601 1389 1732 1425 pugnata

263 1448 366 1479 neque
383 1438 450 1469 vult
466 1438 560 1470 alicui
576 1450 625 1470 me
642 1441 773 1471 tradere.
819 1441 874 1471 So.
899 1440 998 1482 Atqui
1013 1451 1083 1482 quae
1099 1441 1253 1471 hactenus
1267 1441 1414 1470 adversus
1430 1440 1514 1470 hunc
1529 1439 1584 1469 abs
1600 1444 1630 1469 te
1646 1438 1733 1470 dicta

263 1497 346 1528 sunt,
361 1493 490 1523 testibus
506 1499 613 1524 carent
627 1505 635 1526 :
651 1504 733 1526 nuuc
746 1499 848 1525 autem
861 1506 909 1525 me
922 1495 1036 1526 adhibe
1049 1500 1171 1531 testem,
1184 1500 1279 1536 atque
1291 1504 1393 1525 coram
1406 1504 1455 1524 me
1471 1493 1577 1524 denuo
1593 1503 1731 1524 recense.

263 1546 417 1583 Quaenam
434 1552 481 1577 est
504 1548 569 1578 haec
593 1548 757 1589 sapientia,
781 1558 872 1589 quam
896 1549 1043 1590 appetis?
1088 1548 1172 1589 Age,
1195 1548 1220 1578 si
1247 1558 1377 1590 cuperes
1398 1558 1479 1585 earu,
1504 1557 1566 1589 qua
1591 1547 1732 1578 homines

263 1600 388 1641 navigia
403 1601 588 1641 gubernant,
605 1606 635 1631 et
652 1612 710 1642 ego
729 1607 757 1633 te
775 1612 926 1643 rogarem,
949 1613 1098 1644 quanam,
1114 1615 1132 1633 o
1148 1602 1304 1643 Tlieages,
1319 1602 1474 1643 sapientia
1488 1601 1635 1643 indigens
1652 1601 1732 1642 patri

264 1664 441 1695 succenseS‚
455 1655 538 1695 quod
557 1659 587 1685 te
603 1656 687 1696 apud
705 1656 840 1698 aliquos,
854 1667 872 1687 a
887 1657 1001 1698 quibus
1017 1657 1142 1698 sapiens
1155 1657 1303 1694 reddaris,
1315 1656 1421 1687 sistere
1437 1656 1539 1686 nolit?
1563 1665 1729 1696 quamnam

261 1707 362 1748 ipsam
391 1719 458 1739 esse
489 1710 716 1750 responderes?
742 1721 846 1741 nonne
876 1711 1148 1752 gubernatoriam?
1194 1711 1284 1742 Tne.
1309 1710 1415 1743 Certe.
1461 1710 1517 1741 So.
1541 1709 1596 1741 Sin
1627 1715 1731 1740 autern

261 1761 344 1793 illius
359 1773 488 1804 cuperes
505 1763 660 1794 eruditum
677 1768 706 1794 te
724 1764 800 1800 fieri,
825 1776 887 1806 qua
903 1776 1008 1796 currus
1025 1772 1184 1807 reguntur,
1201 1778 1237 1798 ac
1262 1767 1340 1808 patri
1356 1777 1562 1801 succensereS,
1581 1777 1641 1807 ego
1659 1777 1730 1797 rero

261 1816 492 1857 interrogarem,
509 1828 652 1859 quaenam
670 1824 750 1850 esset
766 1820 832 1850 lraee
849 1820 1016 1861 sapientia,
1042 1831 1147 1851 nonne
1161 1821 1342 1862 aurigariam
1367 1821 1597 1862 responderes?
1640 1821 1729 1852 Tne.

261 1869 392 1911 Utique.
438 1871 493 1903 So.
518 1872 621 1908 Quam
638 1872 731 1913 igitur
747 1883 830 1904 nunc
845 1873 958 1914 cupis?
1007 1874 1118 1905 Utrum
1135 1874 1217 1905 illam
1233 1875 1359 1916 quidem
1376 1875 1471 1912 nosti,
1487 1885 1600 1905 nomen
1624 1880 1728 1906 autem

259 1924 382 1965 ignoras
396 1926 406 1955 ?
432 1926 480 1956 vel
497 1937 609 1957 nomen
626 1927 720 1958 etiam
737 1927 806 1970 ejus
824 1928 918 1959 habes
932 1928 943 1958 ?
986 1928 1074 1960 Tru-2.
1099 1927 1140 1958 Et
1155 1940 1270 1960 nomen
1286 1929 1445 1970 equidem.
1490 1929 1544 1961 SO.
1569 1928 1631 1960 Dic
1642 1939 1728 1970 ergo.

257 1979 332 2019 quid
350 1984 407 2009 est.
451 1980 537 2011 Tun.
561 1982 656 2018 Quod
682 1982 767 2012 aliud
794 1993 908 2013 nomen
925 1983 999 2014 huic
1018 1994 1189 2024 congruere
1204 1984 1274 2025 quis
1299 1984 1429 2021 diceret,
1455 1995 1474 2014 o
1498 1983 1652 2021 Socrates,
1668 1984 1727 2014 nisi

258 2032 468 2074 sapientiam?
514 2034 569 2066 So.
592 2035 709 2066 Nonne
722 2036 815 2067 etiam
832 2037 983 2079 aurigaria
1000 2037 1155 2079 sapientia
1170 2038 1240 2069 est?
1265 2049 1303 2068 an
1319 2038 1492 2079 ignorantia
1511 2038 1566 2069 tibi
1584 2038 1730 2069 videtur?

259 2086 347 2118 Tne.
371 2087 470 2119 Nullo
488 2089 592 2120 modo.
639 2091 695 2121 So.
717 2090 769 2122 An
794 2102 856 2122 non
880 2092 1061 2134 sapientia?
1105 2093 1190 2123 Tne.
1214 2094 1386 2135 Sapientia.
1430 2094 1484 2125 So.
1509 2094 1581 2131 Qua
1597 2094 1635 2125 ad
1653 2094 1729 2136 quid

260 2141 402 2172 utimur?
426 2153 498 2173 num
523 2154 585 2185 qua
601 2144 714 2175 scimus
730 2156 879 2187 equorum
892 2146 971 2188 juga
987 2148 1115 2188 regere?
1161 2148 1248 2179 Tne.
1273 2148 1432 2180 Profecto,
1478 2149 1532 2179 So.
1556 2148 1600 2179 At
1616 2148 1728 2189 guber-

259 2196 381 2226 natoria
396 2207 501 2228 nonne
518 2204 549 2228 et
566 2198 632 2239 ipsa
649 2199 802 2240 sapientia
818 2201 888 2232 cst?
935 2201 1023 2233 THE.
1048 2202 1132 2233 Mihi
1144 2202 1271 2244 quidem
1286 2202 1417 2234 videtur.
1463 2202 1519 2234 SO.
1545 2201 1629 2233 Num
1647 2207 1678 2233 et
1688 2213 1726 2233 ea

258 2255 317 2287 est,
333 2261 395 2292 qua
411 2262 505 2282 naves
522 2254 755 2294 gubernamus?
800 2255 887 2288 Tun.
909 2255 956 2286 Ea
985 2256 1103 2298 utique.
1150 2257 1205 2288 So.
1229 2256 1275 2287 Ea
1303 2267 1384 2293 ver0,
1408 2267 1499 2298 quarn
1524 2267 1607 2288 nunc
1624 2262 1729 2298 optas,

258 2314 401 2345 quaenam
418 2306 572 2347 sapientia
588 2308 657 2339 est?
681 2309 797 2350 quidve
813 2310 866 2340 illa
884 2310 997 2341 scimus
1013 2310 1247 2342 administrare?
1292 2311 1378 2342 Τιιε.
1403 2311 1484 2342 Mihi
1500 2311 1626 2352 quidem
1640 2311 1728 2342 vide-

257 2363 305 2388 tur
334 2369 383 2396 ea,
413 2370 476 2401 qua
501 2361 613 2392 scimus
640 2363 818 2394 bominibus
847 2364 1007 2405 imperare.
1055 2365 1111 2397 So.
1136 2364 1220 2396 Num
1251 2375 1314 2407 qua
1344 2365 1591 2406 axgrorantibus?
1635 2365 1724 2398 Tur-:-

257 2413 405 2446 Minime.
451 2415 506 2447 So.
531 2416 606 2457 Ipsa
621 2417 702 2448 enim
729 2418 884 2449 medicina
900 2425 959 2456 est,
976 2420 1104 2451 nonne?
1150 2420 1238 2451 Tne.
1261 2419 1331 2451 Est.
1374 2421 1429 2451 So.
1452 2419 1497 2451 At
1521 2430 1584 2461 qua
1610 2429 1726 2451 canen-

257 2467 340 2498 tibus
365 2468 479 2499 scimus
510 2470 541 2500 in
573 2471 675 2501 choris
706 2472 874 2513 praecipere
889 2473 900 2503 ?
944 2473 1031 2504 Tne.
1056 2473 1274 2516 Nequaquam.
1320 2474 1376 2505 So.
1400 2474 1525 2506 Musica
1551 2473 1636 2505 enim
1665 2479 1724 2506 est.

255 2519 343 2551 Tun.
368 2522 428 2554 lta.
473 2522 528 2554 So.
553 2523 615 2555 Sed
641 2531 740 2556 utrum
766 2526 829 2563 illa,
852 2537 915 2568 qua
937 2528 1128 2558 certantibus
1152 2528 1321 2569 praecipere
1338 2529 1504 2560 novimus?
1547 2528 1634 2560 Tur-2.
1657 2527 1725 2559 Ne-

255 2584 424 2615 quaquam.
471 2577 528 2608 So.
553 2578 762 2619 Gymnastica
785 2581 867 2611 enim
890 2587 948 2612 est.
993 2582 1079 2612 Tne.
1103 2581 1170 2613 Est.
1214 2583 1269 2613 So.
1295 2583 1410 2614 Verum
1434 2594 1496 2626 qua
1512 2583 1588 2624 quid
1605 2582 1724 2613 facien-

256 2627 352 2664 tibus,
380 2639 493 2660 conare
522 2633 691 2673 exprimere
718 2633 774 2671 sic,
804 2635 1068 2676 quemadmodum
1086 2635 1119 2666 in
1144 2637 1355 2677 superioribus
1379 2637 1446 2678 ipse
1471 2637 1602 2667 narravi.
1625 2635 1723 2678 [124]

255 2679 343 2714 Tne.
367 2682 451 2713 Mihi
469 2684 561 2724 plane
579 2686 700 2717 videtur
716 2698 764 2724 ea,
783 2698 844 2729 qua
860 2689 932 2726 illis,
949 2690 1083 2731 quisunt
1096 2689 1127 2720 in
1142 2690 1281 2727 civitate,
1295 2691 1485 2733 praecipitur.
1528 2690 1583 2723 So,
1606 2690 1722 2722 Nonne

256 2734 290 2764 in
313 2736 440 2767 civitate
456 2737 550 2768 etiam
569 2740 677 2780 mgroti
694 2747 766 2771 sunt
781 2742 791 2771 ?
836 2741 921 2772 Tun
946 2742 1024 2773 Sunt
1041 2744 1167 2784 quidem
1185 2756 1193 2782 ;
1218 2745 1270 2775 sed
1288 2756 1351 2775 non
1367 2745 1432 2776 istis
1450 2743 1548 2775 solum
1565 2744 1649 2781 dico,
1672 2755 1725 2776 vc-

254 2799 320 2818 rum
336 2790 492 2828 omnibus,
509 2791 562 2832 qui
591 2794 765 2826 incivitate
794 2801 966 2827 versantur.
1013 2797 1070 2828 So.
1095 2797 1242 2839 Intelligo
1267 2809 1358 2840 quam
1382 2803 1478 2829 artem
1496 2797 1585 2830 dicis.
1608 2799 1722 2829 videris

254 2843 336 2873 enim
362 2855 424 2874 non
440 2856 519 2882 eam,
537 2856 598 2887 qua
615 2858 746 2888 pra-csse
763 2850 904 2881 novimus
921 2851 1109 2882 metentibus
1125 2858 1179 2882 aut
1203 2852 1467 2883 vindemiantibus
1483 2858 1536 2884 aut
1554 2852 1724 2894 plantanti-

255 2898 310 2927 bus
326 2903 379 2927 aut
403 2900 574 2930 serentibus
591 2907 644 2931 aut
664 2903 876 2935 triturantibus
893 2917 899 2934 :
928 2905 998 2946 ipsa
1021 2906 1115 2942 enim,
1133 2917 1187 2947 per
1210 2917 1303 2948 qnam
1318 2907 1356 2938 iis
1372 2907 1572 2948 imperamus,
1588 2907 1723 2949 agricul-

255 2956 321 2981 tura
338 2957 395 2985 est.
440 2952 527 2985 Tul-3.
554 2954 622 2985 Est.
670 2958 724 2987 So.
750 2957 862 3000 Neque
891 2969 992 2990 rursus
1009 2970 1070 3000 qua
1086 2961 1265 2993 secantibus
1291 2960 1338 2992 vel
1358 2961 1584 3004 perforantibus
1601 2961 1648 2992 vel
1666 2972 1722 3003 po-
