1840 3225
198 189 298 240 738]
675 187 748 226 DE
778 185 1007 224 LEGIBUS
1040 188 1138 227 LIB.
1170 187 1217 226 V.
1570 189 1642 226 341

196 296 232 321 ut
247 291 384 322 colamus
394 291 546 333 justitiam
562 299 664 331 neque
679 288 862 329 acquirendi
877 288 1080 328 cupiditatem
1097 300 1274 331 sequamur.
1297 294 1392 332 atque
1405 290 1464 321 hoc
1477 288 1543 330 jam
1556 289 1648 320 nobis

195 345 285 386 quasi
299 345 457 387 quoddam
472 344 607 375 civitatis
631 342 874 373 sustentaculum
905 347 938 372 et
965 343 1144 383 praesidium
1167 344 1209 374 sit
1230 344 1405 375 fundatum.
1428 353 1539 374 census
1549 343 1647 380 enim,

196 410 275 440 quos
289 400 347 430 sibi
361 400 446 430 cives
462 397 648 440 paraverint,
664 401 790 427 careant
806 394 1037 436 quodammodo
1054 396 1181 427 crimine
1197 404 1329 438 oportet,
1344 398 1392 428 vel
1406 398 1534 428 ulterius
1548 397 1581 428 in
1594 407 1648 429 ac-

195 454 347 495 quirendo
373 453 519 495 progredi
540 452 621 482 uitro
642 450 806 486 desistant,
821 450 934 491 quibus
948 450 1081 481 invicem
1097 458 1204 481 vetera
1215 452 1345 482 crimina
1357 452 1521 487 habentur,
1535 452 1650 492 quique

192 509 243 539 vel
256 509 382 550 paulum
399 507 513 537 mentis
527 510 688 546 compotes
698 505 772 535 sint.
793 504 841 535 illi
864 510 979 540 autem,
996 505 1108 545 quibus
1123 505 1211 535 Deus
1225 505 1324 541 dedit,
1341 506 1602 547 quemadmodum
1617 512 1651 537 et

193 563 294 600 nobis,
308 573 396 593 novae
408 561 542 592 civitatis
555 559 820 594 constitutionem,
836 559 868 589 in
883 569 946 600 qua
959 560 1053 589 nullae
1079 559 1251 590 inimicitiae
1276 566 1359 594 sunt,
1385 560 1412 590 si
1439 566 1566 600 propter
1591 562 1648 591 ba-

193 617 379 647 bitationum
406 623 608 656 agrorumque
637 613 886 644 distributionem
915 613 1151 644 inimicitiarum
1184 614 1243 644 sibi
1271 624 1381 645 causas
1403 613 1558 650 dederint,
1582 625 1647 646 non

193 671 337 701 humanae
363 669 527 710 cujusdam
551 669 605 699 sed
628 668 774 710 pessimae
799 668 983 709 ignorantia²
998 668 1127 698 crimine
1143 668 1343 698 notabuntur.
1388 668 1467 705 Quis
1481 668 1649 709 eritigitur

193 730 284 756 rectae
312 723 538 754 distributionis
565 723 698 754 modus?
722 722 858 764 primum
876 722 1015 763 quidem,
1042 728 1193 764 quantrun
1208 732 1275 753 esse
1303 727 1455 763 oporteat,
1482 732 1649 753 numerum

191 777 444 809 constituendum
461 788 593 808 censeo:
620 777 734 808 deinde
750 776 1003 813 asseverandum,
1020 787 1075 818 per
1091 778 1174 818 quod
1188 777 1358 818 qualesque
1382 782 1486 818 partes
1500 777 1648 807 distribu-

191 832 236 862 tio
252 832 293 863 sit
304 832 422 862 civibus
434 831 578 863 facienda
592 844 599 862 :
624 837 781 873 postremo
795 842 884 873 agros
899 831 1170 873 habitationesque
1185 831 1268 872 ipsas
1284 831 1445 873 aequaliter
1457 841 1550 872 quam
1562 842 1649 862 max-

190 885 253 917 ime
265 896 270 900 ·
281 886 497 918 dividendum.
519 893 636 927 quanta
661 893 765 917 autem
793 886 959 917 multitudo
985 886 1143 917 sufficiens
1168 886 1219 922 sit,
1244 897 1308 917 non
1321 887 1411 917 aliter
1425 892 1507 917 recte
1523 886 1649 923 dicitur,

190 950 287 981 quam
307 951 450 981 agrorum
464 938 698 982 vicinarumque
720 941 880 972 civitatum
897 941 1076 972 collatione.
1120 940 1207 982 Ager
1219 941 1348 982 quidem
1361 947 1465 971 tantus
1488 940 1541 977 sit,
1553 945 1587 971 ut
1600 946 1649 972 tot

191 994 362 1026 moderatis
374 995 552 1027 hominibus
561 996 703 1032 sufficiat,
720 1007 821 1038 neque
837 996 949 1037 majori
965 1006 1054 1037 opus.
1078 1001 1125 1026 tot
1134 1006 1208 1026 vero
1223 1006 1292 1026 esse
1305 996 1431 1032 debent,
1444 1001 1480 1026 ut
1493 995 1647 1037 injurian-

190 1053 237 1078 tes
263 1049 382 1080 vicinos
406 1051 528 1091 possint
552 1051 723 1091 depellere,
741 1057 773 1081 et
797 1051 943 1092 injuriam
968 1051 1159 1091 patientibus
1185 1050 1338 1081 auxiliari.
1359 1050 1406 1080 his
1430 1050 1590 1091 inspectis,
1615 1055 1648 1081 et

190 1111 299 1144 agrum
325 1110 358 1134 et
381 1104 499 1135 vicinos
519 1115 613 1146 opere
635 1105 799 1145 verbisque
814 1105 1010 1135 definiemus.
1029 1115 1114 1136 nunc
1126 1116 1200 1136 vero
1215 1105 1353 1146 exempli
1368 1104 1650 1145 descriptionisque

190 1167 294 1194 causa,
308 1163 344 1188 ut
356 1169 406 1189 res
420 1159 489 1199 ipsa
503 1159 692 1200 perficiatur,
705 1160 743 1190 ad
760 1159 922 1190 ferendam
936 1160 1040 1200 legem
1062 1170 1163 1190 sermo
1188 1159 1371 1190 descendat.
1392 1159 1539 1200 quinquis
1558 1159 1648 1190 mille

188 1216 221 1241 et
235 1212 443 1254 quadraginta
456 1214 519 1244 sint
533 1214 749 1244 convenientis
766 1213 930 1254 cujusdam
953 1214 1075 1243 numeri
1097 1214 1198 1255 gratia
1223 1224 1365 1255 agrorum
1389 1213 1558 1254 participes
1581 1213 1647 1243 dis-

185 1265 426 1306 tributionisque
453 1267 648 1298 defensores.
678 1277 753 1308 ager
775 1273 882 1298 autem
907 1273 939 1297 et
967 1267 1176 1297 habitationes
1199 1269 1343 1297 similiter
1357 1267 1484 1297 easdem
1496 1268 1527 1297 in
1539 1271 1647 1308 partes

184 1319 420 1356 distribuantur,
444 1324 479 1350 ut
501 1321 551 1351 vir
575 1326 608 1350 et
627 1322 730 1360 portio
754 1332 826 1352 cum
851 1321 1070 1351 distributione
1085 1321 1286 1351 conveniant.
1308 1326 1340 1351 et
1353 1321 1508 1362 imprimis
1519 1321 1598 1352 duas
1610 1322 1645 1353 in

185 1377 291 1414 partes
306 1373 400 1403 totius
413 1374 537 1404 numeri
548 1374 675 1414 partitio
683 1374 748 1410 fiat,
764 1373 879 1405 deinde
895 1375 928 1404 in
943 1383 1008 1405 tres
1025 1386 1032 1403 :
1057 1374 1132 1406 licet
1153 1380 1187 1405 et
1210 1375 1241 1405 in
1257 1380 1366 1416 quarta
1382 1380 1415 1406 et
1428 1376 1462 1406 in
1478 1376 1598 1416 quinta,
1613 1380 1649 1407 et

186 1435 284 1468 usque
296 1427 335 1457 ad
352 1426 464 1458 decem
477 1427 639 1468 deinceps.
655 1434 779 1469 oportet
793 1434 877 1459 certe
893 1439 1019 1458 omnem
1032 1428 1243 1469 legislatorem
1254 1434 1378 1460 tantum
1393 1429 1433 1460 de
1453 1430 1588 1461 numeris
1599 1431 1649 1461 in-

187 1481 341 1523 telligere,
379 1481 476 1523 [738]
509 1487 545 1512 ut
568 1482 638 1523 quis
660 1482 823 1523 qualisque
849 1492 996 1512 numerus
1014 1483 1148 1522 singulis
1172 1484 1353 1514 civitatibus
1377 1484 1650 1516 commodissimus

185 1536 240 1576 sit,
254 1546 316 1567 non
329 1535 464 1577 ignoret.
485 1535 627 1567 dicamus
641 1542 748 1567 autem
760 1547 831 1566 eum
846 1547 1022 1573 numerum,
1039 1537 1093 1577 qui
1104 1536 1254 1577 plurimas
1269 1543 1301 1568 et
1313 1538 1486 1578 praesertim
1496 1538 1649 1580 deinceps

185 1590 294 1622 ordine
307 1589 472 1632 dispositas
485 1590 518 1620 in
532 1600 566 1621 se
578 1590 649 1631 ipso
661 1590 894 1621 distributiones
919 1591 1044 1631 recipit.
1064 1600 1156 1632 porro
1176 1592 1342 1622 universus
1367 1603 1517 1623 numerus
1538 1603 1645 1625 omnes

185 1644 221 1675 in
249 1645 353 1675 omnia
379 1645 565 1686 partitiones
587 1644 693 1675 habet.
716 1644 774 1675 sed
794 1645 959 1686 quinquies
980 1645 1113 1675 millium
1128 1650 1160 1676 et
1175 1646 1382 1687 quadraginta
1395 1657 1542 1678 numerus
1556 1653 1588 1678 et
1604 1648 1646 1679 ad

187 1697 303 1728 bellum
327 1704 360 1730 et
384 1698 426 1729 ad
446 1709 570 1740 pacem,
585 1699 625 1729 ad
650 1699 806 1729 contraria
818 1699 933 1735 omnia,
945 1699 1123 1737 societates,
1136 1700 1262 1736 tributa,
1277 1700 1522 1738 distributiones,
1537 1713 1600 1733 non
1614 1702 1647 1734 in

186 1753 303 1794 plures,
318 1763 412 1794 quam
425 1763 521 1784 unam
536 1753 577 1784 de
591 1753 754 1795 sexaginta
769 1760 872 1795 partes
887 1754 987 1785 incidi
1001 1759 1106 1796 potest
1119 1767 1126 1785 z
1173 1754 1298 1796 (Aliter
1312 1755 1435 1796 legitur.
1451 1756 1484 1786 in
1500 1757 1648 1798 sexagin-

188 1812 223 1838 ta
248 1812 352 1848 partes
378 1818 443 1839 una
464 1809 627 1840 dumtaxat
651 1809 830 1850 indigentes
852 1809 952 1840 incidi
973 1811 1108 1850 potest.)
1123 1809 1162 1840 ab
1177 1819 1240 1840 una
1251 1815 1358 1840 autem
1369 1809 1410 1840 ad
1422 1811 1535 1841 decem
1547 1821 1646 1852 usque

187 1861 365 1893 continuas.
386 1872 494 1893 vemm
507 1862 541 1893 in
554 1863 621 1894 otio
636 1863 705 1893 haec
717 1863 781 1893 illis
796 1863 926 1893 firmiter
941 1863 1109 1905 capienda,
1122 1863 1235 1904 quibus
1256 1864 1326 1905 lege
1341 1874 1389 1894 res
1405 1864 1464 1895 ista
1480 1865 1646 1897 commissa

186 1915 238 1946 sit.
260 1921 355 1957 atque
368 1917 436 1948 haec
449 1927 516 1948 non
531 1917 623 1948 aliter
637 1927 730 1958 quam
744 1917 789 1948 ita
803 1928 837 1948 se
850 1917 978 1948 habent.
992 1917 1128 1949 dicenda
1143 1919 1209 1949 haec
1225 1924 1297 1949 sunt
1311 1919 1403 1960 hujus
1417 1919 1463 1949 rei
1475 1919 1575 1960 gratia
1585 1919 1646 1956 illi,

187 1968 244 2011 qui
269 1970 428 2001 civitatem
450 1971 568 2002 condit.
589 1981 705 2012 nempe
721 1971 786 2002 sive
803 1972 842 2002 ab
857 1972 948 2003 initio
965 1982 1075 2003 novam
1092 1972 1204 2003 fundet
1219 1983 1274 2003 seu
1287 1978 1427 2004 veterem
1441 1972 1642 2014 dissipatam-

186 2034 248 2065 que
268 2025 423 2062 restituat,
449 2025 533 2056 circa
556 2024 644 2057 Deos
658 2031 691 2057 et
704 2036 800 2062 sacra,
815 2037 885 2068 quae
898 2026 1028 2067 singulis
1041 2027 1146 2058 statim
1161 2027 1194 2058 in
1208 2027 1336 2058 civitate
1351 2027 1473 2064 deceat,
1487 2033 1520 2058 et
1534 2039 1552 2058 a
1573 2028 1644 2069 qui-

185 2079 367 2121 buscunque
380 2079 449 2110 Diis
464 2080 513 2110 vel
530 2078 723 2111 daemonibus
734 2081 901 2118 nominari,
916 2091 1009 2112 nemo
1021 2081 1135 2112 mentis
1149 2092 1278 2123 compos
1293 2082 1440 2113 innovare
1451 2082 1506 2113 illa
1517 2083 1646 2114 conabi-

185 2138 246 2170 tur,
268 2144 339 2175 quae
365 2145 403 2165 ex
430 2133 565 2175 Delphis
585 2141 638 2164 aut
652 2134 789 2166 Dodone
804 2141 857 2166 aut
879 2135 1056 2166 Hammone
1080 2141 1213 2178 accepta
1226 2141 1309 2173 sunt,
1324 2137 1375 2167 vel
1391 2136 1492 2178 prisca
1507 2137 1645 2179 quadam

185 2188 327 2219 oratione
348 2198 406 2230 per
420 2189 557 2220 visiones
581 2189 864 2231 inspirationesque
891 2191 1035 2221 Deorum
1060 2197 1133 2222 sunt
1157 2196 1294 2221 asserta:
1328 2191 1440 2232 quibus
1465 2193 1645 2233 approbatis

187 2246 310 2273 veteres
322 2251 412 2273 sacra
425 2242 666 2274 solennitatibus
678 2244 777 2275 mixta
791 2245 1021 2282 constituerint,
1037 2246 1101 2276 sive
1117 2245 1155 2276 ab
1171 2245 1330 2286 indigenis
1341 2251 1410 2276 orta
1423 2246 1488 2277 sive
1509 2246 1650 2288 Tyrrena

187 2295 333 2327 dicantur
355 2297 422 2327 sive
444 2297 562 2339 Cypria
581 2297 647 2328 sive
659 2298 868 2340 undecunque
884 2299 1028 2331 volueris.
1049 2304 1082 2331 et
1097 2300 1144 2331 his
1159 2300 1352 2330 sermonibus
1365 2300 1479 2331 samam
1498 2301 1645 2333 traditam

187 2349 414 2391 simulacraque
438 2352 661 2389 consecrarint,
686 2362 752 2384 aras
771 2364 895 2396 quoque
919 2359 953 2384 et
975 2355 1095 2395 templa
1110 2364 1273 2395 sacrosque
1290 2354 1397 2384 horum
1412 2355 1544 2396 singulis
1558 2366 1650 2397 agros

186 2403 363 2435 statuerint.
387 2403 419 2434 in
443 2404 492 2434 his
505 2405 646 2436 omnibus
660 2417 719 2438 nec
732 2407 899 2451 minimum
913 2408 990 2449 quid
1003 2409 1106 2449 legum
1118 2409 1259 2439 conditor
1273 2408 1445 2439 innovabit.
1466 2409 1522 2440 sed
1539 2410 1647 2443 Deum

186 2457 328 2498 partibus
341 2457 470 2498 singuiis
482 2459 535 2489 vel
547 2459 723 2492 daemonem
740 2461 787 2492 vel
804 2462 930 2494 heroem
949 2462 1086 2504 aliquem
1102 2462 1227 2493 tribuet.
1250 2467 1282 2492 et
1296 2463 1328 2493 in
1343 2473 1483 2503 agrorum
1499 2463 1647 2497 distribu-

187 2511 271 2542 tione
298 2511 406 2553 primis
419 2513 507 2544 lucos
521 2523 671 2555 agrosque
684 2515 816 2546 eximios
830 2521 863 2547 et
875 2521 1087 2548 consentanea
1101 2516 1206 2547 omnia
1219 2516 1390 2552 dedicabit,
1405 2522 1440 2548 ut
1456 2518 1645 2560 singularum

186 2564 323 2606 partium
338 2570 447 2601 emtus,
463 2567 588 2596 statutis
601 2567 677 2598 sacti
689 2569 892 2611 temporibus,
908 2576 941 2601 et
956 2571 1138 2601 facultatem
1150 2570 1197 2600 sui
1211 2569 1335 2600 facilius
1349 2571 1388 2601 ad
1402 2572 1558 2612 quoslibet
1571 2585 1648 2605 usus

187 2618 365 2656 exhibeant,
380 2626 412 2650 et
427 2620 630 2651 sacrificando
646 2623 726 2652 alter
741 2623 872 2654 alterum
888 2625 1022 2664 benigne
1035 2624 1210 2665 accipiant:
1234 2624 1319 2655 unde
1342 2630 1374 2656 et
1385 2626 1550 2658 domestici
1565 2628 1645 2659 fiant

183 2672 321 2704 invicem
342 2684 440 2715 seque
461 2681 663 2715 cognoscant.
685 2687 747 2717 quo
769 2677 898 2718 quidem
920 2679 997 2709 nihii
1022 2678 1140 2709 civitati
1171 2678 1294 2715 melius,
1316 2689 1411 2720 quam
1438 2681 1586 2713 videlicet
1607 2687 1643 2713 ut

186 2726 270 2757 cives
285 2727 419 2759 invicem
433 2739 527 2770 seque
544 2736 745 2770 cognoscant.
771 2731 823 2762 ubi
839 2733 923 2763 enim
936 2744 1001 2764 non
1016 2733 1069 2763 lux
1085 2733 1166 2763 inter
1181 2732 1265 2763 cives
1276 2734 1366 2764 estin
1380 2744 1486 2765 eorum
1498 2736 1646 2773 moribus,

188 2780 243 2810 sed
257 2781 404 2818 tenebrae,
429 2783 474 2814 ibi
495 2793 556 2814 nec
580 2784 713 2815 honores
726 2795 783 2826 pro
800 2785 956 2828 dignitate
972 2797 1074 2829 neque
1089 2787 1285 2828 magistratus
1299 2794 1384 2820 recte
1399 2789 1565 2826 dabuntur,
1587 2801 1644 2821 ne-

188 2844 249 2875 que
271 2834 324 2876 jus
346 2846 435 2868 suum
458 2838 572 2880 cuique
592 2839 685 2870 tribui
714 2841 839 2881 poterit.
859 2841 936 2872 nihii
953 2847 1000 2872 cst
1015 2847 1129 2878 autem,
1145 2842 1171 2872 si
1186 2853 1283 2873 unum
1299 2843 1353 2873 uni
1367 2843 1517 2881 conferas,
1533 2845 1564 2875 in
1579 2855 1644 2886 quo

189 2888 289 2931 majus
298 2889 434 2923 studium
447 2891 481 2924 in
494 2892 638 2926 omuibus
650 2893 829 2927 civitatibus
844 2906 960 2938 ponere
973 2895 1104 2939 quisquc
1121 2896 1245 2935 debeat,
1261 2908 1354 2940 quam
1369 2897 1402 2930 in
1419 2899 1477 2935 hoc
1493 2909 1500 2929 ε
1525 2903 1560 2930 ut
1582 2909 1643 2931 nec
