1840 3225
267 237 344 275 374
824 239 1087 280 PLATONIS
1609 241 1703 292 [808

264 338 421 370 viventem
442 340 598 371 hominem
621 341 652 371 in
675 341 708 372 id
731 342 869 379 tandem,
892 343 978 385 quod
1010 343 1068 373 sibi
1099 343 1255 379 convenit,
1285 353 1347 374 non
1373 343 1538 374 incurrere.
1555 332 1707 374 convenit

263 397 368 423 autem
382 393 483 425 desidi
497 395 652 436 obesoque
668 406 725 438 per
737 397 880 428 inertiam
896 397 1033 433 animali,
1050 402 1085 427 ut
1099 397 1138 427 ab
1153 397 1215 427 alio
1226 397 1382 428 laboribus
1392 397 1561 428 exercitato
1571 401 1604 427 et
1617 396 1708 438 quasi

261 451 428 478 extenuato
441 448 573 489 fortique
584 455 707 491 raptum
719 450 893 488 dilanietur,
908 452 974 482 haec
986 451 1093 492 utique
1118 451 1144 481 si
1166 450 1353 481 sufficienter
1372 456 1552 491 exacteque‚
1562 457 1599 480 ut
1609 449 1704 480 modo

262 499 414 541 videmur,
428 503 651 543 perquiramus,
665 504 743 535 forte
758 515 915 547 nunquam
930 505 1049 540 fierent,
1067 505 1166 536 donec
1181 505 1327 535 mulieres
1342 509 1375 535 et
1389 504 1478 535 liberi
1497 510 1530 535 et
1548 503 1658 535 domus
1672 508 1705 533 et

259 553 380 594 reliqua
394 556 519 597 propria
533 557 643 598 cuique
659 563 757 589 erunt.
779 560 806 589 si
819 565 935 595 tamen,
951 569 1021 600 quae
1037 558 1176 589 secunda
1189 559 1228 588 ad
1239 568 1276 588 ea
1287 564 1360 588 sunt
1373 563 1405 589 et
1415 557 1508 589 modo
1523 562 1706 592 tractantur,

261 615 473 648 assequamur,
494 610 689 642 mediocriter
711 604 792 643 certe
815 613 901 644 fient.
924 623 1002 654 opus
1022 613 1116 653 igitur
1136 613 1182 642 ita
1193 612 1369 642 viventibus
1382 622 1446 642 non
1459 621 1587 653 parvum
1599 619 1703 650 neque

260 659 322 690 vile
337 666 451 693 restare
460 662 601 700 dicimus,
612 664 669 695 sed
679 666 844 696 maximum
858 667 995 696 omnium
1010 676 1028 696 a
1037 665 1123 712 justa
1139 665 1206 706 lege
1222 665 1414 696 mandatum.
1425 675 1500 695 nam
1508 674 1581 695 cum
1590 663 1706 705 singuli

259 713 385 745 vivendi
409 716 492 747 moth·
516 728 534 748 a
549 718 660 749 ceteris
671 719 812 749 omnibus
825 719 968 760 operibus
983 719 1164 754 distrahant,
1179 725 1223 755 ut,
1236 720 1263 749 si
1277 720 1347 761 quis
1361 719 1476 761 Pythia
1489 719 1538 749 vel
1554 717 1705 760 Olympia

259 767 385 800 vincere
398 770 532 807 studeat,
547 772 573 801 is
589 773 658 802 aliis
668 773 759 803 rebus
772 782 880 803 vacare
895 778 1029 813 nequeat
1043 785 1049 802 ε
1075 773 1203 814 duplici,
1227 774 1322 803 immo
1339 783 1410 803 vero
1423 772 1587 814 multiplici
1602 770 1703 802 adhuc

260 831 334 852 cura
348 823 409 853 vita
425 824 507 855 illius
516 826 611 865 plena
625 831 682 861 est,
699 827 752 867 qui
765 832 849 856 recte
865 826 960 856 animi
976 828 1174 867 corporisque
1191 827 1294 857 virtuti
1309 832 1409 857 vacat.
1429 826 1507 856 nihil
1523 826 1604 856 enirn
1615 834 1705 855 exer-

258 875 415 906 citationis
427 888 594 918 corporeae,
609 880 686 909 nihil
704 880 910 910 doctrinarum
937 879 1032 909 animi
1045 890 1236 920 morumque,
1252 886 1376 920 propter
1391 880 1452 910 alia
1466 879 1590 920 negotia
1602 878 1703 920 negli-

260 930 398 969 gendum
422 937 480 961 est.
501 932 596 963 ferme
619 933 704 963 enim
728 938 794 963 tota
817 932 882 962 dies
896 937 1020 972 totaque
1032 943 1093 962 nox
1106 933 1166 963 ista
1178 934 1297 963 curanti
1309 933 1350 963 ad
1364 933 1581 963 sufficientiam
1595 941 1701 963 eorum

257 983 543 1026 perfectionemque
567 986 816 1027 consequendam
837 996 901 1016 non
923 987 1045 1016 sufficit.
1067 997 1139 1016 cum
1159 987 1252 1026 igitur
1273 987 1340 1017 haec
1351 987 1397 1016 ita
1411 997 1444 1017 se
1457 985 1605 1023 babeant,
1627 985 1703 1016 ordo

257 1037 353 1068 totius
375 1040 522 1080 temporis
535 1040 638 1071 liberis
659 1041 833 1071 hominibus
849 1041 887 1070 ab
902 1045 968 1070 ortu
985 1040 1059 1070 solis
1073 1045 1240 1081 perpetuus
1254 1040 1295 1071 ad
1311 1041 1440 1072 alterum
1452 1041 1526 1071 solis
1541 1046 1639 1071 ortum
1655 1044 1703 1070 est

256 1090 428 1123 habendus.
449 1093 597 1124 ridiculus
620 1094 749 1125 fortasse
777 1094 933 1135 legislator
955 1094 1124 1129 habebitur,
1138 1095 1162 1124 si
1177 1095 1274 1125 multa
1284 1095 1521 1136 frequentiaque
1535 1093 1703 1125 etminima

257 1154 388 1186 quaeque
403 1145 442 1176 de
458 1147 599 1177 familiari
615 1148 880 1179 administratione
905 1149 1082 1184 narraverit,
1098 1159 1169 1178 cum
1183 1149 1216 1178 in
1233 1148 1300 1178 aliis
1316 1155 1379 1179 tum
1395 1149 1488 1179 etiarn
1502 1148 1535 1179 in
1550 1152 1703 1179 nocturna

254 1197 372 1239 vigilia,
401 1210 491 1240 quam
520 1212 646 1233 necesse
674 1208 721 1232 est
748 1207 780 1232 ut
806 1203 1013 1233 conservaturi
1039 1202 1196 1233 civitatem
1211 1202 1387 1233 exhibeant.
1407 1213 1478 1232 nam
1493 1203 1558 1233 sive
1574 1202 1626 1232 lex
1639 1202 1702 1232 sive

254 1252 388 1283 officium
416 1254 447 1284 id
472 1256 694 1296 appellandum
715 1256 766 1292 sit,
782 1257 864 1297 quod
882 1256 972 1286 modo
987 1257 1203 1298 praecepimus,
1219 1262 1302 1287 certe
1318 1256 1460 1287 omnibus
1468 1262 1560 1298 turpe
1574 1255 1656 1287 illud
1670 1261 1704 1286 et

252 1305 404 1337 illiberale
430 1308 527 1339 videri
556 1310 660 1346 debet,
686 1315 721 1340 ut
743 1309 857 1340 civium
881 1311 993 1350 aliquis
1017 1320 1073 1351 per
1097 1315 1192 1341 totam
1214 1311 1347 1341 dormiat
1360 1317 1495 1347 noctem,
1510 1320 1570 1341 nec
1585 1309 1701 1351 primus

255 1360 408 1391 excitetur
422 1367 454 1392 et
468 1370 581 1404 surgat,
597 1364 641 1394 ita
657 1369 691 1394 ut
705 1365 762 1394 hoc
777 1364 835 1394 toti
849 1364 975 1394 familiae
991 1369 1107 1404 pateat.
1134 1364 1229 1406 [808]
1254 1365 1330 1406 quin
1352 1365 1447 1395 etiam
1457 1369 1492 1394 ut
1518 1363 1645 1394 domina
1660 1363 1699 1393 ab

254 1414 387 1451 ancillis,
410 1426 473 1446 non
496 1418 616 1448 ancillae
639 1417 677 1447 ab
694 1419 763 1459 ipsa
775 1418 906 1458 primum
923 1419 1107 1454 excitentur,
1126 1424 1213 1459 turpe
1230 1418 1397 1449 dicendum
1414 1417 1497 1459 apud
1511 1427 1626 1453 servos,
1643 1426 1700 1447 an·

253 1468 353 1504 cillas,
369 1480 489 1509 pueros,
506 1476 538 1501 et
548 1471 671 1502 domum
681 1472 827 1512 denique,
839 1472 865 1501 si
875 1472 1021 1512 possibile
1032 1472 1082 1507 sit,
1095 1472 1280 1502 universam.
1303 1478 1395 1503 nocte
1408 1472 1501 1513 igitur
1512 1477 1698 1512 exsurgant:

253 1526 286 1552 et
298 1523 495 1563 magistratus
507 1525 664 1564 publicum
679 1525 810 1565 aliquid,
825 1531 928 1566 patres
943 1536 1015 1556 vero
1030 1531 1207 1566 matresque
1223 1527 1348 1557 familiae
1363 1527 1396 1556 in
1413 1525 1556 1556 domibus
1569 1525 1700 1566 propriis

252 1585 317 1606 rem
331 1587 418 1607 suam
433 1584 552 1609 curent.
573 1590 696 1609 somnus
717 1579 802 1609 euim
826 1580 940 1609 multus
954 1591 1013 1610 nec
1028 1580 1207 1621 corporibus
1222 1590 1280 1611 nec
1297 1580 1406 1610 animis
1420 1589 1523 1620 neque
1538 1578 1627 1609 rebus
1642 1589 1696 1619 ge—

252 1629 356 1660 rendis
378 1638 489 1662 natura
514 1632 670 1663 conducit.
694 1643 786 1663 nemo
812 1633 950 1674 quidem,
965 1633 1038 1663 dum
1055 1633 1178 1670 dormit,
1197 1634 1325 1676 alicujus
1341 1633 1433 1675 pretii
1447 1639 1505 1670 est,
1520 1643 1583 1663 non
1597 1633 1698 1674 magis

252 1693 347 1723 quam
362 1685 462 1716 sinon
476 1687 604 1716 viveret.
627 1697 719 1727 quare
735 1688 909 1728 quicunque
926 1688 1029 1718 vivere
1046 1696 1077 1718 et
1091 1698 1201 1729 sapere
1214 1689 1299 1729 cupit
1313 1688 1460 1722 maxime,
1476 1696 1567 1728 quam
1583 1686 1700 1727 longis-

252 1735 330 1767 simo
351 1743 486 1779 ternpore
512 1740 629 1780 vigilet,
655 1742 720 1771 sola
743 1742 884 1771 sanitatis
908 1741 1127 1773 commoditate
1143 1749 1273 1773 servata.
1286 1741 1326 1771 ad
1343 1743 1422 1772 banc
1437 1752 1510 1771 vero
1523 1750 1587 1771 non
1601 1739 1699 1770 multo

252 1797 396 1831 opus-est
409 1802 526 1828 somno,
545 1794 570 1823 si
583 1794 663 1824 beno
679 1795 851 1825 assueveris
869 1795 1039 1837 [somnus-J.
1057 1796 1251 1837 magistratus
1266 1795 1405 1836 profecto
1418 1800 1511 1825 nocte
1525 1794 1559 1824 in
1571 1793 1698 1824 urbibus

249 1843 414 1885 vigilantes
427 1847 513 1877 malis
527 1848 713 1883 hominibus,
730 1853 796 1878 tum
810 1849 950 1879 hostibus
964 1856 1031 1879 tum
1045 1849 1177 1887 civibus,
1193 1849 1297 1879 terrori
1309 1854 1391 1878 sunt.
1406 1848 1531 1878 amandi
1542 1848 1696 1878 honoran-

249 1898 344 1939 dique
354 1899 445 1940 justis
460 1906 492 1931 et
503 1903 691 1942 temperatis,
708 1902 764 1932 sibi
777 1908 809 1932 et
823 1903 941 1933 civitati
955 1903 1048 1933 utiles
1059 1903 1218 1933 universae.
1241 1903 1296 1933 sed
1306 1913 1365 1932 nox
1377 1902 1504 1942 quidem
1514 1901 1558 1931 ita
1570 1906 1697 1942 peracta

250 1953 290 1982 ad
306 1963 354 1989 ea,
369 1964 439 1994 quae
454 1954 597 1990 diximus,
612 1955 827 1985 soi-titudinem
842 1966 964 1997 quoque
980 1957 1012 1986 in
1027 1956 1136 1987 animis
1149 1956 1265 1987 civium
1279 1964 1373 1987 creat.
1390 1955 1456 1986 sole
1468 1965 1539 1986 vero
1551 1959 1697 1996 surgente

250 2006 340 2045 pueri
364 2007 404 2036 ad
429 2009 590 2048 magistros
604 2009 848 2049 proficiscantur.
870 2011 1019 2050 quoniam
1033 2020 1105 2040 vero
1117 2020 1176 2040 nec
1192 2009 1328 2051 pecudes
1342 2019 1402 2041 nec
1417 2009 1478 2039 alia
1491 2018 1616 2050 prorsus
1632 2007 1696 2038 ulla

250 2059 315 2089 sine
344 2067 467 2101 pastore
491 2062 593 2092 vivere
623 2062 747 2097 debent,
777 2074 834 2093 nec
861 2064 949 2105 pueri
979 2065 1072 2094 etiam
1097 2064 1162 2094 sine
1185 2063 1364 2105 paedagogis
1375 2064 1447 2099 sint,
1463 2073 1565 2104 neque
1577 2062 1695 2103 absque

250 2113 387 2143 dominis
400 2115 490 2145 servi.
513 2121 559 2145 est
575 2122 674 2146 autem
692 2126 767 2156 puer
782 2118 864 2147 omni
876 2117 975 2147 bestia
989 2117 1221 2147 intractabilior.
1242 2128 1314 2147 narn
1337 2128 1406 2148 cuin
1430 2115 1605 2158 prudentiae
1627 2116 1694 2146 fon-

250 2171 311 2196 tem
326 2167 464 2198 nondum
480 2169 652 2208 perfectum
668 2169 790 2204 habeat,
806 2169 1056 2200 insidiosissimus
1070 2176 1117 2200 est
1129 2171 1357 2211 acerrimusque
1377 2178 1409 2200 et
1429 2169 1697 2212 petulantissimus

250 2221 385 2251 omnium
410 2221 574 2254 bestiarum
591 2234 596 2251 z
621 2223 692 2253 ideo
724 2223 827 2252 multis
855 2224 943 2264 quasi
968 2223 1061 2253 frenis
1092 2224 1275 2254 vinciendus
1304 2230 1362 2254 est.
1384 2229 1416 2253 et
1443 2233 1513 2253 cum
1529 2223 1662 2264 primum
1678 2233 1697 2253 a

251 2275 395 2305 matribus
410 2276 639 2317 nutricibusque.
654 2276 838 2317 sejungitur,
854 2276 1036 2317 paedagogis
1051 2287 1121 2306 eum
1137 2276 1177 2306 ad
1189 2277 1337 2317 puerilem
1354 2277 1516 2307 lasciviam
1528 2277 1692 2317 regendam

249 2328 466 2359 commendare
492 2336 631 2370 oportet:
656 2331 781 2365 deinde,
812 2336 845 2360 ut
856 2330 984 2360 liberum
997 2329 1134 2370 quidem,
1153 2330 1361 2361 doctrinarum
1377 2330 1573 2370 potissimum
1585 2330 1694 2371 gratia,

249 2382 505 2423 praeceptoribus:
524 2389 555 2413 ut
571 2390 672 2414 autem
689 2395 821 2419 servum,
838 2384 978 2424 castiget.
993 2384 1169 2424 quicunque
1185 2394 1223 2414 ex
1238 2384 1343 2414 liberis
1353 2384 1430 2414 forte
1444 2383 1694 2425 deprehenderit,

248 2445 379 2475 puerum
390 2437 491 2477 ipsum
503 2443 535 2467 et
549 2438 752 2478 paedagogum
768 2443 799 2467 ct
814 2443 1045 2478 prceccptmem,
1063 2438 1086 2467 si
1103 2448 1162 2478 qua
1178 2438 1210 2468 in
1226 2448 1258 2468 re
1276 2437 1456 2478 delinquere
1472 2447 1526 2468 eos
1540 2446 1692 2478 conspex-

249 2489 319 2519 erit.
342 2490 368 2519 si
384 2500 454 2520 vero
470 2501 604 2531 praesens
619 2493 686 2532 quis
696 2492 765 2532 jure
781 2502 839 2521 non
865 2492 1070 2531 castigaverit,
1088 2493 1221 2521 maximo
1237 2491 1422 2532 subjiciatur
1436 2490 1611 2533 opprobrio,
1627 2500 1692 2521 rem

249 2542 328 2572 hanc
343 2543 408 2578 ille,
424 2544 477 2584 qui
492 2543 531 2574 de
548 2545 725 2575 custodibus
743 2545 843 2585 legum
867 2545 906 2575 nd
925 2546 1131 2586 principatum
1149 2555 1310 2587 puerorum
1327 2545 1443 2576 electus
1458 2545 1560 2581 fuerit,
1575 2554 1694 2585 coguo-

249 2602 314 2625 scat
329 2608 335 2625 :
362 2596 458 2638 [809]
482 2598 545 2628 sive
571 2599 636 2634 ille,
661 2599 714 2639 qui
738 2609 790 2629 cos
814 2598 1033 2640 deprehendit,
1048 2610 1110 2630 non
1124 2599 1330 2640 castigaverit,
1346 2609 1414 2629 cum
1424 2603 1581 2637 oporteret
1595 2609 1602 2627 :
1626 2597 1691 2627 sive

247 2658 309 2678 non
326 2659 408 2680 more
423 2652 628 2692 castigaverit.
651 2662 740 2683 acute
767 2659 867 2683 autem
885 2654 989 2683 videat
1005 2655 1054 2683 hic
1070 2659 1201 2694 oportet,
1220 2652 1517 2694 diligentissimeque
1532 2649 1694 2682 educatio-

247 2712 320 2732 nem
346 2713 508 2743 puerorum
536 2712 631 2742 curet,
656 2713 778 2737 naturas
807 2717 914 2737 eorum
940 2707 1112 2737 seeundum
1142 2708 1227 2748 leges
1254 2706 1295 2737 ad
1311 2707 1421 2737 bonum
1438 2706 1538 2746 ipsum
1553 2703 1693 2744 dirigens

247 2766 369 2796 semper
390 2763 422 2787 et
448 2764 640 2790 convertens.
663 2760 818 2800 quomodo
844 2766 949 2790 autem
971 2761 1052 2791 hunc
1068 2761 1170 2801 ipsum
1182 2760 1270 2791 nobis
1283 2760 1332 2789 lex
1345 2758 1531 2790 sufficienter
1544 2756 1664 2788 erudiet
1680 2756 1692 2786 ἓ

247 2820 308 2840 non
337 2811 420 2841 enim
449 2812 522 2841 satis
550 2823 607 2843 nec
635 2819 739 2854 aperte
769 2815 869 2844 adhuc
896 2814 1011 2844 dictum
1038 2819 1086 2843 est
1103 2825 1109 2842 :
1135 2814 1188 2843 sed
1216 2813 1278 2843 alia
1291 2817 1386 2847 tacta,
1402 2811 1463 2842 alia
1479 2809 1693 2852 praetermissa.

246 2869 367 2904 oportet
382 2870 485 2895 autem
502 2876 554 2906 pro
571 2867 682 2897 viribus
694 2867 771 2897 nihil
787 2868 974 2908 relinquere,
991 2867 1046 2897 sed
1062 2868 1211 2898 rationem
1228 2876 1350 2897 omnem
1367 2875 1531 2907 exponere,
1546 2869 1581 2895 ut
1593 2863 1691 2894 inter—

247 2926 315 2956 pres
339 2919 388 2950 hic
414 2919 482 2949 aliis
499 2925 529 2950 ct
544 2920 692 2951 educator
707 2921 757 2952 sit.
803 2921 852 2951 De
874 2923 994 2952 choreae
1011 2920 1148 2959 quidem,
1165 2927 1272 2952 cantus
1286 2926 1316 2951 et
1331 2919 1504 2951 saltationis
1513 2918 1609 2949 forma
1622 2916 1691 2948 dic-
