1840 3225
225 189 302 226 272
813 185 1077 225 PLATONrs
1604 187 1676 238 [84

224 289 386 322 excrescit.
407 289 532 331 quando
545 289 639 330 igitur
654 298 724 320 caro
737 289 885 331 quaelibet
905 289 1136 321 circumciditur
1150 288 1279 331 ejusque
1298 290 1384 321 radix
1400 295 1574 332 permanet,
1585 288 1678 322 dimi-

223 343 276 374 dia
286 343 429 385 quaedam
454 348 503 374 est
523 342 708 374 calamitatis
735 343 875 384 potentia
889 354 897 381 3
913 343 1006 375 facile
1033 343 1119 374 enim
1145 348 1341 374 restauratur.
1365 343 1583 386 [841quando
1606 354 1681 375 vero

221 397 307 439 quod
326 408 432 428 carnes
447 397 564 427 ossibus
579 397 696 438 alligat,
713 402 851 437 aegrotat,
867 402 900 428 et
914 398 1038 438 sanguis
1054 408 1093 427 ex
1113 397 1175 427 illis
1191 407 1228 427 ac
1243 397 1346 428 nervis
1360 398 1499 428 defluens
1512 397 1598 428 haud
1610 408 1678 429 am-

220 451 303 492 plius
318 451 414 481 nutrit
426 460 497 481 ossa
518 460 683 480 carnemve
697 450 839 489 revincit,
855 450 910 479 sed
931 461 969 479 ex
983 450 1093 490 pingui
1108 455 1141 479 et
1155 450 1311 490 glutinoso
1334 461 1434 492 asper,
1449 451 1558 487 salsus,
1575 451 1678 482 siccus

218 510 251 535 et
272 505 430 546 squalidus
444 503 610 544 iniquitate
624 503 724 532 victus
739 507 787 532 est
799 501 900 532 factus
915 514 921 531 z
941 507 1014 532 tunc
1030 507 1114 533 certe
1130 503 1215 543 quod
1232 504 1338 534 omnia
1350 504 1410 534 ista
1423 504 1606 545 perpetitur,
1620 503 1675 535 ab·

218 558 345 589 scissum
361 558 399 589 ab
411 557 531 589 ossibus
546 557 603 587 sub
616 566 707 587 carne
729 557 894 597 nervisque
913 556 1003 597 riget.
1018 566 1088 586 caro
1101 557 1197 586 etiam
1211 567 1230 587 a
1244 557 1400 588 radicibus
1414 558 1565 589 decidens
1574 557 1678 588 nudos

219 611 368 654 relinquit
382 622 492 644 nervos
503 616 536 642 et
545 611 626 642 salso
640 610 791 641 obductos
801 611 939 646 humore,
955 616 987 640 et
1001 610 1035 640 in
1047 610 1165 641 fluenta
1176 611 1333 652 sanguinis
1345 621 1528 652 permanans
1541 611 1678 647 morbos,

220 676 298 707 quos
312 676 404 708 supra
429 666 575 700 diximus,
601 674 730 695 numero
754 664 848 694 etiam
872 665 976 705 plures
995 663 1110 696 reddit.
1134 675 1241 705 graves
1262 665 1389 705 quidem
1409 665 1476 696 istae
1497 665 1676 706 corporibus
1723 675 1733 686 ·

219 720 376 760 passiones
392 731 400 758 ;
416 730 486 762 quae
509 729 582 750 vero
596 719 651 749 has
675 718 867 760 praecedunt‚
884 718 1053 748 admodum
1075 719 1246 759 graviores:
1269 720 1394 760 quando
1419 719 1569 750 videlicet
1587 729 1622 750 os
1637 719 1677 750 ob

218 774 320 804 carnis
334 774 568 805 crassitudinem
581 772 817 814 respirationem
829 782 893 803 non
908 772 1002 802 habet
1016 772 1232 808 sufficientem,
1246 772 1380 814 ideoque
1391 772 1563 814 putredinis
1574 773 1678 804 calore

217 834 364 858 vexatum
386 833 481 870 atque
493 827 669 858 restrictum
697 826 846 856 alimenta
858 837 923 857 non
948 827 1088 868 suscipit,
1105 837 1267 868 rursusque
1293 827 1393 868 ipsum
1407 827 1442 858 in
1467 827 1552 858 illam
1568 832 1679 858 contra

217 881 336 913 decidit
345 882 551 923 frigefactuin,
568 881 622 911 illa
639 890 713 911 vero
735 880 767 910 in
781 890 919 915 carnem,
936 890 1007 910 caro
1023 881 1056 910 in
1079 880 1264 921 sanguinem
1288 892 1391 911 rursus
1407 880 1571 912 delabitur.
1592 881 1677 912 unde

216 937 350 968 acriores
363 936 572 978 superioribus
582 935 681 965 morbi
693 940 875 965 nascuntur.
900 939 1070 965 extremum
1083 945 1156 965 vero
1170 935 1309 965 omnium
1323 940 1381 972 est,
1393 935 1519 976 quando
1534 935 1678 966 medullae

217 995 327 1021 natura
342 995 467 1032 propter
487 990 646 1020 defectum
670 989 805 1029 aliquem
821 993 875 1018 aut
890 998 1051 1018 excessum
1080 994 1220 1029 aegrotat.
1242 989 1315 1019 hinc
1331 989 1417 1019 enim
1430 987 1568 1020 omnium
1584 990 1679 1019 velie-

214 1044 398 1075 mentissimi
414 1049 447 1074 et
469 1043 509 1074 ad
523 1048 656 1074 mortem
676 1042 930 1084 periculosissimi
946 1043 1042 1073 morbi
1063 1043 1251 1084 proveniunt
1263 1054 1271 1080 ;
1286 1048 1362 1074 tunc
1377 1043 1462 1073 enim
1477 1043 1578 1073 omnis
1592 1053 1678 1074 com-

213 1108 294 1139 pago
311 1099 446 1139 corporis
461 1098 638 1128 necessario
655 1096 832 1137 dissipatur.
867 1096 1002 1127 Tertiam
1018 1106 1089 1138 post
1107 1097 1174 1127 haec
1189 1097 1360 1128 morborum
1374 1097 1509 1137 speciem
1524 1097 1679 1138 tripartito

212 1151 390 1183 dividimus.
404 1152 484 1183 alius
498 1152 580 1183 enirn
596 1151 716 1193 spiritu,
735 1151 813 1181 alius
826 1151 948 1191 pituita,
964 1151 1042 1181 alius
1056 1150 1120 1181 bile
1130 1156 1261 1182 creatur.
1277 1161 1348 1182 nam
1360 1162 1429 1182 cum
1445 1141 1678 1192 spirims'ipsius

212 1211 317 1238 custos
331 1213 363 1237 et
378 1207 467 1248 quasi
481 1207 660 1247 penuarius,
677 1206 796 1247 pulmo,
812 1205 1018 1236 distillatione
1044 1206 1185 1236 occlusus
1199 1205 1297 1236 libera
1312 1211 1346 1236 et
1361 1204 1510 1246 expedita
1523 1205 1678 1246 spiracula

212 1261 304 1291 nobis
325 1271 389 1292 non
404 1261 540 1297 exhibet,
556 1266 589 1290 et
603 1261 675 1291 hinc
701 1260 826 1301 quidem
842 1260 946 1290 nullus
968 1260 1102 1290 mittitur
1127 1260 1265 1301 spiritus,
1279 1259 1365 1290 illinc
1389 1269 1462 1290 vero
1485 1259 1556 1300 plus
1581 1268 1677 1300 quam

211 1320 338 1355 oportet
351 1315 514 1356 accipitur,
529 1320 604 1345 tunc
619 1324 688 1355 quae
703 1313 907 1355 respiratione
923 1319 956 1345 et
977 1314 1134 1356 refrigerio
1148 1318 1264 1350 carent,
1279 1319 1485 1345 marcescunt.
1507 1312 1592 1354 quod
1602 1323 1677 1344 vcro

212 1369 365 1410 accipitur
378 1369 520 1406 nimium,
536 1379 591 1410 per
605 1378 702 1398 venas
716 1368 890 1398 traductum
907 1378 960 1398 eas
979 1373 1162 1409 contorquet
1186 1367 1410 1409 liquefacitque
1435 1377 1548 1408 corpus
1563 1367 1627 1409 ejus
1642 1367 1676 1398 in

213 1422 316 1454 medio
331 1423 534 1464 diaphragma
562 1423 699 1453 medium
722 1423 844 1453 scilicet
869 1423 1089 1463 interpositum
1114 1432 1282 1463 occupans.
1304 1422 1377 1452 hinc
1391 1421 1491 1452 morbi
1506 1420 1676 1452 admodum

209 1476 331 1507 molesti
346 1477 445 1507 multo
460 1487 532 1506 cum
548 1476 660 1506 sudore
675 1475 919 1506 innumerabiles
932 1476 1084 1507 oriuntur.
1103 1486 1185 1517 saepe
1202 1476 1298 1506 etlam
1314 1475 1394 1506 intra
1411 1485 1522 1517 corpus
1538 1474 1674 1506 discreta

208 1535 241 1560 et
254 1530 408 1561 rarefacta
423 1540 515 1561 carne
528 1530 699 1560 innascitur
715 1530 841 1570 spiritus
856 1542 862 1559 :
881 1530 933 1571 qui
949 1540 1019 1560 cum
1035 1530 1116 1560 foras
1137 1531 1246 1571 egredi
1259 1535 1406 1571 nequeat,
1423 1529 1546 1565 iisdem,
1563 1529 1673 1570 quibus

208 1588 240 1614 et
255 1583 385 1625 ingressi
400 1584 527 1614 aliunde
552 1584 688 1624 spiritus,
712 1584 871 1614 doloribus
887 1584 992 1615 afficit.
1015 1584 1071 1615 sed
1085 1584 1266 1625 ingentibus
1289 1590 1364 1614 tunc
1379 1584 1489 1625 affligit
1504 1583 1674 1620 doloribus,

208 1637 334 1680 quando
345 1639 447 1669 nervis
456 1637 666 1679 proximisque
680 1638 800 1668 venulis
812 1638 1014 1669 circumfusus
1026 1639 1094 1669 haec
1108 1639 1210 1679 inflat,
1223 1643 1254 1668 et
1264 1638 1435 1679 ligamenta
1447 1637 1673 1679 continuosque

207 1703 319 1723 nervos
331 1703 349 1722 a
364 1698 449 1733 tergo
458 1692 593 1722 intendit
605 1697 698 1733 atque
711 1692 888 1732 detorquet.
903 1692 956 1733 qui
966 1702 1039 1723 sane
1051 1692 1150 1723 morbi
1163 1692 1202 1722 ab
1216 1692 1285 1733 ipsa
1298 1691 1482 1723 intendente
1497 1696 1530 1722 et
1542 1691 1673 1722 inflante

206 1746 350 1788 passione
365 1746 522 1777 tensiones
538 1751 569 1777 et
584 1756 603 1776 a
619 1751 704 1786 tergo
720 1746 930 1777 contortiones
954 1747 1211 1787 cognominantur
1227 1759 1232 1775 :
1251 1757 1378 1787 quorum
1395 1745 1523 1777 difficile
1536 1746 1672 1776 remedi-

206 1810 257 1830 um
279 1806 338 1830 est.
361 1800 494 1830 subortae
517 1801 602 1830 enim
624 1799 724 1830 febres
739 1801 794 1830 hos
819 1801 950 1831 maxime
973 1801 1108 1831 solvunt.
1133 1799 1207 1842 [85]
1234 1800 1305 1830 alba
1330 1811 1403 1831 vera
1418 1801 1531 1841 pituita
1545 1805 1674 1842 propter

205 1855 411 1895 ampullarum
434 1854 578 1895 spiritum
596 1854 681 1884 intus
703 1853 824 1885 inclusa
845 1854 993 1891 difficilis,
1008 1854 1050 1884 ad
1069 1854 1254 1885 exteriorem
1275 1860 1377 1886 cutem
1402 1854 1530 1896 delapsa
1545 1853 1666 1885 mitior:

206 1908 261 1939 sed
277 1919 391 1950 corpus
407 1908 496 1938 variis
511 1907 652 1939 sordibus
668 1909 814 1950 aspergit,
831 1909 968 1950 albisque
984 1909 1083 1939 inficit
1099 1909 1236 1944 maculis,
1251 1915 1343 1950 atque
1357 1908 1479 1939 morbos
1495 1908 1572 1938 alios
1584 1907 1670 1948 ejus-

206 1962 292 1992 modi
307 1969 446 2003 generat.
470 1968 542 1992 atrae
559 1972 630 1993 vero
644 1963 699 1992 bili
714 1964 878 2004 permixta,
892 1974 960 1994 cum
976 1963 1149 1994 divissimos
1160 1963 1272 2004 capitis
1286 1969 1407 1993 meatus
1419 1962 1563 1998 illabitur,
1579 1961 1670 1993 dissi-

205 2026 279 2056 pare
294 2027 346 2047 eos
359 2017 439 2046 solet
454 2022 547 2057 atque
562 2017 696 2047 turbare.
719 2017 745 2047 si
761 2018 984 2048 dormientibus
1010 2017 1043 2048 id
1059 2017 1231 2058 contingat,
1247 2017 1350 2048 mitior
1365 2028 1371 2046 z
1388 2017 1437 2047 sin
1454 2016 1668 2058 vigilantibus,

203 2070 336 2110 expulsu
351 2069 516 2102 difficilior.
533 2081 605 2101 cum
619 2080 692 2101 vero
710 2082 804 2102 sacrae
820 2077 938 2102 naturae
956 2073 1086 2112 languor
1101 2072 1158 2102 iste
1176 2071 1226 2108 sit,
1242 2070 1327 2102 haud
1342 2071 1380 2102 ab
1395 2081 1429 2102 re
1445 2080 1532 2102 sacer
1542 2071 1669 2102 morbus

203 2129 251 2154 est
263 2123 450 2165 appellatus.
495 2124 626 2164 proinde
642 2125 755 2166 pituita
769 2126 860 2156 acida
875 2131 969 2167 atque
983 2127 1061 2156 item
1075 2125 1157 2156 salsa
1172 2127 1352 2166 languorum
1369 2125 1518 2160 omnium,
1534 2124 1589 2165 qui
1602 2124 1667 2155 dis-

203 2177 357 2208 tillatione
374 2177 464 2218 fiunt,
479 2177 567 2218 origo
581 2183 639 2208 est.
673 2179 821 2219 quoniam
836 2190 908 2210 vero
924 2180 1055 2220 plurima
1069 2181 1140 2210 loca
1155 2180 1302 2215 illabitur,
1318 2180 1416 2210 malas
1432 2178 1533 2219 giguit
1545 2179 1669 2208 valetu-

202 2230 291 2263 dines
307 2231 466 2272 plurimas.
481 2242 674 2273 quaecunque
687 2240 793 2263 autem
807 2239 913 2274 partes
929 2234 1067 2274 corporis
1081 2239 1249 2264 tumescere
1266 2233 1422 2274 dicuntur,
1439 2242 1457 2262 a
1471 2232 1543 2262 bilis
1556 2233 1666 2263 ineen-

201 2284 254 2316 dio
269 2290 301 2316 et
315 2285 527 2316 combustione
548 2292 701 2317 vexantur
716 2298 722 2316 :
740 2297 809 2328 quae
825 2298 896 2318 cum
911 2287 1047 2329 exspirat
1063 2288 1262 2323 extrinsecus,
1275 2287 1374 2318 varios
1399 2292 1477 2317 aestu
1491 2297 1546 2317 suo
1561 2292 1666 2318 tumo-

201 2348 250 2370 res
265 2339 410 2380 producit
425 2351 434 2378 3
450 2339 637 2371 intrinsecus
651 2351 724 2372 vero
739 2341 875 2372 cohibita
888 2347 1012 2372 urentes
1026 2342 1201 2383 edacesque
1214 2341 1334 2372 morbos
1348 2341 1498 2382 plurimos
1510 2345 1665 2382 procreat.

201 2397 276 2425 tunc
301 2397 402 2424 autern
419 2394 552 2435 pessima
566 2401 624 2431 est,
640 2395 765 2436 quando
787 2405 864 2436 puro
889 2395 1032 2436 sanguini
1058 2397 1157 2427 mixta
1180 2396 1325 2427 villorum
1340 2395 1586 2437 ligaminumque
1611 2395 1666 2426 fila

202 2456 258 2477 suo
286 2456 325 2477 ex
339 2448 447 2478 ordine
464 2447 613 2480 dimovet.
636 2459 705 2490 quae
718 2449 790 2480 ideo
806 2450 839 2479 in
857 2450 1043 2490 sanguinein
1060 2450 1196 2482 diductae
1213 2456 1245 2480 et
1259 2460 1372 2491 sparsae
1388 2454 1472 2485 sunt,
1487 2456 1523 2480 ut
1542 2448 1665 2480 medio·

202 2510 286 2531 crem
307 2501 465 2532 tenuitatis
490 2508 523 2533 et
545 2502 756 2534 crassitudinis
780 2503 921 2534 habitum
947 2510 1174 2546 consequatur3
1190 2514 1293 2545 neque
1310 2509 1436 2545 propter
1459 2503 1664 2539 caliditatem,

203 2554 352 2594 cumipse
365 2555 407 2586 sit
418 2555 563 2593 lubricus,
577 2567 647 2588 raro
662 2567 700 2588 ex
715 2568 843 2598 corpore
856 2557 1105 2600 defluat,neque,
1120 2559 1147 2589 si
1157 2559 1284 2589 crassior
1299 2558 1350 2593 sit,
1360 2557 1401 2588 ad
1414 2562 1532 2588 motum
1549 2556 1603 2586 fiat
1616 2556 1664 2587 in-

202 2606 302 2649 eptior
317 2614 410 2649 atque
426 2620 505 2650 ingre
520 2621 577 2651 per
598 2622 693 2643 venas
709 2613 784 2643 fluat
799 2617 831 2643 et
845 2613 963 2644 refluat.
987 2613 1026 2643 ad
1042 2614 1122 2644 hanc
1144 2613 1253 2654 utique
1276 2617 1394 2642 naturae
1410 2609 1664 2642 commoditatem

201 2661 376 2703 hujusmodi
399 2669 602 2704 peroportuna
627 2672 700 2697 sunt
714 2666 885 2708 ligamenta
899 2678 905 2696 :
923 2677 993 2708 quae
1010 2667 1035 2697 si
1061 2667 1142 2708 quis,
1158 2673 1254 2697 etiam
1267 2671 1388 2696 mortuo
1402 2671 1436 2695 et
1458 2663 1498 2694 ob
1513 2663 1609 2704 frigus
1621 2663 1663 2694 ri-

201 2719 294 2755 gente
309 2716 472 2756 sanguine,
488 2717 620 2749 invicem
646 2720 802 2752 conducat
815 2728 848 2752 et
862 2721 1034 2758 contrahat,
1049 2721 1188 2762 reliquus
1203 2720 1328 2760 sanguis
1342 2718 1442 2750 omnis
1466 2717 1664 2748 diffunditur.

201 2778 273 2799 cum
287 2779 360 2800 vero
376 2769 476 2801 missae
492 2771 618 2809 fuerint,
634 2774 718 2805 illico
733 2785 803 2806 cum
821 2775 1020 2816 praecedente
1035 2775 1148 2816 frigore
1164 2774 1401 2814 restringuntur.
1423 2771 1568 2813 quoniam
1585 2781 1660 2802 vero

199 2822 281 2853 hanc
295 2822 359 2853 vim
373 2822 441 2853 villi
455 2824 633 2865 hujusmodi
648 2828 682 2859 in
697 2829 881 2871 sanguinem
893 2829 1020 2865 habent,
1036 2840 1107 2860 cum
1121 2829 1193 2860 bilis
1207 2833 1316 2859 natura
1337 2825 1465 2868 sanguis
1479 2830 1570 2856 vetus
1584 2835 1659 2857 eva-

196 2875 280 2911 serit,
296 2886 333 2907 ac
359 2887 458 2908 rursus
485 2887 523 2909 ex
553 2881 694 2913 carnibus
717 2883 750 2914 in
766 2884 848 2915 bunc
874 2883 967 2914 fuerit
995 2884 1142 2921 resoluta,
1156 2883 1259 2914 calida
1288 2887 1320 2912 et
1350 2879 1478 2912 humida
1504 2879 1657 2921 paulatim

198 2930 333 2971 primum
344 2930 487 2965 incidens
498 2933 642 2967 villorum
653 2936 776 2970 illorum
793 2939 821 2970 vi
838 2948 1014 2980 compressa
1027 2937 1231 2980 restringitur,
1247 2943 1423 2978 compressa
1433 2944 1507 2967 vero
1518 2933 1657 2973 exstinc-
