1840 3225
517 774 1095 827 ALCIBIADES
1170 777 1212 827 Ι.

580 1036 826 1080 SOCRATES‚
848 1037 1075 1070 ALCIBIAD
1083 1038 1146 1071 Es.

126 1257 224 1299 [103]
249 1255 279 1288 O
298 1265 368 1287 rim
385 1255 511 1292 Cliniae,
528 1253 670 1286 admirari
686 1258 719 1285 te
734 1255 874 1292 arbitror,
891 1255 976 1296 quod
991 1265 1061 1287 cum
1077 1255 1193 1296 primus
1209 1257 1277 1298 ipse
1294 1259 1434 1290 onmium
1453 1270 1555 1292 amare
1569 1266 1599 1293 tc

125 1309 285 1351 coeperim,
300 1310 411 1341 ceteris
425 1307 642 1340 desinentibus
658 1312 689 1338 te
716 1307 860 1349 diligere,
877 1308 960 1339 solus
976 1309 1009 1339 in
1025 1309 1247 1341 benevolentia
1269 1321 1432 1352 persevero
1448 1326 1455 1344 :
1481 1320 1514 1345 et
1528 1326 1599 1346 cum

125 1362 217 1395 amici
232 1362 344 1404 reliqui
369 1361 573 1404 frequentiori
595 1361 826 1392 consuetudine
842 1361 900 1392 tibi
923 1361 1066 1403 quotidie
1090 1363 1212 1394 molesti
1228 1364 1356 1403 fuerint,
1373 1377 1432 1408 ego
1449 1373 1496 1398 tot
1511 1369 1601 1400 aunis

124 1426 166 1448 ne
189 1416 319 1448 minime
335 1415 546 1448 salutaverim.
593 1414 699 1456 Hujus
716 1419 821 1445 autem
838 1415 879 1445 rei
904 1425 999 1446 causa
1014 1425 1078 1446 non
1094 1416 1265 1449 humanum
1291 1419 1467 1461 quippiam,
1484 1422 1537 1453 sed
1555 1433 1601 1454 re-

127 1470 301 1513 pugnantia
314 1470 458 1512 quaedam
485 1468 636 1500 daemonii
659 1468 730 1505 fuit,
756 1468 848 1510 cujus
864 1469 1038 1510 potentiam
1062 1469 1095 1500 in
1119 1471 1322 1511 sequentibus
1339 1474 1458 1506 audies.
1504 1474 1601 1508 Nunc

123 1534 201 1555 vero
213 1534 284 1556 cum
299 1534 363 1554 non
379 1523 458 1554 ultra
474 1527 640 1564 repugnet,
656 1523 718 1553 huc
734 1521 777 1552 ita
793 1522 952 1564 profectus
967 1532 1049 1564 sum.
1072 1534 1162 1565 spero
1173 1525 1311 1567 insuper,
1323 1529 1424 1559 necin
1439 1533 1599 1570 posterum

123 1578 214 1608 nobis
239 1578 483 1609 adversaturum.
508 1575 659 1618 superiori
686 1580 790 1607 autem
815 1581 955 1618 tempore
977 1578 1229 1617 considerabam,
1244 1591 1307 1622 quo
1323 1586 1418 1622 pacto
1434 1593 1508 1624 erga
1530 1588 1600 1616 tuos

125 1631 245 1663 amicos
256 1636 288 1662 te
314 1641 444 1673 gerereS.
491 1630 556 1668 Qui
581 1630 728 1672 quamvis
747 1630 839 1661 multi
862 1636 968 1662 essent
981 1636 1077 1673 atque
1093 1633 1231 1675 superbi,
1247 1645 1339 1666 nemo
1356 1640 1460 1667 tamen
1476 1647 1514 1668 ex
1538 1638 1600 1669 illis

123 1684 196 1722 fuit,
209 1686 286 1727 quin
300 1685 402 1716 abste
417 1684 498 1715 fastu
523 1689 686 1726 superatus
709 1684 830 1715 abierit.
876 1684 980 1722 Quam
1007 1696 1079 1716 vero
1095 1686 1136 1717 ob
1161 1697 1287 1719 causam
1314 1688 1412 1732 [104]
1436 1689 1507 1722 illos
1522 1702 1598 1723 con-

124 1739 302 1780 tempseris,
317 1739 493 1781 explicabo.
539 1738 598 1769 Ais
614 1738 709 1774 enim,
728 1743 758 1769 te
782 1738 868 1769 nulla
883 1738 917 1770 in
942 1749 973 1770 re
995 1740 1173 1771 hominibus
1196 1741 1265 1772 aliis
1288 1742 1455 1784 indigere:
1480 1745 1599 1787 quippe

125 1803 200 1834 quae
213 1793 270 1824 tibi
282 1793 402 1831 insunt,
417 1793 461 1824 ita
476 1803 544 1824 esse
558 1792 719 1835 praeclara,
737 1798 772 1824 ut
787 1803 846 1825 nec
861 1793 902 1824 ad
918 1794 1056 1836 corporis
1071 1805 1130 1826 nec
1145 1795 1185 1825 ad
1201 1796 1296 1826 animi
1312 1797 1395 1828 bona
1410 1799 1597 1841 cujusquam

123 1857 230 1888 egeas.
273 1846 442 1878 Existimas
457 1852 488 1878 te
503 1846 534 1877 in
550 1846 655 1888 primis
670 1857 800 1888 procero
816 1852 910 1888 atque
940 1847 1054 1879 decoro
1077 1849 1216 1889 corporis
1231 1850 1337 1882 habitu
1355 1851 1521 1892 plurimum
1544 1864 1599 1884 ex-

123 1901 248 1932 cellere.
271 1906 367 1943 atque
382 1901 417 1932 id
432 1901 517 1942 apud
535 1910 643 1932 omnes
657 1905 794 1932 constat.
837 1900 1043 1932 Nobilissimo
1060 1907 1210 1942 praeterea
1225 1914 1338 1944 genere
1355 1910 1455 1936 ortum
1472 1911 1502 1937 te
1518 1917 1598 1948 prae-

123 1954 215 1986 dicas
228 1965 291 1997 prae
306 1954 430 1992 ceteris,
446 1955 501 1996 qui
517 1955 550 1986 in
567 1955 625 1986 hac
641 1955 716 1985 urbe
727 1959 812 1996 sunt,
824 1954 985 1986 civitatum
998 1955 1176 1987 Graecarum
1188 1957 1392 1998 amplissima.
1417 1971 1453 1990 ex
1469 1965 1598 2001 paterno

125 2008 252 2050 quidem
269 2008 366 2040 latere
384 2008 501 2040 amieos
524 2014 618 2050 atque
642 2013 794 2050 cognatos
817 2008 925 2040 adesse
942 2019 1035 2050 quam
1058 2009 1207 2051 plurimos
1229 2017 1261 2042 et
1277 2012 1412 2053 optimos
1428 2014 1521 2051 viros,
1543 2015 1598 2056 qui

121 2062 182 2093 tibi
198 2063 318 2104 omnia,
333 2073 404 2094 cum
420 2073 500 2104 opus
517 2063 622 2099 fuerit,
637 2063 880 2094 sumministrare
898 2064 1019 2105 possint
1033 2075 1040 2094 :
1067 2069 1222 2095 maternos
1248 2076 1374 2108 quoque
1390 2077 1449 2098 nec
1466 2068 1532 2099 istis
1547 2069 1597 2099 in-

123 2115 263 2154 feriores,
290 2127 394 2158 neque
420 2115 514 2147 etiam
541 2117 715 2158 pauciores.
761 2117 823 2149 Sed
852 2118 951 2149 multo
979 2117 1126 2159 majorem
1149 2118 1187 2149 iis
1210 2120 1355 2151 omnibus
1381 2122 1598 2153 auctoritatem

124 2169 234 2201 afferre
251 2170 307 2201 tibi
321 2171 360 2201 ad
378 2181 425 2202 res
448 2172 585 2212 agendas
613 2171 768 2202 Periclem
794 2171 973 2213 Xanthippi
998 2172 1111 2213 filium,
1139 2183 1232 2214 quem
1258 2174 1386 2215 quidem
1412 2180 1500 2216 pater
1526 2181 1599 2207 tuus

123 2227 258 2255 tutorem
281 2224 338 2254 tibi
364 2224 510 2266 fratrique
534 2224 681 2266 reliquit:
705 2226 761 2267 qui
783 2236 847 2257 non
874 2225 906 2257 in
930 2227 990 2257 hac
1014 2226 1143 2258 civitate
1168 2228 1283 2268 solum,
1303 2238 1500 2270 quaecunque
1517 2230 1599 2270 vult,

125 2282 242 2318 potest,
268 2278 323 2309 sed
349 2277 383 2309 in
410 2278 496 2310 omni
520 2278 643 2311 Graecia
667 2284 700 2310 et
722 2279 757 2310 in
781 2280 888 2311 multis
914 2281 1006 2312 etiam
1033 2292 1070 2313 ac
1097 2281 1167 2313 latis
1193 2283 1390 2314 barbarorum
1418 2284 1597 2325 generibus.

128 2329 288 2363 Adderem
305 2342 433 2374 quoque
447 2332 653 2374 amplissimas
669 2338 791 2365 tuorum
807 2335 952 2366 divitias:
968 2335 1030 2366 nisi
1045 2341 1075 2367 te
1091 2336 1200 2367 scirem
1215 2337 1248 2367 in
1264 2336 1302 2367 iis
1316 2337 1441 2368 minime
1457 2339 1596 2369 omnium

127 2384 263 2424 gloriari.
306 2385 428 2417 Horum
444 2387 583 2417 omnium
599 2397 693 2419 causa
709 2388 790 2419 fastu
806 2389 920 2430 elatus,
943 2389 1110 2421 familiares
1134 2401 1242 2422 omnes
1259 2391 1404 2432 superbia
1420 2393 1574 2432 superasti
1588 2404 1597 2423 :

124 2443 222 2479 atque
234 2439 309 2481 ipsi,
322 2444 434 2481 utpote
449 2439 623 2483 inferiores,
638 2442 698 2473 tibi
713 2448 884 2474 cesserunt.
907 2443 1022 2485 Neque
1035 2455 1108 2476 vero
1126 2445 1183 2475 ista
1197 2449 1228 2476 te
1244 2445 1372 2477 latuere.
1396 2446 1596 2487 quamobrem

127 2502 232 2533 neque
258 2503 309 2524 me
333 2494 426 2525 etiam
452 2494 546 2537 fugit,
575 2496 719 2528 admirari
749 2502 793 2535 te,
822 2509 886 2540 quo
916 2498 1019 2528 animo
1050 2498 1082 2529 in
1114 2498 1336 2529 benevolentia
1367 2500 1597 2539 perseverarim,

124 2556 258 2587 quamve
284 2557 371 2587 spem
399 2547 439 2578 de
467 2553 498 2578 te
524 2550 735 2591 conceperim,
762 2551 816 2592 qui
842 2551 911 2582 aliis
937 2556 968 2583 te
991 2551 1240 2593 relinquentibus
1266 2551 1333 2593 ipse
1359 2552 1442 2582 solus
1458 2553 1595 2584 omnium

122 2600 256 2641 perstiti.
301 2599 367 2633 AL.
390 2600 436 2632 At
459 2601 542 2632 istud
570 2602 650 2635 forte
672 2604 786 2642 nescis,
811 2615 830 2636 ο
856 2605 1013 2646 Socrates,
1037 2611 1069 2637 te
1097 2616 1182 2637 nunc
1210 2616 1260 2637 me
1288 2605 1382 2647 paulo
1399 2607 1598 2647 praevenisse·

123 2660 253 2686 venerat
268 2655 351 2686 enim
366 2655 398 2686 in
413 2656 550 2687 animum
564 2657 651 2695 mihi,
667 2664 703 2690 ut
717 2664 747 2691 te
762 2659 844 2701 prior
859 2660 987 2691 adortus
1001 2661 1070 2692 haec
1085 2660 1193 2691 eadem
1211 2665 1241 2691 te
1258 2670 1408 2702 rogarem.
1434 2660 1596 2697 Quidnam

125 2708 196 2739 vis?
219 2708 295 2750 quid
313 2720 440 2751 sperans
468 2721 518 2742 me
534 2712 652 2753 turbas,
675 2718 710 2743 ut
731 2724 864 2755 semper,
887 2714 1069 2756 ubicunque
1092 2725 1174 2751 sum,
1197 2714 1467 2746 observantissime
1490 2715 1597 2745 adsis?

125 2760 251 2793 Revera
273 2763 357 2794 enim
383 2765 462 2807 quid
489 2765 530 2796 sit
552 2766 718 2797 consilium
743 2772 830 2799 tuum
856 2768 1002 2809 admiror,
1029 2767 1170 2809 illudque
1195 2767 1326 2799 libenter
1341 2767 1492 2800 audirem.
1538 2768 1595 2799 So.

127 2814 251 2848 Audies
265 2817 361 2860 igitur
374 2820 435 2851 hoc
450 2830 469 2850 a
482 2830 545 2857 me,
561 2825 598 2851 ut
612 2820 718 2862 decet,
739 2823 966 2864 quamprimum
983 2835 990 2853 :
1018 2822 1186 2864 siquidem,
1208 2827 1242 2853 ut
1257 2822 1312 2859 ais,
1337 2832 1426 2853 nosse
1441 2827 1473 2852 et
1488 2823 1595 2853 audire

125 2870 294 2909 desideras,
310 2872 387 2914 quid
402 2874 549 2915 cogitem.
571 2885 631 2916 ego
646 2874 732 2909 enim
748 2880 895 2918 tanquam
911 2875 1107 2919 exspectanti
1124 2882 1157 2907 et
1172 2876 1384 2908 auscultaturo
1401 2876 1432 2906 id
1450 2876 1589 2907 reseram.

133 2924 197 2957 Ar..
220 2924 263 2956 Et
277 2927 408 2959 maxime
424 2928 564 2970 quidem.
586 2929 673 2961 dieas
690 2929 795 2964 modo.
841 2930 897 2962 So.
920 2930 1004 2962 Vide
1019 2930 1138 2972 itaque,
1161 2941 1263 2971 neque
1274 2931 1356 2961 cuim
1370 2930 1478 2960 mirum
1496 2931 1596 2962 videri

219 2978 308 3012 Piae.
326 2981 380 3013 Tr.
901 2984 949 3017 11.
1495 2983 1518 3013 F
