1840 3225
155 205 225 257 90]
793 205 1028 245 TIMAEUS.
1554 210 1632 247 275

158 314 218 341 est.
239 310 381 352 proxime
401 311 442 343 ad
458 312 537 342 hanc
561 309 685 342 accedit
698 310 801 341 vectio
819 310 932 346 facilis,
948 311 1014 341 sive
1042 311 1114 340 navi
1131 321 1184 340 seu
1203 310 1313 351 quovis
1329 310 1391 340 alio
1411 309 1558 340 vehiculo
1574 320 1631 351 pe-

158 372 295 405 ragatur.
309 366 402 397 tertia
414 365 630 396 commotionis
646 363 769 404 species
781 369 855 394 tunc
872 363 1010 400 demum,
1021 374 1090 394 cum
1105 374 1226 395 summa
1239 364 1323 405 cogit
1335 363 1518 400 necessitas,
1529 364 1629 400 utilis,

155 419 248 449 aliter
270 429 342 450 vero
368 421 456 450 nullo
486 418 580 450 modo
594 428 678 448 sanae
694 417 810 448 mentis
826 418 943 449 homini
964 418 1176 459 suscipienda.
1199 417 1394 449 medicorum
1409 418 1466 448 illa
1485 419 1630 460 purgatio

154 478 214 508 est,
231 483 300 514 quae
317 473 501 514 pharmacis,
517 472 551 502 id
564 477 612 502 est
627 472 768 502 solutivis
784 472 928 508 medelis,
946 472 1012 503 fieri
1027 473 1120 502 solet.
1138 472 1238 503 morbi
1252 472 1337 502 enim
1350 473 1412 502 nisi
1429 472 1629 513 periculosis-

154 526 225 557 simi
236 527 309 563 sint,
319 527 494 568 pharmacis
505 525 649 556 irritandi
664 536 728 557 non
744 533 827 557 sunt.
849 526 951 557 omnis
964 537 1099 567 namque
1115 527 1292 557 morborum
1309 526 1490 556 constitutio
1505 526 1627 557 anima-

151 580 230 611 lium
242 587 359 612 naturae
372 579 602 622 quodammodo
618 580 730 611 similis
744 586 802 611 est.
820 591 896 611 sane
913 581 1094 611 animalium
1110 580 1295 621 compositio
1310 581 1350 610 ab
1366 580 1435 620 ipso
1448 580 1628 620 generatio-

152 635 203 665 nis
218 635 346 666 exordio
363 635 458 666 certis
474 639 650 676 temporum
667 635 828 665 curriculis
844 635 1027 665 terminatur
1043 646 1048 664 :
1066 634 1162 676 idque
1189 639 1222 665 et
1237 644 1336 675 genus
1349 634 1529 664 universum
1544 634 1626 676 pati·

154 693 213 724 tur,
229 693 261 719 et
276 689 392 719 animal
406 688 649 731 unumquodque
665 689 704 719 ab
721 694 789 720 ortu
804 689 900 720 fatale
919 689 1048 720 vivendi
1063 690 1200 730 spatium
1216 689 1249 719 in
1265 699 1298 719 se
1313 688 1394 729 ipso,
1411 688 1554 729 exceptis
1568 698 1626 719 ne-

151 743 294 773 cessariis
312 743 520 784 passionibus,
536 743 689 774 continet.
712 744 833 774 etenim
847 744 997 785 trianguli
1013 743 1052 774 ab
1070 744 1139 785 ipso
1154 743 1245 774 initio
1262 743 1455 783 singulorum
1470 742 1533 772 vim
1550 753 1623 783 pos-

149 796 300 833 sidentes,
317 808 414 838 usque
429 797 470 828 ad
485 803 605 829 certum
620 803 745 839 tempus
759 798 949 828 sufficienter
963 799 1002 828 ad
1018 808 1109 828 usum
1126 798 1198 828 vitae
1215 798 1374 828 cohaerent
1388 808 1394 826 ε
1413 797 1495 827 ultra
1509 795 1543 826 id
1556 797 1622 827 vita

149 851 271 882 nemini
290 858 483 894 prorogatur.
505 852 591 882 idem
608 863 731 894 quoque
754 852 986 883 constitutionis
1000 852 1112 883 modus
1129 851 1309 894 langoribus
1326 850 1484 887 convenit,
1502 861 1581 892 quos
1596 851 1624 882 si

149 906 220 947 quis
235 906 314 937 citra
335 906 466 937 fatalem
481 907 632 948 temporis
647 918 770 938 cursum
786 907 964 948 pharmacis
987 912 1148 948 amputare
1172 905 1381 942 contenderit,
1398 916 1438 935 ex
1458 905 1564 946 parvis
1576 905 1625 936 in-

150 966 273 1001 gentes,
297 971 337 991 ex
363 962 474 1002 paucis
488 962 580 992 multi
596 961 730 992 evadere
755 966 994 992 consueverunt.
1016 966 1207 1002 quapropter
1222 959 1388 1001 diligentia
1402 960 1504 990 victus
1530 959 1626 990 corri-

151 1013 247 1056 gendi
263 1020 295 1045 et
309 1015 502 1056 gubernandi
528 1021 601 1046 sunt
615 1016 726 1052 morbi,
740 1021 832 1057 prout
858 1016 970 1056 cuique
996 1015 1088 1046 datur
1112 1015 1211 1046 otium
1227 1027 1232 1044 :
1250 1024 1354 1055 neque
1371 1013 1499 1044 difficile
1525 1013 1625 1043 infes-

150 1074 279 1110 tumque
295 1071 412 1100 malum
440 1070 616 1111 pharmacis
639 1069 863 1111 instigandum.
887 1080 923 1101 ac
939 1069 978 1100 de
996 1070 1153 1101 communi
1169 1069 1298 1111 quidem
1324 1068 1453 1099 animali
1475 1072 1508 1098 et
1533 1072 1624 1108 parte

148 1122 235 1154 illius
249 1134 405 1165 corporea,
421 1135 483 1166 qua
498 1124 663 1166 diligentia
675 1124 812 1166 regenda
828 1130 861 1155 et
877 1124 1080 1165 gubernanda
1096 1125 1169 1160 sint,
1184 1129 1220 1154 ut
1234 1123 1314 1153 ratio
1329 1121 1459 1152 vivendi
1474 1126 1626 1157 servetur,

149 1178 227 1208 satis
242 1178 283 1209 sit
298 1177 429 1209 dictum.
452 1179 555 1220 ipsum
575 1190 659 1215 vero,
677 1178 762 1220 quod
783 1179 1027 1220 gubernaturum
1053 1185 1111 1215 est,
1127 1179 1228 1209 multo
1242 1177 1344 1218 magis
1357 1187 1393 1207 ac
1409 1176 1496 1217 prius
1507 1176 1552 1206 ita
1567 1186 1626 1217 pro

152 1232 268 1262 vin'bus
280 1232 499 1263 instruendum
511 1238 569 1269 est,
593 1239 628 1264 ut
641 1243 736 1273 quam
760 1234 878 1274 optime
903 1238 997 1275 atque
1012 1233 1224 1274 pulcherrime
1241 1231 1283 1262 ad
1298 1230 1471 1272 regendum
1486 1230 1528 1260 sit
1542 1240 1624 1271 prae-

149 1292 304 1328 paratum.
327 1292 439 1317 exacta
453 1287 580 1328 quidem
595 1287 690 1329 hujus
715 1287 762 1318 rei
778 1287 930 1318 discussio
952 1287 1110 1328 propriam
1133 1286 1192 1317 sibi
1209 1292 1241 1317 et
1254 1287 1410 1327 integram
1438 1284 1626 1326 disputatio-

149 1350 225 1370 nem
237 1341 378 1381 exigeret
390 1352 398 1379 ;
414 1346 565 1382 quantum
580 1352 655 1372 vero
677 1341 755 1372 forte
769 1341 811 1372 ad
823 1342 868 1378 id,
882 1352 943 1383 quo
960 1340 1000 1371 de
1017 1341 1148 1382 agimus,
1164 1340 1289 1375 attinet,
1306 1339 1333 1370 si
1348 1339 1418 1381 quis
1430 1348 1488 1380 per
1501 1338 1624 1379 superi·

149 1403 238 1425 orum
251 1395 386 1436 vestigia
402 1395 570 1436 gradiatur,
585 1406 648 1426 non
663 1396 795 1426 absurde
809 1396 854 1427 sic
867 1395 1004 1426 maxime
1017 1394 1218 1437 procedendo
1234 1395 1273 1425 ad
1287 1392 1484 1425 commodum
1494 1392 1624 1422 istorum

149 1447 247 1479 finem
269 1449 445 1490 perveniet.
478 1460 563 1491 saepe
586 1450 620 1480 in
647 1450 856 1492 superioribus
880 1450 1017 1480 diximus
1038 1455 1102 1480 tres
1118 1459 1187 1480 esse
1211 1449 1325 1479 animae
1346 1447 1470 1490 species
1483 1447 1517 1477 in
1533 1446 1626 1476 nobis

148 1502 301 1534 trifariam
325 1503 516 1540 distributas,
535 1504 734 1546 singulasque
750 1515 822 1536 suos
833 1510 936 1535 motus
952 1504 1079 1534 habere.
1100 1504 1146 1534 ita
1161 1509 1236 1534 tunc
1252 1503 1361 1544 paucis
1386 1501 1623 1537 concludamus,

150 1566 344 1599 quaecunque
359 1557 485 1588 illarum
499 1563 603 1600 torpet
617 1564 650 1589 et
676 1569 695 1589 a
710 1559 774 1589 suis
788 1559 925 1589 motibus
952 1559 1048 1589 otium
1075 1558 1151 1599 agit,
1164 1557 1430 1588 imbecillisimam
1444 1555 1625 1586 necessario

150 1609 242 1641 reddi
257 1622 266 1649 3
283 1622 351 1653 quae
367 1622 442 1642 vero
456 1612 522 1653 agit
535 1612 672 1649 assidue,
694 1613 951 1644 robustissimam.
974 1617 1165 1654 quapropter
1185 1611 1294 1642 danda
1309 1618 1357 1641 est
1377 1621 1483 1652 opera,
1498 1615 1534 1640 ut
1547 1619 1623 1650 spe-

150 1665 216 1696 cies
229 1665 360 1707 singulae
375 1671 478 1697 motus
493 1677 564 1698 suos
578 1667 661 1697 inter
681 1677 715 1697 se
731 1667 907 1699 moderatos
922 1667 1123 1699 convenienti
1136 1672 1246 1697 tenore
1269 1670 1466 1696 conservent.
1491 1663 1566 1706 [90]
1579 1663 1620 1693 de

148 1720 408 1760 praestantissima
422 1721 516 1762 igitur
531 1722 643 1752 animas
664 1727 778 1752 nostrae
794 1723 901 1763 specie
924 1722 969 1752 ita
984 1726 1033 1752 est
1045 1721 1246 1751 sentiendum
1259 1732 1267 1749 τ
1288 1730 1405 1760 nempe
1420 1719 1501 1749 hanc
1518 1718 1619 1754 Deus,

149 1779 185 1804 ut
200 1773 377 1805 daemonem
391 1781 541 1813 nostrum,
559 1776 671 1817 cuique
687 1776 814 1806 tribuit:
836 1777 917 1807 hanc
932 1776 966 1806 in
983 1786 1105 1806 summa
1132 1774 1270 1816 corporis
1290 1784 1362 1805 arce
1379 1772 1488 1803 sedem
1503 1772 1620 1803 habere

149 1827 295 1864 dicimus,
312 1834 405 1871 atque
422 1829 463 1859 ad
479 1831 550 1860 coeli
571 1830 793 1871 cognationem
817 1840 835 1861 a
856 1835 939 1860 terra
953 1841 1010 1861 nos
1024 1830 1148 1865 tollere,
1163 1834 1314 1869 tanquam
1335 1827 1484 1857 animalia
1499 1827 1622 1857 coelesti

147 1882 253 1924 potius
267 1893 361 1924 quam
372 1889 496 1914 terreno
509 1885 629 1915 semine
643 1889 730 1915 nata.
754 1884 838 1925 quod
855 1884 984 1925 quidem
997 1888 1084 1914 recte
1100 1882 1269 1913 admodum
1285 1881 1409 1912 dicitur.
1431 1879 1516 1911 unde
1532 1880 1619 1912 enim

148 1937 267 1978 primus
290 1938 402 1968 animae
419 1937 510 1969 datus
537 1945 586 1969 est
605 1944 701 1975 ortus,
717 1939 795 1969 inde
812 1938 920 1968 divina
934 1938 982 1968 vis
1001 1942 1097 1979 caput
1111 1936 1312 1977 radicemque
1330 1940 1362 1966 et
1377 1935 1528 1975 originem
1545 1945 1621 1966 nos-

148 1995 229 2021 tram
243 1991 438 2032 pendentem
451 1993 659 2034 suspendens,
674 1998 772 2023 totum
790 1992 896 2033 dirigit
912 2002 1035 2034 corpus.
1056 1992 1090 2022 in
1106 2002 1144 2022 eo
1156 1991 1260 2032 igitur,
1278 1990 1331 2031 qui
1353 1989 1618 2030 concupiscentiae

147 2050 182 2075 et
197 2045 369 2076 ambitiosae
384 2046 554 2077 iracundiae
572 2046 737 2077 affectibus
753 2046 919 2088 explendis
939 2046 1104 2082 incumbit,
1120 2055 1250 2076 necesse
1267 2049 1316 2075 est
1330 2044 1495 2086 opiniones
1510 2053 1622 2074 omnes

147 2099 295 2131 mortales
320 2100 400 2136 fieri,
417 2105 510 2142 atque
536 2111 618 2137 eum,
635 2111 729 2143 quam
756 2101 892 2131 maxime
909 2101 977 2131 fieri
991 2106 1112 2142 potest,
1127 2100 1293 2131 mortalem
1321 2109 1444 2140 prorsus
1471 2097 1620 2138 evadere,

147 2164 221 2185 cum
242 2155 408 2186 mortalem
434 2160 575 2186 naturam
592 2166 648 2197 pro
664 2155 780 2186 viribus
806 2155 945 2186 auxerit:
963 2160 996 2186 at
1011 2165 1094 2191 eum,
1112 2155 1166 2196 qui
1186 2159 1270 2185 totus
1286 2152 1446 2184 discendae
1475 2152 1620 2182 veritatis

147 2206 323 2249 cupiditate
338 2209 526 2250 flagraverit,
543 2215 637 2251 atque
658 2220 784 2241 omnem
808 2209 877 2252 ejus
892 2220 1020 2252 operam
1043 2209 1201 2251 praecipue
1215 2209 1247 2239 in
1263 2209 1321 2239 hoc
1339 2218 1400 2238 uno
1416 2205 1620 2248 impenderit*

146 2271 278 2293 necesse
291 2271 340 2294 est
353 2263 492 2300 omnino,
509 2265 535 2295 si
551 2263 679 2306 quidem
692 2265 857 2295 veritatem
876 2265 1022 2306 attingat,
1035 2264 1223 2295 immortalia
1239 2268 1271 2293 et
1287 2262 1394 2293 divina
1410 2261 1619 2302 comprehen-

149 2315 223 2346 dere
236 2328 243 2355 3
260 2322 294 2348 et
307 2323 461 2358 quatenus
473 2318 612 2349 humana
625 2324 736 2350 natura
750 2319 1019 2350 immortalitatem
1039 2318 1164 2359 assequi
1181 2322 1295 2359 potest,
1312 2322 1443 2347 eatenus
1460 2316 1543 2346 hunc
1558 2325 1620 2355 pe-

148 2369 234 2400 nitus
248 2370 453 2402 immortalem
469 2372 615 2409 evadere,
631 2374 720 2404 nulla
733 2374 885 2404 videlicet
897 2373 1141 2404 immortalitatis
1156 2380 1245 2413 parte
1261 2371 1390 2402 dimissa
1405 2381 1413 2407 3
1429 2370 1504 2411 quin
1521 2369 1618 2400 etiam

149 2434 223 2454 cum
238 2434 361 2466 semper
383 2425 522 2456 divinum
538 2427 632 2463 colat,
652 2428 818 2469 ipsumque
835 2428 1022 2459 familiarem
1039 2427 1217 2458 daemonem
1230 2426 1264 2456 in
1281 2436 1315 2456 se
1331 2424 1444 2455 habeat
1457 2423 1620 2454 ornatissi-

149 2488 248 2514 mum,
272 2479 431 2520 praecipue
445 2479 572 2510 beatum
592 2480 668 2512 fore.
692 2482 814 2513 cultura
843 2487 949 2513 autem
972 2481 1122 2523 cujusque-
1150 2481 1278 2511 omnino
1294 2489 1356 2510 una
1372 2483 1430 2514 est,
1458 2477 1618 2519 proprium

149 2533 263 2575 cuique
279 2533 425 2574 pabulum
442 2540 622 2576 motumque
636 2535 782 2567 tribuere.
805 2537 835 2567 ei
852 2547 935 2572 vero,
949 2535 1034 2578 quod
1049 2536 1081 2566 in
1097 2535 1188 2566 nobis
1204 2534 1342 2565 divinum
1359 2538 1418 2568 est,
1429 2537 1532 2563 motus
1545 2542 1620 2573 cog-

147 2587 216 2618 nati
233 2593 305 2618 sunt
321 2588 456 2618 universi
478 2589 577 2629 ipsius
602 2589 808 2630 cogitationes
839 2595 933 2632 atque
959 2590 1117 2621 circuitus.
1139 2590 1195 2620 hos
1219 2589 1325 2630 itaque
1349 2592 1491 2618 secutum
1506 2597 1620 2617 unum-

149 2651 306 2684 quemque
322 2647 462 2673 nostrum
478 2648 602 2684 oportet
617 2643 828 2675 discursiones
839 2645 911 2676 illas
926 2650 1051 2675 nostras
1065 2645 1098 2674 in
1114 2643 1230 2684 capite,
1247 2643 1324 2673 olim
1336 2651 1355 2672 a
1370 2641 1471 2683 prima
1487 2650 1619 2682 genera-

148 2695 235 2726 tione
265 2702 434 2738 corruptas,
451 2708 508 2738 per
522 2698 624 2738 ipsam
650 2698 817 2730 mundanae
833 2700 1002 2730 harmoniae
1027 2698 1292 2739 revolutionisque
1308 2695 1551 2737 intelligentiam
1576 2695 1622 2725 ita

149 2749 314 2791 corrigere,
331 2756 365 2781 ut
380 2751 549 2783 intellectae
564 2752 610 2782 rei
626 2752 858 2794 intelligentem
872 2755 935 2784 vim
959 2752 1132 2784 secundum
1147 2752 1312 2794 pristinam
1324 2756 1468 2782 naturam
1483 2749 1619 2779 similem

150 2801 272 2839 reddat,
297 2814 354 2846 per
370 2815 465 2846 quam
488 2805 727 2837 similitudine-m
747 2807 833 2844 vitae,
846 2818 866 2838 a
888 2808 962 2839 Deo
978 2807 1105 2848 optimae
1132 2806 1223 2837 nobis
1246 2805 1425 2847 propositae,
1441 2809 1474 2834 et
1490 2804 1523 2833 in
1539 2813 1621 2843 prae-

151 2856 235 2886 senti
249 2862 389 2898 tempore
409 2865 443 2889 et
459 2859 491 2889 in
513 2860 615 2890 futuro
630 2860 725 2891 finem
751 2861 972 2903 adipiscamur.
994 2860 1056 2892 Sed
1068 2861 1134 2903 jam
1148 2860 1319 2902 disputatio
1345 2859 1402 2889 illa
1418 2857 1457 2888 de
1475 2857 1620 2887 universo

150 2918 249 2950 usque
267 2910 307 2940 ad
323 2914 558 2953 generationem
573 2915 732 2946 hominum
746 2916 838 2947 nobis
854 2916 1016 2958 proposita
1029 2915 1124 2946 finem
1139 2924 1229 2957 paene
1244 2924 1335 2945 suum
1351 2912 1467 2952 adepta
1481 2909 1618 2941 videtur.

155 2970 328 2997 ceterorum
344 2976 416 2999 vero
437 2967 642 3001 animantium
664 2970 910 3012 generationem,
928 2977 1082 3014 quatenus
1102 2970 1255 3005 duntaxat
1279 2966 1448 3001 necessitas
1470 2965 1620 3007 postulat,
