1840 3225
168 221 238 272 54]
754 217 1036 256 PmLEssUS.
1575 225 1627 262 23

169 325 302 366 raissius,
318 337 478 369 magnum,
493 336 632 368 parvum,
648 335 726 361 raro,
743 325 849 357 crebro
873 323 1061 365 suscipiunt,
1076 323 1115 353 ad
1133 322 1245 354 infiniti
1263 333 1371 365 genus,
1388 326 1472 366 quod
1491 337 1546 368 per
1561 329 1628 360 ani-

170 389 251 410 mam
267 390 443 423 corpusque
467 381 636 412 secundum
666 379 762 419 magis
789 379 928 409 minusve
951 377 1108 416 discurrit,
1134 377 1242 409 referre
1258 379 1370 410 decet:
1396 390 1465 421 quae
1482 392 1554 413 vero
1570 383 1630 415 ista

169 442 234 463 non
259 435 401 475 capiunt,
427 435 464 465 ad
494 433 732 464 commensurati
758 443 855 473 genus
884 431 988 473 potius
1015 431 1196 462 referendae.
1243 433 1329 463 Pno.
1353 432 1454 465 Recte
1477 435 1590 477 inquis,
1607 448 1626 468 ο

168 485 323 518 Socrates.
367 488 421 519 So.
446 487 523 518 Post
549 488 615 518 haec
641 487 672 517 id
700 487 828 527 insuper
851 486 932 517 circa
956 485 1130 526 voluptates
1144 483 1382 518 instituendum.
1428 488 1513 521 Pno.
1539 490 1627 528 Quid

168 539 278 571 istud?
324 542 378 573 So.
403 542 515 573 Utrum
532 541 700 573 dicendum
717 541 757 571 sit
770 540 910 572 conferre
925 540 965 570 ad
991 539 1150 570 veritatem
1167 550 1277 580 purum
1302 542 1400 581 ipsum
1417 549 1510 585 atque
1527 546 1628 577 since-

168 604 246 630 rum,
271 605 311 626 an
327 596 510 638 vehemens&
522 596 663 631 multum,
686 605 842 635 magnum,
867 593 1043 624 sufficiens?
1088 593 1175 624 Pno.
1200 593 1286 629 Quid
1310 594 1364 625 tibi
1393 596 1448 632 vis,
1473 598 1547 629 dum
1571 600 1629 630 ista

167 657 270 688 rogas,
296 660 314 680 o
339 650 507 681 Socrates?
552 650 605 682 So.
630 649 730 685 Nihil,
756 660 774 679 o
800 649 982 686 Protarclre‚
1007 647 1041 677 in
1065 647 1132 688 ipsa
1155 647 1383 688 disceptatione
1406 651 1575 693 voluptatis
1598 660 1630 685 et

166 701 306 733 scientiae
335 705 567 744 praetermittere
593 704 726 734 vellem:
751 702 901 744 siquidem
929 701 1087 741 utriusque
1111 700 1233 731 illorum
1258 703 1359 742 portio
1383 706 1525 744 quaedam
1542 718 1631 748 pura,

168 757 313 797 quaedam
328 757 449 798 impura
463 763 530 789 est:
556 764 591 788 ut
606 762 770 798 utrumque
787 767 896 798 purum
913 756 945 786 in
957 754 1113 796 judicium
1129 755 1257 785 veniens
1273 761 1303 786 et
1321 756 1436 787 mihiet
1452 759 1507 789 tibi
1523 765 1553 790 et
1566 761 1631 791 istis

167 810 303 852 denique
319 812 440 843 cunctis
456 813 494 843 ad
519 813 728 854 judicandum
752 822 785 841 se
801 816 942 852 apertum
959 810 1204 851 expeditumque
1232 810 1379 849 praebeat.
1423 811 1510 844 Pno.
1534 813 1631 846 Scite.

168 863 225 896 So.
249 864 321 905 Age
336 865 429 906 igitur
443 866 483 896 de
498 866 651 901 omnibus,
667 875 737 906 quae
754 875 865 905 genera
882 874 960 905 pura
983 873 1139 899 vocamus,
1155 863 1188 893 in
1205 864 1288 894 hunc
1304 865 1429 896 modum
1446 867 1630 908 cogitemus,

169 928 267 949 unum
284 919 410 961 aliquod
427 930 464 950 ex
480 917 540 951 illis
557 921 686 962 primurn
703 919 733 950 in
751 919 887 949 medium
904 918 1098 948 inducentes.
1122 917 1197 960 [53]
1221 917 1308 948 Pno.
1334 918 1418 955 Quid
1436 922 1628 961 potissimum

167 971 353 1004 eliciemus?
399 973 452 1006 So.
477 973 606 1011 Album,
623 974 649 1004 si
664 974 721 1009 vis,
738 973 836 1013 primo
851 982 949 1012 genus
971 970 1214 1002 consideremus.
1261 971 1347 1003 Puo.
1372 972 1456 1005 Volo
1471 976 1629 1016 equidem.

170 1025 226 1056 So.
249 1026 417 1062 Quomodo
433 1027 477 1058 ita
499 1028 574 1068 albi,
590 1033 621 1058 ct
636 1037 706 1069 quae
731 1027 848 1067 puritas
863 1025 942 1056 erit?
988 1025 1100 1055 Utrum
1125 1025 1209 1066 quod
1230 1025 1395 1056 maximum
1411 1028 1560 1068 quiddam
1584 1036 1632 1061 est

171 1089 209 1110 ac
235 1080 425 1122 plurimum?
449 1092 488 1112 an
516 1083 600 1124 quod
623 1082 669 1112 ita
691 1081 858 1116 sincerum,
884 1085 917 1110 ut
932 1078 1010 1109 nihil
1025 1079 1059 1109 in
1075 1089 1113 1109 eo
1137 1079 1248 1109 coloris
1262 1080 1386 1111 alterius
1401 1081 1499 1113 insit?
1543 1084 1628 1118 Pao.

171 1133 305 1164 Constat
320 1135 424 1176 plane,
441 1137 525 1177 quod
554 1136 711 1177 praecipue
726 1135 878 1165 sincerum
905 1139 962 1164 est.
1007 1133 1063 1163 So.
1086 1132 1200 1163 Probe.
1223 1143 1328 1164 nonne
1352 1135 1410 1166 hoc
1427 1136 1630 1176 verissimum,

170 1198 189 1218 ο
204 1187 386 1230 Protarcho,
402 1195 433 1219 et
450 1190 688 1230 pulcherrimum
705 1189 842 1218 alborum
859 1186 997 1218 omnium
1013 1186 1243 1225 affirmabimus,
1259 1196 1321 1216 non
1339 1193 1442 1218 autem
1458 1191 1542 1230 quod
1561 1192 1630 1232 plu-

167 1241 278 1272 rimum
293 1247 347 1273 aut
363 1243 527 1273 maximum
542 1244 552 1273 ?
598 1243 683 1273 Pao.
708 1241 823 1272 Recte.
869 1241 928 1273 So.
949 1240 982 1270 Si
997 1250 1069 1281 ergo
1085 1240 1170 1280 quod
1187 1251 1313 1281 parvum
1331 1252 1504 1284 purumque
1527 1244 1632 1276 album

169 1301 228 1333 est,
244 1297 340 1327 mixto
358 1297 519 1338 multoque
534 1297 606 1327 albo
632 1297 729 1327 albius
746 1295 966 1337 pulchriusque
982 1299 1013 1325 et
1029 1294 1128 1324 verius
1149 1305 1215 1325 esse
1240 1295 1392 1332 dicamus,
1409 1302 1491 1328 recte
1507 1299 1632 1338 penitus

168 1351 361 1382 asseremus?
407 1351 493 1383 Pno.
517 1350 620 1382 Recte
643 1351 751 1391 procul
768 1349 874 1380 dubio.
919 1349 976 1381 So.
998 1348 1152 1388 Nunquid
1176 1348 1326 1389 exemplis
1342 1349 1520 1390 hujusmodi
1537 1351 1633 1393 pluri-

169 1403 227 1433 bus
252 1404 293 1434 ad
314 1404 521 1445 judicandam
547 1405 739 1446 voluptatem
766 1403 945 1445 egebimus?
970 1413 1009 1433 an
1037 1401 1140 1443 potius
1164 1402 1237 1433 hinc
1263 1413 1353 1433 nosse
1380 1403 1522 1441 sufficiet,
1546 1407 1633 1447 quod

169 1457 313 1488 universa
327 1459 471 1500 voluptas
487 1470 581 1501 parva
596 1469 688 1501 quam
706 1468 829 1499 magna,
847 1467 947 1498 pauca
962 1466 1056 1498 quam
1073 1456 1182 1492 multa,
1199 1455 1293 1486 modo
1306 1467 1324 1487 a
1335 1457 1441 1489 dolore
1454 1465 1572 1491 remota
1583 1461 1634 1497 sit,

166 1511 289 1542 suavior
303 1517 351 1543 est
365 1518 397 1544 et
421 1513 518 1544 verior
532 1524 568 1544 ac
584 1514 720 1555 denique
745 1513 925 1555 pulchrior?
972 1511 1058 1542 Pao.
1081 1511 1266 1552 Exemplum
1292 1512 1326 1542 id
1353 1511 1479 1543 unicum
1504 1519 1551 1544 sat
1574 1521 1631 1546 est.

172 1565 227 1596 So.
252 1565 339 1602 Quid
356 1577 427 1598 vero
443 1568 481 1597 ad
497 1568 579 1599 hoc?
603 1578 642 1598 an
659 1568 847 1603 audivimus,
861 1566 1032 1607 voluptatis
1049 1566 1175 1607 quidem
1193 1566 1422 1607 generationem
1439 1578 1571 1608 semper,
1587 1579 1634 1599 es-

169 1619 301 1650 sentiam
318 1631 389 1652 vero
405 1631 564 1663 nunquam
581 1622 751 1653 exsistere?
777 1620 909 1652 modesti
933 1620 1014 1651 enim
1038 1620 1164 1662 quidam
1189 1625 1231 1652 et,
1246 1620 1341 1651 faceti
1365 1620 1421 1651 viri
1445 1621 1504 1652 hoc
1519 1621 1634 1660 serunt,

168 1673 275 1714 eisque
291 1675 547 1715 gratiabhabenda
562 1682 620 1707 est.
667 1676 754 1709 Pao.
778 1675 865 1713 Quid
882 1675 970 1706 tum?
1016 1674 1073 1705 So.
1099 1674 1198 1705 Visne
1213 1674 1248 1704 id
1274 1674 1492 1716 interrogando
1509 1687 1633 1717 percur-

170 1728 258 1757 ram?
305 1728 389 1760 Pno.
413 1729 487 1771 Dic,
510 1735 542 1760 et
557 1730 712 1772 interroga
729 1731 838 1762 modo.
880 1729 935 1761 So.
961 1729 1042 1759 Sunt
1062 1728 1156 1769 igitur
1179 1728 1242 1759 duo
1258 1729 1424 1770 quaedam:
1450 1740 1546 1760 unum
1562 1731 1635 1771 qui-

171 1779 244 1812 dem
260 1783 432 1813 secundum
447 1784 598 1825 seipsum,
622 1784 751 1815 alterum
777 1793 898 1824 semper
921 1781 1006 1813 aliud
1029 1786 1193 1823 appetens.
1239 1781 1326 1813 Pno.
1350 1782 1422 1819 Qua
1437 1783 1581 1814 ratione?
1604 1790 1637 1815 et

170 1843 241 1874 quae
264 1835 324 1866 ista
338 1847 405 1868 esse
421 1837 521 1868 dicis?
569 1839 624 1870 So.
648 1837 720 1869 Hoc
736 1842 846 1880 suapte
863 1842 972 1868 natura
987 1846 1180 1877 summopere
1205 1836 1436 1867 venerandum:
1460 1837 1537 1867 illud
1561 1848 1634 1868 vero

171 1888 333 1922 deficiens.
379 1891 466 1924 Pno.
493 1892 640 1934 Exprime
666 1893 790 1924 clarius.
837 1893 891 1923 So.
912 1891 1059 1922 Vidimus
1085 1900 1299 1931 saepenumero
1329 1891 1459 1932 pulchra
1489 1891 1635 1932 quaedam

171 1941 317 1985 bonaque
344 1945 480 1986 objecta,
507 1952 538 1977 et
564 1947 716 1987 quosdam
742 1947 883 1987 insuper,
909 1945 964 1987 qui
987 1956 1025 1976 ea
1050 1944 1181 1975 nimium
1205 1944 1399 1975 affectarent.
1434 1944 1519 1976 Pno.
1542 1945 1636 1977 Vidi-

173 2007 254 2028 mus.
298 1998 353 2029 So.
377 1998 450 2029 Istis
475 2010 547 2040 ergo
575 2001 696 2031 duobus
724 1999 953 2037 exsistentibus,
978 2000 1042 2030 duo
1067 1999 1210 2040 quaedam
1237 1998 1298 2028 alia
1322 1997 1495 2030 consimilia
1521 2009 1638 2041 quaere,

172 2061 229 2093 per
243 2052 348 2082 onmia
363 2062 558 2095 quaecunque
575 2053 708 2085 dicimus
724 2053 813 2084 alteri
828 2053 950 2084 tertium
965 2063 1044 2084 esse.
1090 2052 1179 2083 Pno.
1203 2051 1311 2083 Profer
1326 2053 1465 2090 obsecro,
1482 2053 1636 2089 Socrates,

171 2105 284 2137 clarius
299 2107 415 2144 adhuc,
432 2108 518 2148 quod
537 2108 643 2139 sentis.
687 2109 744 2139 So.
769 2107 858 2138 Nihil
883 2107 1012 2145 varium,
1028 2118 1047 2138 o
1063 2106 1232 2138 Protarche
1248 2117 1256 2136 z
1280 2106 1334 2137 sed
1347 2106 1501 2147 jocamur.
1548 2107 1639 2139 Dici-

174 2170 243 2190 mus
258 2164 374 2197 autem,
389 2162 474 2201 quod
492 2172 529 2192 ex
545 2162 581 2192 iis
597 2172 667 2203 quae
683 2166 766 2199 sunt,
783 2161 903 2203 aliquid
928 2172 1049 2203 semper
1063 2166 1110 2191 est
1127 2161 1252 2191 alterius
1268 2161 1366 2202 gratia
1382 2173 1388 2191 :
1414 2161 1530 2203 aliquid
1556 2173 1640 2198 vero,

172 2212 263 2254 cujus
279 2214 376 2255 gratia
391 2224 514 2256 semper
537 2215 584 2253 id,
612 2216 698 2258 quod
718 2215 844 2247 alterius
870 2215 968 2256 gratia
993 2215 1040 2252 fit,
1064 2215 1205 2246 efficitur.
1249 2215 1338 2247 Pno.
1367 2215 1426 2246 Vix
1449 2216 1575 2247 tandem
1599 2217 1640 2246 ob

171 2268 308 2299 crebram
336 2268 555 2310 repetitionem
581 2270 721 2312 percepi.
764 2270 821 2301 So.
847 2270 939 2301 Forte
965 2269 1058 2300 etiam
1086 2270 1276 2310 procedente
1300 2269 1513 2311 disputatione
1529 2269 1641 2301 clarius

173 2322 484 2363 comprehendemus.
508 2323 583 2366 [54]
608 2324 697 2355 Pno.
720 2324 867 2362 Quidni?
913 2324 970 2355 So.
995 2323 1071 2354 Duo
1095 2324 1162 2354 haec
1185 2324 1281 2355 altera
1303 2323 1414 2355 iterum
1438 2334 1639 2356 assumamus.

173 2375 260 2407 Pno.
285 2374 460 2412 Quaenam?
505 2377 562 2409 So.
583 2377 726 2410 Alterum
742 2378 869 2420 quidem
892 2378 1032 2409 omnium
1050 2377 1293 2419 generationem,
1310 2378 1475 2409 essentiam
1499 2378 1641 2409 alterum.

174 2427 263 2459 Pno.
286 2428 440 2471 Equidem
457 2431 520 2461 duo
546 2432 614 2463 haec
629 2432 732 2463 abste
757 2432 894 2474 accipio,
917 2432 1082 2463 essentiam
1105 2437 1138 2462 et
1161 2432 1404 2474 generationem.
1448 2431 1505 2464 So.
1530 2431 1644 2463 Recte.

174 2481 287 2513 Utrum
304 2488 407 2513 autem
423 2485 531 2515 horum
557 2485 683 2517 alterius
699 2487 797 2528 gratia
825 2487 958 2518 dicimus
973 2487 983 2516 ?
1007 2486 1280 2527 generationenme
1297 2486 1439 2517 essentiae
1456 2486 1578 2527 gratia?
1593 2486 1643 2517 vel

173 2536 351 2573 essentiam,
367 2538 399 2567 in
415 2543 566 2579 quantum
581 2541 716 2572 essentia
731 2547 942 2583 nuncupatur,
952 2541 1011 2572 hoc
1025 2546 1072 2572 est
1084 2540 1256 2571 secundum
1269 2539 1300 2570 id
1313 2539 1400 2580 quod
1413 2539 1530 2575 existit,
1544 2540 1642 2580 gratia

175 2590 408 2631 generationis?
431 2591 483 2621 An
498 2593 655 2634 percipis?
693 2594 780 2626 Pao.
803 2595 934 2627 Videor.
957 2595 1018 2625 Sed
1037 2604 1092 2635 per
1106 2594 1182 2624 deos
1195 2593 1270 2634 quid
1289 2604 1337 2624 me
1353 2593 1547 2634 interrogas?
1585 2593 1642 2624 So.

175 2642 379 2683 Ejuscemodi
396 2645 526 2686 aliquid,
544 2657 562 2676 o
575 2646 756 2690 Protarche,
766 2649 933 2690 interrogo,
945 2659 1018 2678 num
1030 2647 1193 2678 fabricatio
1206 2646 1330 2678 navium
1345 2648 1460 2689 navigii
1472 2648 1568 2688 gratia
1578 2648 1618 2678 sit
1632 2648 1643 2678 ?

176 2707 215 2727 an
228 2702 335 2728 contra
346 2699 505 2740 navigium
516 2699 726 2732 fabricationis
739 2702 885 2732 navium?
902 2702 982 2732 etde
995 2701 1151 2740 erunibus,
1162 2710 1357 2741 quaecunque
1371 2700 1445 2731 talia
1459 2706 1543 2737 sunt,
1560 2701 1643 2731 idem

173 2751 256 2782 dico.
274 2751 361 2783 Pno.
378 2754 441 2784 Cur
449 2764 511 2784 non
524 2754 629 2795 ipse,o
641 2756 795 2792 Socrates,
806 2756 862 2787 tibi
875 2756 934 2797 ipsi
950 2756 1118 2797 respondes
1133 2756 1142 2785 ?
1168 2756 1223 2788 So.
1239 2754 1328 2785 Nihil
1340 2755 1493 2796 prohibet.
1506 2760 1643 2785 attamen

173 2810 207 2835 tu
224 2815 348 2847 quoque
361 2817 522 2840 concurre.
568 2808 657 2840 Pno.
680 2808 790 2840 Immo.
837 2810 893 2842 So.
918 2808 1144 2841 Gener-ationis
1161 2809 1259 2850 gratia
1275 2808 1414 2849 inquam,
1429 2808 1593 2848 pharmaca
1610 2814 1641 2837 et

177 2869 293 2900 organa
307 2861 412 2891 omnia
428 2871 614 2903 omnemque
626 2863 785 2894 materiam
805 2864 950 2895 omnibus
966 2863 1106 2901 adhiberi
1125 2875 1131 2893 :
1157 2862 1294 2903 singulas
1307 2866 1409 2892 autem
1428 2861 1641 2902 generationes

174 2911 367 2953 singularum
385 2916 598 2954 essentiarum,
615 2917 787 2949 universam
815 2918 950 2960 denique
976 2918 1125 2949 universa>
1144 2916 1286 2947 essentia.¹
1303 2915 1410 2957 gratia.
1454 2914 1541 2945 Prm.
1565 2913 1640 2944 Per-
