1840 3225
173 187 274 240 934]
628 187 702 226 DE
732 186 961 225 LEGIBUS
1000 186 1098 224 ΜΒ.
1132 185 1203 224 XI.
1563 183 1641 222 433

171 297 270 322 sunt:
295 297 399 323 cetera
424 302 508 328 vero,
546 291 611 322 sive
641 296 715 332 potu
737 289 802 321 sive
823 288 893 320 cibo
911 289 975 319 aive
1002 289 1198 330 injunctione
1223 294 1335 330 sponte
1351 293 1384 319 et
1399 287 1529 318 consilio
1544 296 1636 327 pera-

171 351 295 386 gantur,
325 346 463 377 nondum
494 345 701 376 distinximus.
735 344 882 385 bipartito
913 344 996 373 enirn
1028 344 1136 384 generi
1167 344 1303 374 humano
1335 352 1454 373 venena
1484 341 1636 372 officiunt.

168 399 272 440 pri-imo
303 400 398 437 enim,
427 405 464 430 ut
492 399 584 430 modo
608 399 755 433 diximus,
779 397 962 438 'corporibus
988 408 1119 437 corpora
1147 398 1316 428 ,secundum
1349 402 1490 426 naturam
1513 396 1636 426 laedun-

170 459 245 483 tur:
288 452 384 495 [933]
424 453 536 484 deinde
568 452 696 494 magicis
725 451 888 482 veneficiis
916 457 948 481 et
989 452 1132 482 cantibus
1163 451 1318 491 ncdisque
1347 450 1532 490 quibusdam
1563 460 1636 490 per·

169 506 316 548 suadetur
353 507 391 538 iis
421 506 558 547 quidem,
588 507 643 547 qui
673 507 796 537 officere
827 506 965 541 student,
995 515 1090 546 posse
1120 504 1153 534 id
1179 504 1323 545 assequi3
1356 504 1395 534 iis
1426 514 1511 539 vero,
1540 504 1635 535 facile

110 548 340 591 „admodum
367 561 407 591 ab
437 561 499 591 illis
528 561 681 591 veneficio
712 559 786 590 laedi
819 570 921 601 posse.
959 560 1024 590 haec
1054 569 1128 589 vero
1165 565 1331 599 ceteraque
1362 557 1539 599 hujusmodi
1569 568 1631 598 quo

167 619 263 653 pacto
291 619 402 644 natura
430 624 463 644 se
491 614 638 649 habeant,
675 623 735 643 nec
770 612 863 643 facile
894 612 967 642 sciri
998 619 1140 653 possunt,
1170 622 1241 647 nec,
1274 612 1301 642 si
1335 612 1407 651 quis
1442 611 1530 646 sciat,
1562 611 1634 642 aliis

167 666 360 707 persuaderi.
383 666 441 697 sed
457 667 571 698 animis
588 667 760 702 hominum,
777 668 861 697 circa
876 667 942 697 haec
960 677 1040 707 a-gre
1067 666 1302 707 suspicioseque
1328 666 1411 696 inter
1438 675 1470 695 se
1495 665 1632 701 affectis,

166 721 250 751 haud
265 720 434 752 admodum
448 721 578 762 dignum
595 728 643 751 est
657 722 761 752 conari
778 720 966 762 persuadere
983 733 989 750 :
1017 726 1050 751 ut
1066 721 1092 751 si
1108 730 1199 751 cerea
1214 720 1377 750 simulacra
1392 720 1457 749 sive
1472 719 1505 749 in
1525 719 1631 761 januis

165 773 232 804 sive
246 774 279 804 in
296 775 388 805 trivio
405 775 471 805 sive
491 769 521 805 in
533 776 746 806 monumentis
763 781 931 816 parentum
947 774 1094 816 viderint,
1111 775 1178 805 haec
1196 774 1322 804 omnino
1344 773 1536 814 despiciant,
1560 784 1630 803 cum

163 832 281 858 certam
312 827 351 859 de
377 830 424 859 his
446 830 626 871 opinionem
654 830 773 860 nullam
803 829 949 859 habeant.
972 839 1067 870 qnare
1094 829 1243 869 bipartito
1273 829 1379 869 legem
1409 827 1448 858 de
1476 828 1632 858 veneficio

161 882 347 922 partientes,
363 883 494 924 primum
520 884 689 919 hortamur,
719 893 883 913 monemus
908 887 1002 923 atque
1029 883 1233 920 consulimus,
1263 893 1303 912 ne
1328 882 1405 912 talia
1429 881 1557 917 faciant,
1588 892 1628 912 ne

161 936 280 966 multos
302 938 391 978 quasi
414 947 525 978 pueros
550 943 707 967 terreant:
738 947 798 967 nec
823 937 1061 977 legumlatorem
1091 942 1124 966 et
1142 936 1285 978 judicem
1311 941 1426 976 cogunt
1448 935 1627 976 hujusmodi

161 990 321 1021 hominum
336 991 438 1021 timori
447 990 580 1021 mederi.
597 991 714 1032 quippe
727 991 782 1031 qui
797 1000 920 1022 veneno
935 1000 1048 1020 nocere
1066 990 1183 1025 nititur,
1199 990 1225 1020 si
1241 990 1421 1030 corpon'bus
1437 990 1468 1019 id
1483 989 1628 1020 illaturus

161 1048 221 1079 est,
236 1044 296 1074 nisi
312 1044 478 1075 medicinae
492 1045 614 1085 peritus
642 1045 694 1082 sit,
710 1044 787 1085 quid
802 1049 885 1085 agat,
908 1045 1054 1085 ignorat:
1079 1044 1221 1075 similiter
1246 1044 1301 1084 qui
1330 1044 1460 1084 magicis
1485 1043 1630 1073 cantibus

159 1097 194 1128 id
209 1103 321 1134 tentat,
339 1098 399 1129 nisi
415 1100 567 1140 haruspex
583 1104 852 1139 monstrorumque
867 1098 1023 1139 interpres
1039 1099 1088 1129 sit.
1111 1100 1166 1129 sed
1180 1098 1247 1139 jam
1267 1099 1319 1128 lex
1343 1098 1405 1128 ista
1431 1098 1470 1128 de
1496 1097 1629 1127 venenis

160 1152 341 1194 hujusmodi
357 1153 532 1184 sanciatur:
559 1152 623 1190 Qui
638 1163 701 1183 non
717 1152 757 1183 ad
773 1158 902 1183 mortem
928 1153 1073 1189 hominis,
1100 1154 1156 1183 sed
1181 1163 1331 1193 pecorum
1356 1156 1410 1181 aut
1435 1152 1628 1187 examinum,

157 1216 283 1237 veneno
298 1207 406 1243 utitur,
420 1208 485 1238 sive
501 1207 597 1238 etiam
613 1212 648 1237 ut
662 1207 752 1237 aliter
768 1217 863 1248 quam
890 1212 988 1237 morte
1013 1206 1123 1237 bestiis
1144 1212 1276 1237 noceat:
1302 1206 1329 1236 si
1354 1205 1498 1236 medicus
1527 1205 1567 1235 sit
1596 1214 1631 1235 et

156 1261 301 1292 veneficii
318 1272 387 1292 reus
400 1262 493 1292 suerit
502 1261 672 1303 judicatus,
689 1267 789 1292 morte
805 1261 994 1302 supplicium
1012 1262 1080 1291 luat
1094 1271 1102 1298 ;
1128 1261 1177 1291 sin
1193 1271 1266 1291 vero
1291 1259 1460 1290 medicinae
1488 1259 1628 1299 ignarus,

149 1312 316 1355 judicium,
333 1315 409 1356 quid
426 1315 491 1356 pati
516 1314 628 1345 dareve
656 1316 758 1355 ipsum
783 1320 918 1355 oportet,
943 1315 1127 1345 constituat.
1157 1315 1284 1355 quando
1315 1324 1389 1344 vero
1419 1313 1490 1354 quis
1519 1311 1624 1349 nodis,

155 1367 404 1405 inductionibus,
421 1369 565 1399 cantibus
581 1369 798 1410 similibusque
822 1369 983 1399 veneficiis
999 1368 1041 1399 ad
1056 1369 1236 1400 nocendum
1261 1375 1385 1410 paratus
1410 1367 1626 1408 deprehensus

156 1429 232 1460 est;
262 1423 288 1453 si
316 1423 469 1464 haruspex
486 1428 539 1453 aut
552 1423 766 1464 prodigiorum
796 1424 949 1464 interpres
977 1423 1027 1459 sit,
1053 1422 1235 1453 occidatur:
1265 1423 1314 1453 sin
1336 1432 1409 1453 vero
1432 1432 1497 1453 non
1522 1421 1628 1459 fuerit,

154 1475 314 1517 judicium
330 1476 369 1507 de
385 1476 455 1518 ipso
468 1477 622 1513 similiter,
636 1476 712 1518 quid
728 1478 802 1507 dare
819 1477 926 1518 palive
943 1476 1068 1513 debeat,
1085 1482 1214 1508 statuat.
1230 1477 1284 1518 qui
1300 1477 1379 1507 clam
1396 1481 1451 1507 aut
1464 1476 1496 1506 vi
1508 1476 1628 1512 nocuit,

158 1540 272 1571 magna
286 1530 409 1567 reddat,
424 1531 451 1560 si
464 1531 498 1561 in
513 1532 637 1572 magnis
653 1531 783 1569 nocuit3
812 1532 943 1568 minora,
961 1531 987 1561 si
1005 1532 1037 1562 in
1064 1531 1246 1567 minoribus,
1276 1536 1309 1562 et
1329 1531 1362 1561 in
1391 1530 1535 1561 omnibus
1556 1536 1627 1560 tan—

157 1588 225 1614 tum
238 1583 362 1621 reddat,
377 1591 413 1615 ut
427 1584 578 1615 damnum
592 1591 784 1626 exaequetur.
809 1593 959 1626 praeterea
973 1585 1005 1616 in
1020 1586 1152 1627 singulis
1165 1585 1299 1627 injuriis,
1317 1591 1353 1615 ut
1368 1585 1498 1626 punitus
1512 1585 1585 1615 mod
1592 1595 1625 1615 e-

157 1638 254 1669 ratior
268 1638 335 1674 fiat,
353 1639 469 1669 mulcta
485 1639 658 1670 afficiatur:
685 1639 801 1670 leviore
818 1639 958 1681 quidem,
981 1639 1008 1670 si
1034 1645 1162 1681 propter
1180 1639 1356 1680 juventutis
1380 1638 1625 1680 imprudentiam

157 1692 264 1723 aliena
276 1693 398 1723 malitia
413 1692 472 1723 fuit
485 1693 662 1734 impulsus3
687 1693 783 1736 [934]
809 1694 948 1734 graviore
965 1699 1081 1730 autem,
1098 1695 1122 1724 si
1146 1694 1305 1724 dementia
1330 1704 1387 1724 sua
1401 1699 1454 1724 aut
1469 1692 1624 1723 immode—

154 1746 230 1776 ratis
249 1747 464 1787 voluptatibus
479 1752 512 1778 et
528 1748 688 1779 doloribus
718 1753 773 1778 aut
798 1748 909 1778 timore
938 1753 992 1778 aut
1021 1748 1142 1778 invidia
1171 1753 1226 1778 aut
1253 1747 1418 1778 iracundia
1447 1747 1626 1778 insanabili.

156 1800 259 1841 poenis
289 1810 361 1831 vero
390 1801 520 1842 maligni
551 1807 712 1838 vexantur,
744 1812 806 1832 non
836 1802 912 1842 quia
941 1802 1163 1843 peccaverint:
1199 1812 1271 1833 nam
1303 1801 1387 1843 quod
1416 1801 1535 1832 factum
1565 1806 1626 1837 est,

155 1854 310 1886 infectum
325 1865 394 1886 esse
409 1866 471 1886 non
487 1861 610 1896 potest:
635 1856 693 1886 sed
709 1862 744 1886 ut
757 1857 889 1898 posthac
905 1862 938 1887 et
952 1862 1136 1898 peccatores
1151 1857 1223 1897 ipsi,
1236 1862 1269 1886 et
1285 1857 1338 1897 qui
1353 1856 1459 1897 punin'
1473 1855 1626 1896 iniquita·

153 1913 203 1938 tes
217 1908 375 1946 viderunt,
391 1910 575 1951 injustitiam
600 1910 736 1947 oderint,
752 1915 807 1940 aut
821 1911 933 1941 saltem
949 1911 1051 1941 minus
1069 1911 1101 1940 in
1117 1911 1214 1941 simili
1230 1910 1308 1941 vitio
1325 1914 1468 1950 peccent.
1492 1919 1625 1950 quorum

154 1962 293 1993 omnium
309 1964 410 2003 gratia
424 1970 560 2004 oportet,
574 1970 610 1994 ut
625 1964 665 1994 ad
681 1966 747 1995 haec
764 1965 849 2005 leges
864 1965 1047 2005 respiciant,
1065 1970 1097 1996 et
1110 1964 1183 1995 boni
1200 1964 1351 2006 sagittarii
1365 1964 1483 1994 similes
1499 1963 1540 1994 ad
1563 1964 1624 1994 hoc

155 2016 282 2056 signum
298 2017 441 2054 tendant,
459 2018 632 2058 punitionis
647 2019 894 2060 magnitudinem
910 2019 943 2049 in
958 2019 1102 2059 singulis,
1120 2024 1153 2049 et
1177 2020 1262 2060 quod
1287 2019 1418 2059 dignum
1441 2023 1500 2055 est,
1524 2018 1629 2049 consi·

156 2068 315 2101 derantes.
338 2071 369 2101 id
389 2072 493 2112 ipsum
512 2071 654 2113 judicem
670 2073 887 2114 legumlatoris
902 2074 1076 2104 ministrum
1100 2073 1204 2104 facere
1222 2072 1326 2109 decet,
1341 2083 1411 2104 cum
1428 2084 1445 2103 a
1470 2073 1540 2113 lege
1566 2071 1626 2102 sibi

155 2124 374 2161 committitur,
391 2131 425 2156 ut
439 2126 510 2166 ipse
525 2131 652 2163 statuat,
668 2127 745 2168 quid
760 2127 834 2157 dare
857 2127 962 2168 pative
988 2127 1171 2157 damnatum
1192 2132 1347 2168 oporteat.
1371 2126 1426 2167 qui
1456 2136 1530 2157 sane
1559 2136 1625 2156 non

143 2179 247 2210 ‘aliter
261 2180 344 2221 quod
361 2180 518 2221 reliquum
535 2186 594 2217 est,
609 2181 772 2222 superiora
786 2182 937 2217 imitatus,
954 2182 1084 2222 exsequi
1098 2181 1203 2217 debet,
1215 2191 1307 2222 quam
1319 2181 1472 2222 pictorita
1482 2181 1626 2221 pingere,

156 2237 193 2262 ut
208 2234 401 2274 exemplaria
425 2235 594 2276 diligenter
617 2241 775 2277 sequatur.
797 2236 881 2277 quod
905 2236 1007 2272 nobis,
1033 2245 1052 2266 o
1073 2234 1181 2266 Clinia
1206 2235 1421 2276 Megilleque,
1444 2233 1626 2265 faciendum

155 2297 249 2327 quam
260 2288 468 2329 pulcherrime
483 2295 577 2330 atque
594 2291 712 2331 optime
726 2300 859 2321 censeo:
891 2296 924 2321 et
938 2300 1043 2332 poenas
1061 2295 1125 2320 tam
1151 2299 1269 2325 corum,
1282 2299 1351 2330 quae
1368 2289 1450 2319 furto
1474 2294 1507 2318 et
1530 2288 1622 2324 clam,

156 2350 251 2381 quam
268 2350 384 2377 eorum,
400 2353 470 2382 quae
488 2343 518 2373 vi
531 2349 676 2385 aguntur,
692 2345 804 2386 quales
831 2355 900 2375 esse
929 2349 1084 2386 oporteat,
1115 2343 1297 2380 dicendum,
1328 2348 1419 2384 prout
1447 2342 1505 2373 Dii
1532 2343 1626 2373 nobis

158 2393 366 2436 Deorumque
381 2395 440 2426 filii
455 2397 543 2437 leges
559 2408 674 2438 ponere
701 2398 892 2430 concedunt.
916 2409 1008 2429 nemo
1022 2398 1155 2428 furiosus
1168 2398 1272 2440 palam
1296 2397 1329 2427 in
1356 2397 1432 2427 urbe
1459 2402 1623 2428 cernatur:

156 2449 213 2478 sed
241 2448 391 2480 furiosum
420 2451 589 2492 propinqui
618 2453 714 2487 domi,
745 2452 1029 2494 quomodocunque
1059 2458 1201 2494 possunt,
1233 2451 1422 2485 custodiant.
1448 2452 1532 2493 quod
1562 2451 1626 2482 nisi

154 2501 301 2538 fecerint,
325 2504 535 2535 mulctentur:
566 2506 619 2547 qui
635 2507 761 2537 maximi
778 2517 891 2538 census
906 2513 990 2543 sunt,
1005 2507 1161 2538 drachmis
1177 2513 1313 2543 centum,
1340 2506 1405 2537 sive
1428 2516 1552 2537 servum
1571 2516 1626 2536 seu

156 2556 289 2587 liberum
302 2557 402 2588 minus
417 2558 588 2599 diligenter
603 2561 801 2592 custodiant:
833 2561 888 2602 qui
905 2561 1046 2598 secundi,
1063 2566 1195 2602 quatuor
1211 2560 1250 2590 de
1267 2560 1405 2602 quinque
1420 2560 1514 2591 minae
1527 2560 1623 2602 parti—

156 2610 235 2641 bus:
261 2611 315 2651 qui
331 2612 427 2649 tertii,
447 2613 561 2644 tribus:
592 2619 626 2645 et
640 2615 772 2651 duabus,
788 2615 843 2657 qui
857 2615 970 2656 quarti.
982 2615 1088 2646 multis
1101 2620 1206 2646 autem
1224 2614 1328 2646 modis
1352 2615 1496 2645 homines
1521 2614 1626 2645 furore

153 2670 302 2705 aguntur.
325 2666 381 2696 alii
396 2667 514 2703 morbo,
532 2674 566 2698 ut
580 2669 624 2704 hi,
642 2668 680 2700 de
703 2670 816 2710 quibus
837 2669 933 2701 modo
958 2670 1111 2700 diximus:
1142 2669 1195 2700 alii
1220 2679 1275 2710 per
1298 2668 1494 2700 iracundiam
1519 2678 1623 2709 pravae

152 2723 273 2749 naturae
288 2719 495 2763 vitiosamque
516 2722 749 2759 educationem.
765 2725 819 2764 qui
842 2724 946 2765 parvis
970 2723 1145 2754 inimicitiis
1169 2723 1247 2755 moti
1274 2723 1369 2754 altius
1396 2723 1571 2754 inclamant
1594 2725 1626 2751 et

149 2772 284 2813 turpiter
298 2773 380 2805 inter
395 2786 427 2806 se
443 2777 668 2808 conviciantur.
693 2778 772 2808 nihil
793 2788 865 2808 vero
890 2778 955 2808 tale
981 2778 1015 2808 'm
1042 2777 1171 2808 civitate
1199 2777 1292 2808 bonis
1321 2777 1446 2818 legibus
1476 2776 1626 2806 instituta.

153 2825 222 2856 fieri
237 2825 343 2859 decet.
365 2829 406 2861 de
421 2831 565 2862 convicio
582 2831 677 2873 igitur
692 2833 758 2862 haec
785 2842 848 2862 una
868 2832 1013 2863 omnibus
1037 2832 1087 2862 lex
1115 2836 1270 2873 ponatur:
1294 2830 1398 2862 Nemo
1422 2831 1454 2861 in
1487 2829 1626 2869 aliquem

149 2879 363 2913 convicietur:
395 2885 451 2916 sed
470 2886 651 2928 quicunque
669 2897 739 2918 cum
755 2887 817 2918 ulio
831 2886 870 2918 de
888 2897 918 2918 re
935 2886 1082 2928 quapiam
1100 2885 1242 2927 ambigit,
1255 2885 1357 2917 discat
1374 2885 1480 2926 potius
1497 2884 1626 2913 doceat„

257 2935 347 2968 Plut.
360 2937 414 2970 Tr.
932 2941 978 2972 11.
1495 2943 1512 2970 3
1533 2937 1547 2967 l
