1840 3225
242 181 320 218 282
815 177 1079 217 PLATONis
1603 180 1700 232 [116

240 284 344 324 regias
371 282 464 317 aedes,
488 286 604 323 portus,
632 282 756 313 navalia
776 287 807 311 et
822 282 997 313 universam
1014 281 1172 322 regionem
1189 280 1359 313 struebant.
1384 282 1523 323 profecto
1532 283 1591 313 hoc
1608 286 1702 323 pacto

244 338 342 379 spiras
370 337 443 367 illas
457 337 551 367 maris
574 336 803 377 disposuemnt,
831 346 901 377 quae
923 336 1083 377 antiquam
1106 334 1340 366 circumdabant
1353 337 1564 378 metropolim,
1580 337 1639 367 hoc
1655 342 1705 367 est

243 391 350 422 matris
364 401 469 421 eorum
483 390 613 432 patriam
630 389 746 421 sedem.
767 390 868 431 primo
882 390 1007 431 quidem
1025 389 1213 420 constructis
1227 390 1376 431 pontibus
1384 390 1548 422 transitum
1561 390 1603 422 ad
1614 395 1704 422 exte-

241 446 323 476 riora
345 449 377 476 et
404 444 444 475 ad
465 444 570 475 sedem
586 444 700 485 regiam
719 443 886 484 praebuere,
902 444 957 474 ubi
971 443 1002 473 in
1021 442 1084 473 Dei
1098 442 1198 483 ipsius
1214 443 1424 485 majorumque
1438 454 1563 475 suorum
1579 443 1706 476 aedibus

242 499 348 530 statim
377 498 415 529 ab
440 498 530 529 initio
553 498 654 539 regias
681 497 765 528 aedes
789 496 991 527 aedjficarunt.
1019 496 1158 536 alterque
1180 495 1218 526 ab
1241 496 1340 527 altero
1362 502 1472 528 ornata
1489 497 1708 538 suscipientes.

243 553 392 584 continua
405 553 600 584 successione
614 551 788 593 superiores
803 552 836 582 in
852 550 1031 581 exornando
1047 560 1102 590 pro
1115 549 1231 580 viribus
1245 551 1446 592 superabant,
1462 550 1566 592 quoad
1586 550 1709 582 machi-

244 617 301 638 nas
323 607 540 648 magnitudine
569 606 743 646 decoreque
763 604 921 635 mirandas
944 604 1182 634 fabricaverunt.
1205 604 1325 635 foveam
1345 615 1437 646 porro
1453 605 1559 636 amari
1574 606 1614 636 ad
1627 605 1706 636 exti-

244 672 329 692 mum
351 661 499 692 circulum
524 660 730 695 deduxerunt,
758 670 826 700 quae
851 659 909 688 tria
919 658 1030 700 jugera
1049 657 1081 687 in
1095 657 1294 689 latitudinem
1306 659 1562 700 protendebatur,
1579 665 1707 690 centum

245 717 343 757 pedes
373 716 404 745 in
429 716 536 751 altum,
551 716 585 746 in
600 715 728 755 longum
746 713 847 743 stadia
863 712 1104 753 quinquaginta.
1127 717 1220 753 atque
1235 718 1269 743 ut
1283 723 1322 743 ex
1335 714 1394 744 hoe
1409 714 1486 744 mari
1501 714 1540 744 ad
1557 713 1707 745 circulum

243 771 345 806 illum,
369 771 453 800 velut
476 769 516 800 ad
544 774 676 810 portum,
690 767 853 808 applicare
870 776 965 796 naves
980 772 1120 807 possent,
1137 766 1310 798 effecerunt
1321 767 1578 808 patefactoillius
1593 777 1657 803 ore,
1671 774 1707 797 ut

244 833 341 854 naves
360 823 590 864 ingentissimas
613 827 750 863 caperet.
794 820 893 850 zonas
907 821 981 850 item
997 825 1096 856 terrae,
1120 821 1234 862 quibus
1247 822 1339 862 spirae
1357 822 1447 853 maris
1471 821 1708 863 distingueban-

244 883 306 913 tur,
332 878 483 919 pontibus
511 882 688 911 secuerunt,
714 876 750 905 ut
772 885 834 905 una
849 875 966 905 triremi
983 875 1148 915 enavigare
1163 876 1246 906 inter
1262 886 1295 906 se
1309 876 1444 906 invicem
1458 883 1599 917 possent,
1614 885 1709 917 supra

246 942 320 962 vero
341 938 498 967 texerunt,
515 936 550 961 ut
565 929 769 970 subnavigare
785 928 904 958 liceret.
928 933 1119 958 terrenarum
1142 939 1277 970 namque
1293 934 1438 961 zonarum
1455 931 1542 961 labra
1557 929 1709 971 profunda

247 996 330 1016 mare
351 985 636 1025 supereminebant.
659 983 812 1013 maximus
837 983 932 1023 plane
948 983 1105 1017 circuitus,
1122 993 1178 1023 per
1192 994 1286 1024 quem
1300 984 1475 1015 inundabat
1488 994 1585 1019 mare,
1601 984 1708 1014 latitu-

246 1040 320 1070 dine
331 1039 432 1069 stadia
448 1038 625 1079 complebat
638 1038 697 1067 tria
713 1049 718 1065 z
745 1037 904 1077 proximus
917 1037 989 1067 huic
1007 1037 1090 1067 orbis
1103 1043 1192 1067 terrae
1205 1048 1329 1078 prorsus
1345 1038 1475 1079 aequalis
1487 1050 1494 1068 :
1508 1038 1709 1080 sequentium

245 1104 321 1124 vero
347 1094 476 1123 duorum
502 1091 648 1122 humidus
672 1091 798 1132 quidem
826 1090 907 1121 orbis
934 1090 1035 1121 stadia
1057 1091 1130 1127 duo,
1145 1091 1249 1122 aridus
1260 1096 1364 1122 autem
1379 1092 1508 1124 humido
1521 1093 1711 1134 praecedenti

245 1159 349 1179 rursus
376 1147 505 1189 {vqualis-
521 1158 526 1175 :
552 1147 685 1176 stadium
709 1145 846 1186 denique
872 1155 980 1180 unum,
998 1145 1052 1185 qui
1067 1145 1167 1186 ipsam
1182 1146 1320 1176 insulam
1336 1147 1369 1177 in
1387 1146 1489 1178 media
1503 1146 1635 1188 positam
1651 1146 1710 1177 cir-

248 1202 426 1233 cumdabat.
451 1201 546 1242 [116]
574 1200 685 1231 insulae
712 1211 796 1234 ver0,
813 1199 846 1229 in
869 1209 930 1239 qua
943 1199 1024 1238 regia
1038 1205 1114 1235 erat,
1131 1199 1282 1230 diameter
1294 1200 1396 1231 stadia
1407 1200 1558 1242 quinque.
1583 1205 1614 1231 et
1629 1201 1710 1231 hanc

250 1258 364 1287 circum
383 1258 534 1296 orbesque
559 1261 589 1285 et
613 1260 743 1295 pontem
755 1255 851 1284 latum
869 1252 909 1282 ad
925 1253 1038 1293 plethri
1057 1263 1227 1284 mensuram
1244 1254 1317 1285 hinc
1333 1260 1427 1296 atque
1443 1253 1518 1284 inde
1534 1264 1620 1285 muro
1631 1264 1711 1295 quo-

247 1312 318 1342 dam
342 1310 467 1351 lapideo
492 1310 679 1344 clauserunt,
705 1313 803 1338 turres
817 1311 982 1348 portasque
1005 1306 1039 1336 in
1054 1307 1184 1347 sing-ulis
1197 1318 1292 1348 super
1305 1314 1416 1349 pontes
1432 1308 1603 1339 secundum
1620 1308 1713 1338 maris

251 1365 457 1406 pertransitus
480 1363 678 1393 fabricantes.
704 1362 839 1403 lapidem
865 1361 921 1391 sub
937 1361 1050 1395 insula,
1065 1371 1135 1402 quae
1145 1362 1271 1403 jacebat
1284 1363 1319 1392 in
1332 1363 1447 1399 medio,
1461 1363 1641 1394 inciderunt
1652 1363 1711 1393 cir-

249 1428 338 1449 cum:
363 1426 395 1448 et
416 1417 472 1448 sub
491 1417 569 1458 ipsis
582 1417 718 1451 orbibus,
734 1416 819 1446 intus
833 1415 947 1456 pariter
962 1421 1056 1455 atque
1072 1421 1170 1451 extra,
1185 1417 1297 1458 partim
1313 1416 1428 1452 album,
1445 1417 1558 1458 partim
1574 1417 1708 1458 nigrum,

249 1473 358 1513 partim
373 1472 508 1502 rubrum:
528 1470 652 1501 navium
665 1470 865 1511 receptacula
879 1468 943 1499 duo
956 1469 1057 1499 moliti
1073 1475 1145 1500 sunt
1158 1480 1298 1501 concava
1313 1471 1499 1512 geminaque
1511 1471 1711 1505 intrinsecus,

249 1537 378 1567 quorum
392 1526 525 1556 fornices
537 1527 595 1555 hac
611 1526 681 1566 ipsa
691 1528 763 1554 sunt
778 1529 866 1568 petra
879 1528 1043 1553 contextae.
1057 1523 1191 1555 aedificia
1206 1534 1278 1554 vero
1291 1525 1406 1566 partim
1422 1525 1588 1566 simplicia,
1597 1524 1710 1565 partim

251 1582 334 1611 varia
356 1581 457 1612 mixtis
483 1590 519 1610 ex
535 1579 691 1620 lapidibus
705 1578 887 1613 effecerunt,
908 1577 975 1618 ipsa
992 1577 1141 1608 varietate
1153 1578 1263 1608 ludum
1277 1579 1583 1619 delectationemque
1599 1578 1711 1608 secuti.

249 1634 317 1676 ejus
344 1634 472 1675 insuper
498 1633 586 1669 muri,
613 1633 667 1673 qui
680 1632 862 1662 exterionem
880 1631 983 1661 orbern
1002 1631 1179 1665 claudebat,
1196 1633 1392 1673 superficiem
1407 1643 1533 1664 omnem
1548 1642 1609 1663 aere
1622 1632 1711 1663 tenui

248 1689 422 1719 vestierunt
435 1700 440 1718 :
466 1688 531 1730 ejus
545 1697 628 1722 vero,
647 1686 701 1727 qui
714 1686 903 1720 interiorem,
917 1690 1028 1715 stanno
1042 1697 1048 1714 :
1074 1685 1139 1727 ejus
1150 1685 1298 1726 denique,
1308 1686 1363 1727 qui
1374 1685 1585 1717 circumdabat
1597 1695 1712 1722 arcem,

249 1743 426 1785 aurichalco
447 1742 539 1783 igneo
560 1741 683 1781 fulgore
705 1750 846 1770 corusco.
894 1738 999 1780 Regia
1011 1749 1083 1769 vero
1099 1738 1167 1780 ipsa
1179 1739 1260 1770 intra
1276 1750 1376 1771 arcem
1403 1741 1447 1770 ita
1468 1745 1657 1771 constructa.
1679 1740 1712 1770 in

252 1797 355 1827 medio
375 1807 495 1827 sacrum
520 1801 552 1826 et
564 1794 780 1825 inaccessibile
797 1793 933 1824 Clitonis
949 1793 1154 1834 Neptunique
1170 1795 1331 1834 ternplum,
1345 1804 1438 1825 aureo
1451 1794 1569 1824 ambitu
1580 1794 1713 1825 circum-

252 1850 371 1881 datum.
382 1850 458 1880 illuc
474 1860 493 1880 a
506 1849 662 1891 principio
675 1848 897 1879 convenientes
911 1853 1085 1888 genuerunt
1099 1847 1209 1878 decem
1223 1858 1332 1889 regum
1345 1858 1443 1889 genus
1455 1859 1462 1876 :
1486 1853 1580 1890 atque
1596 1846 1711 1878 ibidem

252 1904 418 1946 quotannis
432 1915 469 1935 ex
479 1903 590 1934 decem
600 1902 783 1943 regionibus
795 1903 988 1943 congregati,
1002 1902 1170 1943 unicuique
1186 1902 1311 1932 illorum
1323 1911 1410 1933 sacra
1422 1902 1573 1932 solemnia
1583 1911 1714 1942 perage-

252 1957 336 1989 bant.
360 1963 426 1989 erat
450 1957 592 1998 Neptuni
609 1957 757 1997 templum
781 1956 919 1986 stadium
933 1966 1028 1986 unum
1045 1956 1186 1996 longum,
1196 1955 1307 1997 jugera
1319 1956 1414 1986 latum
1430 1955 1499 1991 tria¹
1517 1955 1615 1986 altum
1629 1965 1714 1990 vero,

253 2018 404 2054 quantum
419 2011 582 2053 longitudo
596 2011 666 2052 ejus
682 2010 877 2051 latitudoque
893 2011 1016 2051 exigere
1029 2010 1227 2041 videbantur.
1253 2010 1352 2051 figura
1367 2010 1434 2052 ejus
1447 2009 1629 2051 speciesque
1643 2009 1715 2039 bar-

252 2067 368 2097 barica.
405 2065 529 2096 Faciem
556 2065 735 2096 exteriorem
761 2070 872 2104 praeter
887 2075 1030 2106 suprema
1046 2064 1170 2105 fastigia
1185 2069 1314 2105 argento
1329 2074 1450 2095 omnem
1466 2068 1713 2095 exornaverunt:

253 2130 325 2150 nam
340 2120 477 2151 culmina
492 2120 562 2160 ipsa
578 2124 609 2149 et
625 2119 732 2159 apices
747 2128 832 2153 auro,
851 2119 933 2148 intus
950 2125 1054 2148 autem
1069 2119 1227 2160 laquearia
1241 2124 1307 2149 tota
1316 2120 1462 2153 eburnea,
1476 2127 1564 2158 auro,
1573 2123 1715 2159 argento,

253 2174 429 2206 aurichalco
453 2173 535 2203 varie
560 2173 671 2203 caelata
693 2172 950 2212 suspiciebantur.
973 2183 1079 2202 verum
1093 2173 1236 2213 parietes,
1249 2174 1420 2208 columnas,
1436 2172 1617 2213 pavimenta
1631 2173 1713 2203 anri—

255 2228 365 2259 chalco
374 2231 608 2259 exornaverunt.
620 2231 737 2256 statuas
749 2227 825 2267 quin
836 2226 928 2256 etiam
939 2237 976 2257 ex
993 2236 1067 2257 auro
1083 2232 1256 2257 erexerunt.
1265 2227 1370 2258 Deum
1383 2225 1510 2267 quidem
1524 2236 1613 2257 curru
1624 2226 1716 2256 insis-

256 2287 384 2317 tentem,
395 2286 615 2321 tenentemque
632 2290 780 2320 equorum
803 2281 954 2311 alatorum
977 2281 1122 2316 habenas,
1143 2281 1300 2322 laquearia
1318 2281 1380 2311 alta
1390 2281 1510 2311 cervice
1522 2285 1714 2321 tangentem.

256 2336 339 2367 circu
349 2337 432 2366 hunc
445 2335 602 2376 delphinis
615 2333 788 2364 insidentes
803 2334 956 2365 Nereides
974 2340 1110 2370 centum,
1124 2340 1170 2365 tot
1180 2335 1264 2364 euim
1278 2345 1347 2365 esse
1359 2341 1433 2365 tuuc
1447 2334 1717 2365 existimabantur.

257 2390 387 2420 aderaut
400 2396 432 2420 et
447 2395 556 2420 statuae
579 2388 767 2428 donariaque
790 2389 995 2429 complurima
1019 2389 1218 2430 privatorum.
1240 2389 1431 2420 extrinsecus
1453 2388 1619 2419 exstabant
1635 2388 1715 2419 ima·

257 2445 346 2486 gines
364 2454 464 2474 aureae
478 2443 643 2474 mulierum
659 2442 797 2473 omnium
814 2442 978 2482 regiarum,
997 2444 1203 2484 virorumque,
1220 2444 1397 2484 quicunque
1413 2453 1450 2474 ex
1464 2442 1590 2485 regibus
1604 2441 1714 2473 decem

257 2497 506 2529 descenderant:
524 2498 685 2538 multaque
702 2501 734 2527 et
760 2497 899 2537 ingentia
915 2497 1078 2528 simulacra
1103 2497 1292 2538 donan'aque
1309 2498 1371 2528 alia
1396 2507 1502 2538 regum
1517 2502 1551 2527 et
1576 2496 1713 2538 privato-

257 2563 334 2589 rum,
348 2558 415 2582 tum
429 2561 468 2582 ea
480 2562 517 2581 ex
534 2551 607 2581 urbe
620 2556 686 2582 tum
702 2560 741 2581 ex
756 2549 825 2581 aliis
842 2560 946 2580 eorum
964 2551 1093 2592 imperio
1107 2551 1248 2582 subditis·
1271 2551 1379 2582 aderat
1392 2551 1465 2582 item
1478 2551 1587 2585 altare,
1614 2549 1713 2591 [11⁷]

259 2606 474 2647 magnitudine
487 2610 519 2636 et
533 2605 678 2640 artificio,
692 2605 775 2646 quod
789 2605 827 2635 ad
842 2604 994 2645 reliquum
1008 2612 1190 2647 apparatum
1204 2605 1377 2646 spectabat,
1392 2603 1586 2635 decentibus.
1601 2603 1713 2635 eadem

259 2660 380 2690 ratione
398 2665 429 2690 et
442 2660 538 2701 regia,
555 2664 620 2689 tam
636 2659 834 2700 amplitudini
850 2659 935 2697 regni
957 2669 1049 2699 quam
1065 2660 1256 2690 ornamentis
1271 2658 1375 2694 sacris,
1391 2658 1622 2690 convenientia.
1645 2664 1713 2688 ute-

260 2713 370 2744 bantur
386 2719 488 2744 autem
505 2713 642 2744 fontibus
657 2719 720 2743 tam
743 2712 837 2743 calidi
852 2712 977 2753 liquoris
992 2724 1085 2754 quam
1102 2713 1216 2755 frigidi,
1227 2713 1294 2755 jugi
1311 2714 1438 2743 humore
1453 2711 1691 2743 exuberantibus
1706 2723 1712 2741 z

261 2767 372 2809 quibua
386 2767 485 2798 inci-at
508 2767 548 2798 ad
565 2776 727 2808 utrumque
746 2777 835 2797 usum
859 2766 989 2797 mirifica
1017 2778 1088 2798 cum
1106 2768 1302 2809 jucunditate
1327 2766 1500 2797 salubritas.
1523 2776 1613 2806 porro
1631 2765 1715 2797 circa

261 2822 364 2852 sontes
377 2821 583 2851 habitationes
598 2826 782 2852 constructa:
797 2825 888 2851 eraut
909 2828 940 2850 et
957 2822 1109 2862 aquaticae
1131 2821 1255 2852 arbores
1267 2821 1406 2857 consitae,
1421 2820 1622 2860 receptacula
1635 2829 1715 2860 quo-

261 2885 322 2917 que
338 2885 484 2918 aquarum
501 2875 727 2918 circumposita,
744 2876 856 2917 partim
871 2874 994 2917 quidem
1011 2876 1068 2907 sub
1085 2876 1157 2907 divo
1174 2875 1324 2917 patentia,
1342 2874 1455 2917 partim
1470 2883 1543 2905 vero
1557 2873 1613 2906 sub
1627 2878 1713 2905 tecto
