1840 3225
124 243 197 295 27]
718 238 1006 278 Pitumnus,
1570 239 1594 276 9

124 348 204 385 clus,
219 346 356 380 velocius
371 351 466 389 atque
481 344 609 381 tardius,
625 342 726 385 majus
741 348 774 374 et
799 343 914 379 minus,
939 352 974 374 ac
1001 341 1138 384 denique
1154 341 1366 385 quodcunque
1380 340 1412 373 iu
1429 340 1595 382 superiori·

127 404 184 434 bus
198 404 237 434 ad
254 407 394 433 naturam
411 411 516 437 unam,
533 398 632 439 magis
656 397 798 428 minusve
815 395 1049 437 suscipientem,
1067 397 1253 438 redegimus.
1298 396 1387 427 Pno.
1410 395 1462 425 An
1478 394 1598 425 infiniti

126 462 268 488 naturam
285 456 410 497 inquis?
457 454 513 485 So.
538 453 634 488 Hanc
648 451 763 492 ipsam.
788 449 956 481 commisce
973 450 1104 490 posthac
1121 461 1184 480 una
1198 461 1268 481 cum
1285 449 1321 479 iis
1338 449 1517 490 progeniem
1535 453 1598 478 ter-

128 510 216 542 mini.
262 510 347 541 Pno.
369 508 494 545 Quam?
541 507 597 539 So.
622 504 808 546 Progeniem
825 503 948 535 scilicet
962 504 1100 541 termini,
1116 513 1210 544 quam
1236 503 1378 544 profecto
1393 502 1526 533 decebat
1541 512 1599 532 nos

127 565 160 596 in
177 575 272 597 unum
296 563 456 605 colligere,
471 560 735 604 quemadmodum
763 559 803 589 de
830 557 954 589 infinito
978 557 1124 597 fecimus,
1147 557 1326 599 nequedum
1348 554 1544 597 collegimus.
1567 562 1600 586 at

127 619 207 650 sorte
222 629 305 649 nunc
321 617 403 648 idem
420 627 504 658 ages,
528 615 576 646 his
591 614 712 656 quippe
729 612 866 654 utrisque
882 611 1072 652 conciliatis,
1087 611 1144 642 illa
1159 612 1310 643 continuo
1327 611 1465 652 patefiet.
1509 610 1599 642 Pno-

129 673 232 710 Quam
248 672 339 712 dicis,
355 677 387 703 et
402 671 561 713 quomodo
576 669 587 699 ?
633 669 691 699 So.
717 666 905 708 Progeniem
922 666 1052 707 aequalis
1077 671 1110 697 et
1125 665 1226 706 dupli,
1242 670 1274 697 et
1293 675 1491 707 quaecunque
1508 664 1600 695 diffe-

128 726 261 758 rentium
287 731 426 757 mutuam
450 724 702 756 contrarietatem
724 721 825 762 sugat,
841 726 1088 752 commensurata
1105 731 1177 751 vero
1199 726 1231 751 et
1256 729 1396 751 consona
1411 719 1528 749 faciens
1544 729 1602 748 nu·

130 790 247 812 merum
263 780 368 812 efficit.
413 779 500 810 Pno.
523 777 681 819 Intelligm
706 776 810 807 dicere
826 785 962 816 namque
979 775 1054 804 mihi
1071 774 1197 811 videris,
1221 773 1246 805 si
1269 773 1328 804 ista
1351 772 1532 811 miscentur,
1549 783 1602 814 ge-

130 835 308 866 nerationes
332 834 482 875 quasdam
509 843 547 863 ex
573 842 678 863 eorum
707 829 837 871 singulis
863 835 1038 860 eventuras.
1083 829 1139 860 So.
1164 828 1205 858 Et
1233 832 1317 858 recte
1347 826 1467 859 videor.
1513 826 1602 857 Pno.

130 888 196 920 Dic
211 888 316 931 igitur.
360 888 415 918 So.
439 886 555 918 Nonne
572 887 603 917 in
618 885 733 916 morbis
748 888 832 915 recta
851 884 959 914 horum
973 883 1151 914 communio
1163 882 1305 913 sanitatis
1317 886 1457 912 naturam
1471 880 1602 922 genuit?

130 942 206 984 [26]
232 942 319 973 Pno.
343 941 494 973 Omnino.
542 941 598 972 So.
621 940 659 970 In
683 943 777 970 acuto
806 943 910 977 autem
938 942 970 968 et
993 937 1089 978 gravi,
1102 936 1205 968 veloci
1219 941 1251 967 et
1266 936 1367 972 tardo,
1382 946 1453 967 cum
1480 934 1606 965 infinita

129 996 204 1032 sint,
219 996 278 1027 ista
292 1001 324 1028 et
339 996 502 1027 terminum
520 994 653 1036 peperit,
667 999 699 1025 et
726 993 948 1034 perfectionem
977 992 1104 1022 musicae
1128 990 1283 1032 praestitit.
1329 989 1417 1020 Pno.
1441 987 1606 1020 Praeclarc.

130 1050 186 1082 So,
210 1051 295 1088 Quin
313 1051 407 1081 etiam
424 1050 516 1091 rigori
528 1054 560 1079 et
575 1047 665 1079 aestui
681 1047 845 1088 tradita‚id
864 1047 949 1088 quod
964 1046 1095 1076 multum
1112 1050 1144 1076 et
1155 1045 1256 1075 minus
1268 1049 1300 1075 et
1310 1043 1465 1074 inlinitum
1477 1042 1604 1078 dicitur,

132 1104 492 1145 abstulit‚mensuratum
509 1109 611 1133 autern
629 1107 723 1142 atque
751 1110 813 1130 una
840 1105 1122 1131 commensuratum
1147 1098 1302 1130 adhibuit.
1348 1098 1435 1129 Pno.
1460 1097 1606 1135 Quidni?

134 1160 190 1190 So.
215 1158 262 1189 Ex
278 1159 316 1189 iis
332 1157 497 1199 temperies
509 1157 593 1192 anni,
610 1162 642 1186 et
664 1165 861 1197 quaecunque
888 1155 1019 1195 pulchra
1048 1158 1131 1189 sunt,
1148 1159 1262 1185 cuncta
1286 1157 1461 1189 manarunt,
1478 1151 1607 1182 infinitis

135 1213 269 1244 invicem
285 1212 443 1253 finitisque
459 1211 660 1242 coeuntibus.
707 1210 794 1240 Pno.
818 1209 922 1240 Certe.
968 1209 1024 1239 So.
1048 1207 1157 1249 Atque
1173 1208 1236 1238 alia
1256 1208 1383 1249 insuper
1397 1205 1607 1237 innumerabi-

133 1267 175 1298 lia
192 1266 404 1307 praetermitto,
421 1265 524 1295 veluti
541 1275 610 1295 cum
627 1263 761 1294 sanitate
778 1262 1041 1304 pulchritudinem
1058 1268 1152 1303 atque
1169 1263 1260 1292 robur
1274 1273 1282 1292 z
1306 1262 1337 1291 in
1354 1260 1465 1291 animis
1479 1269 1607 1302 quoque

135 1321 196 1352 alia
213 1321 365 1363 permulta
378 1326 473 1361 atque
487 1319 646 1361 praeclara.
693 1317 905 1349 Petulantiam
921 1317 1042 1359 quippe
1058 1322 1091 1347 et
1107 1316 1277 1347 universam
1302 1315 1530 1357 improbitatem
1546 1315 1608 1346 dea

137 1376 206 1407 baec
222 1375 485 1414 animadvertens,
500 1385 519 1404 0
535 1373 618 1404 bone
635 1372 780 1408 Philebe,
796 1371 883 1402 omni
912 1371 1043 1402 termino
1061 1371 1258 1412 voluptatum
1283 1369 1532 1411 expletionisque
1556 1379 1609 1400 ca-

134 1441 212 1467 rere,
228 1430 328 1471 legem
344 1434 376 1460 et
391 1429 543 1464 ordinem,
559 1427 672 1469 quibus
689 1426 838 1458 terminus
855 1426 947 1463 inest,
963 1426 1001 1457 iis
1017 1425 1186 1467 apposuit:
1212 1435 1344 1466 eamque
1361 1429 1394 1454 tu
1409 1423 1454 1454 sic
1470 1423 1554 1454 infici
1571 1433 1608 1454 ac

138 1484 238 1526 perdi,
253 1494 313 1525 ego
329 1488 436 1515 contra
451 1482 564 1513 servari
581 1481 665 1513 dieo.
688 1481 745 1512 tibi
761 1492 845 1522 vero,
861 1481 1041 1517 Protarche,
1058 1480 1208 1522 quidnam
1227 1479 1372 1510 videtur?
1418 1477 1505 1509 Pno.
1529 1477 1609 1509 Haec

135 1547 259 1579 prorsus
275 1536 447 1567 secundum
462 1546 561 1566 meam
580 1535 771 1566 sententiam
801 1539 874 1565 sunt
901 1540 1026 1566 asserta.
1072 1534 1129 1565 So.
1153 1533 1270 1565 Nonne
1287 1533 1345 1564 tria
1367 1533 1434 1564 haec
1454 1531 1520 1573 jam
1537 1542 1610 1573 pro-

137 1591 207 1629 tuli,
223 1591 316 1622 modo
333 1590 510 1631 intelligas?
555 1589 641 1622 Pno.
664 1589 710 1620 At
739 1590 974 1631 apprehendere
1000 1589 1140 1620 arbitror.
1189 1588 1292 1619 Unum
1310 1587 1437 1629 quidem
1453 1586 1610 1616 infinitum

139 1646 248 1676 asseris
262 1657 269 1676 ε
295 1645 467 1676 secuudum
484 1649 589 1675 autem
604 1644 637 1675 in
653 1644 690 1675 iis
706 1655 777 1686 quae
793 1649 867 1674 sunt
890 1644 1065 1675 terminum.
1091 1644 1215 1674 tertium
1232 1653 1304 1674 vero
1320 1642 1397 1672 illud
1415 1641 1491 1683 quid
1508 1640 1612 1672 dicere

139 1700 230 1737 velis,
244 1699 330 1730 haud
355 1698 428 1729 satis
445 1703 549 1729 teneo.
595 1698 652 1731 SO.
677 1697 781 1739 Copia
811 1703 854 1737 te,
870 1709 888 1728 o
913 1698 1039 1729 mirifice
1055 1698 1112 1734 vir,
1130 1697 1338 1739 generationis
1361 1695 1440 1737 ejus,
1456 1695 1542 1737 quod
1566 1699 1614 1725 est

140 1753 278 1791 tertium,
293 1752 472 1794 stupefecit.
495 1762 674 1793 quanquam
698 1756 730 1782 et
754 1751 910 1782 infinitum
936 1751 1034 1781 multa
1063 1762 1175 1793 genera
1191 1750 1395 1782 continebat:
1421 1759 1492 1791 quae
1508 1754 1614 1779 tamen

141 1819 254 1849 genere
269 1807 367 1849 ipsius
383 1806 480 1848 magis
497 1805 638 1837 minusve
654 1806 790 1848 signata,
806 1817 901 1836 unum
917 1811 1138 1847 apparuerunt.
1184 1805 1273 1837 Pao.
1295 1805 1378 1835 Vera
1394 1813 1508 1834 narras.
1554 1803 1612 1834 SO.

139 1862 355 1894 Veruntamen
381 1871 484 1902 neque
512 1860 661 1891 terminus
687 1860 787 1891 multa
815 1861 1002 1897 continebit,
1019 1871 1133 1901 neque,
1150 1860 1234 1900 quod
1265 1869 1359 1889 unum
1387 1863 1496 1888 natura
1520 1861 1616 1893 esset,

141 1916 206 1947 ulla
221 1915 403 1946 difficultate
426 1915 681 1946 admittebamus.
727 1915 818 1947 Pno.
844 1914 916 1951 Quo
944 1914 1028 1944 enim
1059 1914 1177 1944 modo?
1224 1913 1280 1944 So.
1303 1912 1402 1942 Nullo
1428 1911 1533 1943 modo.
1558 1910 1613 1941 sed

142 1971 267 2001 tertium
283 1970 363 2001 scito
380 1980 428 1999 me
445 1968 560 2005 dicere,
577 1979 673 1998 unum
690 1968 762 2004 hoc,
779 1968 991 2009 quodcunque
1008 1978 1044 1998 ex
1062 1967 1098 1997 iis
1113 1967 1261 2002 nascitur,
1278 1965 1509 2007 generationem
1528 1964 1615 1995 vide-

143 2024 218 2055 licet
232 2024 263 2054 in
279 2024 458 2063 essentiam,
473 2033 510 2053 ex
528 2022 677 2052 mensuris
694 2032 756 2052 una
771 2033 841 2053 cum
859 2022 990 2052 termino
1006 2021 1196 2053 constitutis.
1242 2021 1330 2052 Pao.
1355 2019 1513 2052 Intellexi.
1559 2019 1618 2051 So-

145 2077 290 2109 Ceterum
307 2076 382 2117 quid
398 2081 506 2117 praeter
523 2076 588 2106 haec
606 2076 662 2106 tria
690 2081 832 2117 quartum
857 2086 955 2117 genus
979 2075 1032 2112 sit,
1057 2075 1289 2106 discutiendum
1316 2078 1420 2105 restat.
1442 2071 1616 2104 communis

145 2135 248 2162 autern
264 2130 325 2161 ista
339 2129 530 2171 disceptatio
547 2135 605 2161 est.
650 2129 736 2161 Vide
753 2141 826 2161 num
844 2129 900 2160 tibi
925 2131 1132 2161 necessarium
1150 2129 1302 2166 videatur,
1320 2129 1532 2171 quodcunque
1549 2127 1618 2168 gig-

146 2186 241 2223 nitur,
258 2195 314 2226 per
329 2184 464 2225 aliquam
481 2194 605 2215 causam
633 2183 742 2226 gigni?
789 2184 876 2216 Pno.
902 2184 986 2215 Mihi
1011 2185 1116 2226 plane.
1141 2185 1301 2226 quomodo
1325 2183 1409 2214 enim
1436 2182 1554 2223 absque
1581 2190 1620 2211 ea

149 2239 260 2271 fieret?
305 2239 360 2270 So.
385 2238 428 2269 Et
443 2237 607 2269 efficientis
623 2243 734 2269 natura
750 2238 877 2270 nomine
894 2239 1043 2269 duntaxat
1063 2250 1080 2270 a
1107 2248 1202 2270 causa
1218 2237 1324 2268 differt
1338 2248 1347 2275 3
1372 2235 1571 2277 efficiensque
1587 2239 1621 2264 et

147 2303 243 2325 causa
257 2304 354 2323 unum
372 2293 482 2323 merito
495 2293 712 2324 vocabuntur?
759 2293 847 2324 Pno.
872 2293 1002 2324 Merito.
1049 2293 1105 2324 So.
1131 2293 1217 2329 Quin
1234 2291 1326 2322 etiam
1343 2291 1460 2321 factum
1481 2299 1518 2320 ac
1542 2287 1618 2330 [27]

149 2347 289 2389 genitum
314 2346 380 2377 solo
406 2346 533 2377 nomine
558 2347 792 2388 discrepabunt.
838 2347 926 2379 Pno.
952 2348 1057 2380 Certe.
1104 2347 1161 2378 So.
1183 2345 1340 2377 Praecedit
1369 2344 1495 2386 quidem
1526 2348 1621 2383 atque

147 2401 236 2432 ducit
250 2406 361 2432 natura
378 2411 499 2441 semper
524 2400 609 2442 quod
639 2399 778 2431 efficiens
791 2406 859 2432 est:
884 2401 968 2442 quod
987 2412 1059 2432 vero
1075 2401 1192 2432 sactum
1210 2404 1257 2430 est
1272 2400 1312 2430 ab
1339 2410 1377 2430 eo
1404 2397 1621 2439 genitumque,

146 2456 249 2497 ipsum
265 2453 415 2496 sequitur.
461 2454 549 2486 Pno.
576 2455 715 2486 Prorsus.
761 2456 817 2486 So.
843 2454 918 2485 Non
934 2466 1007 2497 ergo
1023 2455 1118 2491 idern,
1136 2455 1190 2486 scd
1209 2453 1307 2490 aliud,
1323 2458 1371 2483 est
1387 2461 1480 2484 causa
1492 2456 1524 2482 et
1534 2450 1620 2492 quod

146 2510 186 2540 nd
199 2507 431 2550 generationem
448 2517 550 2538 causae
567 2507 705 2539 inservit.
752 2508 838 2539 Pno.
864 2507 950 2545 Quid
977 2509 1143 2550 prohibet?
1191 2509 1247 2539 So.
1270 2507 1323 2538 An
1339 2517 1403 2537 non
1419 2506 1524 2547 genita
1539 2504 1622 2547 ipsa,

145 2567 179 2594 et
188 2573 226 2594 ex
241 2562 355 2604 quibus
372 2561 541 2603 gignuntur
557 2561 673 2598 onmia,
690 2562 746 2592 tria
761 2562 851 2594 nobis
868 2574 981 2605 genera
994 2563 1217 2605 praebuerunt?
1263 2562 1351 2593 Pno.
1376 2561 1528 2592 Maxime.
1563 2560 1620 2590 So.

149 2615 300 2648 Omnium
328 2620 432 2645 autem
461 2614 586 2645 istorum
613 2616 757 2657 opificem
782 2624 924 2658 quartum
951 2617 1107 2658 ponimus,
1123 2627 1314 2657 causamque
1329 2625 1487 2651 vocamus,
1512 2619 1622 2655 utpote

148 2670 234 2701 aliud
250 2669 399 2711 quiddam
428 2679 522 2710 quam
548 2668 603 2699 illa
630 2670 670 2700 ad
689 2670 905 2701 sufficientiam
923 2671 1180 2702 demonstratum.
1226 2670 1312 2702 Pno.
1336 2669 1489 2700 Ponimus
1505 2668 1622 2708 absque

149 2724 259 2756 dubio.
303 2723 361 2755 So.
384 2723 500 2754 Verum
517 2722 584 2764 jam
613 2724 717 2761 decet,
741 2734 811 2755 cum
839 2730 973 2766 quatuor
999 2726 1134 2756 discreta
1160 2725 1234 2762 sint,
1251 2723 1442 2765 singulorum
1470 2720 1624 2752 memoriae

150 2777 261 2820 gratia,
276 2777 454 2818 singulatim
481 2776 533 2807 illa
556 2776 764 2809 dinumerare.
809 2778 896 2810 Pno.
922 2778 1053 2820 Utique.
1099 2779 1156 2810 So.
1181 2778 1320 2810 Primum
1346 2777 1440 2818 igitur
1467 2774 1623 2805 inlinitum

150 2832 223 2863 dico
239 2842 248 2863 z
272 2831 445 2862 secundum
462 2830 625 2862 terminum
642 2843 648 2861 ε
676 2832 801 2863 tertium
820 2833 946 2863 mixtam
961 2844 998 2864 ex
1014 2832 1051 2863 iis
1065 2832 1265 2874 genitamque
1289 2830 1456 2862 essentiam
1473 2841 1479 2858 z
1506 2833 1624 2869 postre-

151 2895 237 2916 mum
252 2884 409 2916 mixtionis
424 2885 698 2928 generationisque
713 2897 837 2918 causam
854 2887 878 2917 si
894 2893 1039 2929 quartum
1056 2897 1179 2924 vocem,
1196 2885 1339 2927 nunquid
1357 2883 1512 2915 errarem?
1538 2882 1626 2912 Pno-

151 2937 250 2970 Nullo
266 2943 370 2980 pacto.
415 2939 472 2972 So.
496 2939 643 2982 Agedum
659 2941 809 2984 deinceps
825 2952 894 2984 quae
912 2942 1001 2973 nobis
1028 2942 1126 2973 oratio
1141 2941 1151 2971 ‚²
1176 2946 1207 2972 et
1222 2941 1299 2982 quid
1316 2937 1509 2982 potissimum
1525 2934 1628 2977 inqui-

248 2993 335 3025 mat.
364 2993 419 3025 Tr.
872 2996 917 3028 ιι.
1513 2989 1539 3021 Β
