1840 3225
187 216 257 266 76]
821 211 1053 252 TIMAEUS.
1556 211 1632 249 26⁷

180 319 320 361 utrisque
350 318 491 361 potentia
519 317 651 348 mediam
682 317 880 358 temperavit,
904 317 1048 359 flavoque
1072 316 1181 348 infecit
1199 317 1314 348 colore.
1343 316 1414 348 hinc
1430 317 1475 352 fit,
1491 320 1526 347 ut
1541 325 1634 347 carne

179 373 309 416 quidem
324 373 440 405 tensior
461 377 494 404 et
517 371 643 406 aridior,
655 371 774 402 ossibus
788 376 894 402 autem
903 371 1014 413 agilior
1027 371 1208 413 molliorque
1225 371 1265 402 sit
1275 380 1439 402 nervorum
1453 369 1637 401 substantia.

178 428 225 458 his
250 427 340 459 Deus
372 426 538 458 medullam
563 424 654 456 simul
683 431 716 456 et
742 435 814 456 ossa
833 425 985 461 devinxit,
1010 430 1042 456 et
1069 426 1137 457 haec
1162 425 1267 457 omnia
1293 425 1440 457 carnibus
1461 424 1636 467 cooperuit.

177 491 250 524 quae
275 482 371 524 igitur
399 490 469 512 ossa
495 479 630 510 animata
656 479 790 510 maxime
821 485 920 515 erant,
959 478 1155 521 paucissimis
1178 479 1321 510 carnibus
1348 479 1530 521 adoperuit:
1563 488 1634 519 quae

177 546 251 568 vero
284 536 425 572 minime,
463 539 571 566 contra
611 533 755 575 plurimis
788 539 883 576 atque
909 534 1120 566 crassissimis.
1153 533 1307 576 juncturis
1343 534 1472 574 insuper
1504 532 1636 568 ossium,

175 595 387 632 praeterquam
401 589 453 622 ubi
467 587 663 619 necessitatis
677 588 756 619 ratio
778 589 868 620 aliter
879 589 1069 630 postulabat,
1091 599 1207 630 paucas
1222 598 1331 619 carnes
1355 587 1530 630 adjecit,ne
1546 586 1634 618 flexi-

174 645 286 676 onibus
305 643 528 686 impedimento
552 643 666 679 forent,
690 642 841 684 tardaque
866 642 908 673 ad
931 648 1049 674 motum
1073 652 1204 684 corpora
1220 642 1371 678 facerent,
1391 652 1471 673 neve
1486 652 1542 672 sua
1555 651 1633 682 qua-

174 698 250 729 dam
270 697 369 730 solida
381 696 586 729 crassitudine
608 696 822 739 obtusiorique
841 698 925 729 mole
945 707 1093 728 sensuum
1113 697 1213 728 aciem
1233 696 1429 731 hebetarent,
1451 695 1634 726 memoriam

172 751 373 794 impedirent,
395 752 514 793 ingenii
537 761 668 782 acumen
680 750 901 782 obtunderent.
923 750 1123 793 quamobrem
1137 750 1312 792 inguinum,
1327 750 1483 786 tibiarum,
1498 749 1634 783 iliorum,

172 805 380 841 brachiorum,
406 805 481 847 [75]
506 805 690 836 lacertorum
706 816 786 841 ossa,
807 811 841 836 et
867 811 973 836 cetera
987 805 1103 842 omnia,
1131 816 1200 846 quae
1216 804 1357 836 articulis
1378 809 1497 840 carent,
1523 812 1635 844 quaeve

175 859 262 892 intus
288 859 422 890 latentia
445 868 515 890 ossa
539 863 668 900 propter
689 858 802 889 animae
828 859 1018 900 paucitatem
1044 859 1077 890 in
1104 857 1241 889 medulla
1253 857 1423 899 prudentia
1437 867 1536 888 vacua
1550 861 1636 895 sunt,

170 914 277 945 multis
291 918 366 944 sunt
376 912 522 944 carnibus
535 912 697 953 adoperta.
717 913 917 954 paucioribus
929 924 1011 949 vero,
1027 924 1098 955 quae
1109 913 1309 955 prudentiam
1322 912 1459 943 habent:
1483 911 1545 942 nisi
1556 911 1637 942 forte

169 977 303 1000 carnosa
327 966 470 1008 quaedam
497 965 596 997 moles
611 966 735 1007 proprie
751 966 792 997 ad
804 977 930 998 sensum
945 968 1083 1008 aliquem
1098 972 1206 1008 aptata
1217 968 1270 1006 sit,
1283 967 1386 1008 qualis
1399 971 1447 998 est
1462 966 1581 1007 lingua.
1601 965 1636 996 in

170 1021 286 1054 ceteris
299 1026 357 1057 est,
369 1025 404 1051 ut
414 1020 560 1050 diximus.
580 1024 693 1050 natura
706 1021 801 1055 enim,
818 1032 854 1049 ex
864 1021 1053 1051 necessitate
1067 1021 1172 1061 genita
1182 1026 1276 1062 atque
1288 1021 1415 1056 nutrita,
1429 1020 1518 1051 nullo
1541 1017 1635 1050 modo

169 1085 206 1108 os
217 1079 414 1117 compactum
426 1083 613 1114 carnemque
626 1074 753 1104 multam
764 1073 856 1103 simul
869 1078 902 1104 et
911 1078 1038 1103 acutum
1049 1084 1173 1104 sensum
1187 1073 1333 1104 admittit.
1352 1074 1483 1104 maxime
1500 1082 1635 1114 namque

169 1129 307 1160 omnium
329 1137 369 1159 ea
383 1127 495 1169 capitis
510 1127 697 1168 compositio
713 1126 880 1163 habuisset,
902 1126 928 1156 si
950 1137 1011 1156 una
1040 1136 1226 1157 concurrere
1247 1126 1439 1167 potuissent:
1474 1136 1636 1168 genusque

171 1183 331 1214 hominum
344 1182 473 1224 pingue,
493 1191 656 1212 nervosum
668 1180 886 1221 robustumque
897 1179 1016 1210 habens
1027 1184 1123 1220 caput
1134 1179 1229 1210 vitam
1243 1179 1370 1221 duplam
1383 1190 1420 1210 ac
1433 1180 1526 1211 etiam
1535 1181 1637 1212 multo

171 1236 411 1272 diuturniorem,
433 1234 626 1271 validiorem,
639 1233 854 1275 placidiorem,
870 1243 964 1274 quam
979 1243 1047 1269 nos,
1063 1233 1265 1274 possedisset.
1293 1239 1433 1265 ceterum
1448 1235 1560 1266 nostris
1574 1235 1638 1266 illis

169 1289 419 1323 fabricatoribus.
440 1288 480 1319 de
500 1293 592 1319 nosto
613 1298 728 1329 genere
739 1287 997 1323 consultantibus,
1009 1291 1109 1317 utrum
1121 1287 1298 1318 diuturnius
1308 1288 1446 1329 quidem,
1458 1288 1514 1320 sed
1522 1289 1637 1320 deteri·

171 1354 220 1380 ue,
232 1353 273 1375 an
281 1343 427 1374 brevioris
437 1342 563 1384 quidem
576 1341 660 1377 vitae,
675 1342 730 1372 sed
746 1341 879 1378 melioris
902 1341 1071 1377 efficerent,
1084 1340 1184 1372 visum
1203 1341 1264 1372 fuit
1277 1342 1372 1372 vitam
1388 1343 1510 1374 brevem
1526 1343 1636 1374 melio-

169 1408 299 1440 remque
320 1398 474 1428 diuturnae
496 1402 528 1427 et
553 1395 700 1427 deteriori
725 1406 792 1427 esse
815 1396 941 1427 omnino
963 1395 1229 1438 anteponendam.
1250 1396 1358 1438 itaque
1372 1402 1469 1438 caput
1483 1407 1550 1428 osse
1565 1407 1638 1428 raro

171 1457 288 1490 texere,
304 1452 358 1483 sed
374 1451 518 1483 carnibus
532 1451 709 1492 nervisque,
731 1450 805 1492 quia
819 1451 968 1482 flexiones
982 1461 1046 1481 non
1057 1455 1126 1482 erat
1143 1451 1329 1487 habiturum.
1353 1461 1418 1482 non
1440 1451 1639 1483 fulciverunt.

173 1506 222 1536 his
233 1505 375 1537 omnibus
387 1506 426 1536 de
438 1505 538 1536 causis
550 1510 647 1546 caput
658 1504 801 1536 membris
818 1505 960 1537 omnibus
974 1505 1094 1536 acutius
1110 1503 1150 1535 ad
1162 1504 1358 1536 sentiendum
1375 1505 1638 1547 prudentiusque,

173 1559 230 1590 sed
253 1559 441 1591 imbecillius
464 1565 513 1590 est
533 1559 748 1590 constitutum.
770 1570 880 1591 nervos
901 1565 1004 1590 autem
1029 1559 1069 1590 ob
1092 1560 1173 1590 hanc
1197 1558 1346 1590 rationem
1362 1565 1456 1601 atque
1471 1560 1530 1591 hoc
1545 1564 1639 1600 pacto

173 1613 264 1646 Deus
287 1619 432 1645 extremae
457 1614 539 1655 parti
566 1613 678 1655 capitis
704 1613 954 1655 circumponens,
979 1613 1076 1655 spinae
1102 1612 1187 1645 dorsi
1208 1623 1261 1644 eos
1284 1612 1418 1655 quadum
1433 1613 1640 1644 similitudine

173 1667 433 1710 circumplicavit,
460 1678 656 1709 summasque
681 1668 743 1699 illis
763 1668 906 1698 maxillas
928 1668 985 1699 sub
1005 1668 1095 1698 vultu
1122 1666 1263 1698 devinxit
1276 1678 1282 1696 :
1306 1667 1440 1708 reliquos
1465 1677 1521 1708 per
1535 1666 1640 1698 omnia

174 1722 315 1754 membra
337 1722 562 1758 disseminavit,
590 1722 753 1754 articulum
771 1727 959 1754 connectens
975 1721 1119 1754 articulo.
1164 1721 1272 1752 Nostri
1287 1727 1438 1762 praeterea
1451 1721 1497 1752 illi
1510 1731 1638 1752 exorna-

177 1782 260 1808 tores
271 1777 333 1808 oris
343 1782 486 1808 naturam
501 1777 657 1814 dentibus,
674 1777 790 1819 lingua,
806 1777 907 1814 labiis,
922 1777 968 1808 ita
982 1782 1018 1807 ut
1031 1787 1116 1807 nunc
1130 1777 1282 1816 videmus,
1296 1776 1538 1807 necessariorum
1549 1775 1639 1806 simul

174 1834 211 1861 et
227 1830 411 1871 optimorum
435 1831 532 1873 gratia
554 1836 752 1863 ornaverunt.
775 1841 847 1862 nam
868 1831 1040 1873 ingressum
1062 1829 1188 1872 quidem
1204 1829 1461 1865 necessariorum,
1482 1839 1639 1870 egressum

175 1894 251 1916 vero
267 1885 452 1926 optimorum
476 1885 577 1927 gratia
588 1887 816 1927 excogitavere.
836 1896 951 1927 nempe
960 1885 1168 1917 necessarium
1179 1889 1236 1920 est,
1249 1884 1400 1925 quicquid
1410 1884 1450 1914 ad
1460 1883 1638 1914 alimoniam

175 1938 212 1969 in
238 1949 350 1980 corpus
376 1939 552 1970 admittitur
565 1952 574 1980 ;
598 1941 759 1972 verborum
785 1944 889 1970 autem
915 1939 1050 1975 effluxio,
1074 1938 1215 1969 ministra
1239 1937 1425 1978 prudentiae,
1440 1936 1639 1968 effluxionum

176 1991 314 2022 omnium
340 1993 457 2034 optima
479 1997 527 2023 est
539 1998 633 2034 atque
649 1993 871 2034 pulcherrima.
915 1993 1021 2034 Caput
1035 1997 1188 2034 praeterea
1202 1991 1288 2022 nudo
1303 2002 1370 2022 osse
1386 1991 1534 2033 relinqui,
1558 1991 1642 2022 omni

177 2044 241 2076 alio
264 2046 400 2087 tegmine
425 2047 621 2084 destitutum,
644 2057 709 2078 non
730 2052 852 2088 poterat.
866 2054 995 2088 propter
1010 2047 1120 2078 caloris
1135 2046 1321 2088 frigorisque
1336 2056 1515 2077 excessum:
1538 2056 1641 2088 neque

177 2109 284 2131 rursus
306 2101 445 2130 carnium
469 2100 608 2140 pondere
629 2106 867 2140 praegravatum,
884 2110 991 2130 sensus
1006 2111 1118 2139 expers
1134 2099 1341 2140 obtusumque
1354 2100 1551 2130 reddendum
1567 2105 1643 2131 erat.

177 2162 274 2185 carne
299 2152 394 2194 igitur
409 2163 472 2183 non
488 2154 614 2193 penitus
629 2153 787 2184 desiccata
798 2152 968 2187 residuum,
994 2151 1069 2192 [76]
1095 2155 1181 2192 quud
1198 2153 1299 2193 majus
1314 2158 1485 2194 supererat,
1499 2164 1642 2195 segrega-

180 2211 248 2238 tum
272 2211 331 2243 est,
356 2207 498 2248 cutisque
526 2206 606 2247 ipsa,
623 2205 708 2236 circa
721 2205 840 2236 cerebri
855 2206 1014 2236 humorem
1030 2204 1088 2235 sibi
1103 2205 1162 2246 ipsi
1172 2205 1284 2247 juncta
1298 2212 1330 2237 et
1343 2206 1530 2248 germinans,
1549 2213 1645 2249 caput

180 2260 438 2292 circumvestirit.
462 2259 630 2290 humiditas
658 2264 778 2295 autem,
806 2258 864 2290 sub
883 2259 1050 2300 juncturas
1073 2259 1258 2296 scaturiens,
1273 2261 1415 2301 irrigavit
1426 2262 1647 2304 compegitque

182 2313 281 2355 ipsam
294 2314 333 2345 ad
347 2315 504 2345 verticem.
522 2313 738 2355 juncturarum
749 2324 820 2344 vero
833 2314 952 2355 species
962 2314 1047 2344 varia
1056 2319 1181 2355 propter
1193 2313 1410 2346 circuitionum
1427 2316 1645 2359 alimoniaeque

185 2369 359 2410 potentiam
373 2368 457 2399 facta
474 2374 520 2399 est
534 2380 541 2398 :
565 2375 598 2400 et
612 2368 659 2399 his
675 2369 802 2410 quidem
818 2368 915 2410 magis
930 2368 1064 2399 invicem
1081 2368 1292 2410 pugnantibus
1316 2369 1420 2411 plures
1445 2370 1548 2401 minus
1571 2382 1645 2404 vero

185 2421 359 2463 pauciores.
382 2422 462 2453 hanc
477 2432 599 2453 omnem
615 2428 718 2454 cutem
733 2423 874 2465 undique
888 2423 962 2465 igne
975 2423 1111 2464 pupugit
1129 2423 1341 2464 percussitque
1364 2423 1466 2454 Deus.
1488 2435 1545 2465 per
1565 2426 1647 2457 cutis

183 2470 262 2507 inde
278 2475 366 2517 quasi
387 2476 499 2506 saucia:
513 2477 640 2508 rimulas
655 2478 764 2508 humor
778 2477 895 2508 effluxit
909 2489 916 2508 :
934 2477 1059 2520 quodve
1074 2477 1141 2508 illic
1155 2477 1316 2508 humidum
1332 2476 1529 2520 calidumque
1545 2480 1646 2512 since·

187 2539 258 2561 rum
272 2534 350 2565 erat,
361 2530 455 2569 abiit3
469 2531 552 2571 quod
563 2541 635 2562 vero
644 2541 680 2561 ex
695 2531 815 2568 iisdem,
825 2532 938 2573 quibus
950 2537 982 2563 et
991 2532 1082 2568 cutis,
1096 2536 1160 2561 erat
1171 2531 1366 2572 permixtum,
1374 2533 1578 2565 emanationis
1588 2535 1646 2566 im-

188 2588 265 2625 petu
280 2589 365 2615 extra
375 2583 616 2625 productum,in
626 2584 750 2626 longum
763 2591 923 2616 extensum
931 2590 989 2623 est,
1000 2584 1184 2616 tenuitatem
1202 2585 1364 2626 punctioni
1377 2587 1649 2630 penetrationique

189 2636 237 2670 illi
249 2638 401 2679 aequalem
417 2637 534 2668 liabens
548 2649 554 2666 :
580 2638 632 2668 sed
646 2643 773 2679 propter
788 2638 963 2671 tarditatem
979 2649 999 2670 a
1009 2638 1121 2680 spiritu
1130 2638 1349 2671 circumstante
1368 2646 1515 2677 retusum,
1526 2652 1648 2673 rursus-

190 2700 254 2733 que
280 2691 336 2722 sub
360 2697 463 2723 cutem
488 2692 673 2727 revolutum,
689 2691 808 2723 radices
823 2693 898 2735 egit.
922 2692 968 2723 his
985 2693 1093 2734 utique
1108 2692 1208 2724 causis
1223 2693 1327 2734 capilli
1344 2693 1376 2725 in
1391 2699 1462 2726 cute
1478 2700 1550 2727 sunt
1568 2695 1648 2731 nati,

191 2746 362 2777 seeundum
377 2746 468 2787 pellis
482 2746 619 2788 cotiique
635 2745 869 2778 similitudinem
885 2747 950 2779 cuti
965 2757 1057 2789 quam
1071 2746 1214 2789 proximi,
1231 2746 1287 2778 sed
1308 2753 1434 2790 propter
1454 2749 1648 2791 coagulatio-

193 2807 266 2829 nem
281 2809 300 2830 a
312 2799 485 2841 frigiditate
498 2800 612 2832 factam
625 2800 764 2832 duriores
777 2805 848 2832 cute
862 2807 956 2844 atque
971 2801 1140 2833 densiores,
1161 2811 1274 2843 nempe
1287 2803 1419 2844 capillus
1433 2811 1518 2835 extra
1545 2807 1648 2835 cutem

195 2852 364 2892 productus
386 2854 500 2896 frigore
525 2855 629 2895 riguit.
650 2856 709 2887 lioc
734 2860 828 2897 pacto
852 2856 1060 2897 constipatum
1083 2856 1299 2898 hirsutumque
1323 2862 1419 2899 caput
1443 2858 1532 2888 nobis
1559 2857 1648 2887 Deus

198 2905 342 2945 instituit,
359 2909 459 2942 causis
473 2909 602 2951 quidem
618 2920 690 2942 usus
705 2910 778 2947 illis,
792 2920 870 2952 quas
884 2908 1036 2944 diximus:
1073 2916 1196 2954 tegmen
1212 2922 1286 2946 vero
1301 2912 1400 2955 ipsum
1415 2913 1454 2944 ad
1471 2911 1588 2945 cerebri
1599 2915 1648 2942 tu-
