1840 3225
130 215 230 266 429]
535 214 608 252 DE
637 212 944 251 REPUBLICA
980 212 1076 251 LIB.
1111 213 1175 250 IV.
1531 213 1602 249 137

123 319 276 360 inspicere
301 318 471 355 valeamus,
489 316 614 347 ubinam
636 316 759 356 justitia
786 316 836 351 sit,
856 316 907 346 ubi
932 322 962 346 et
989 316 1142 356 injustitia
1158 316 1219 346 sit:
1246 326 1347 356 quove
1374 314 1453 345 inter
1477 324 1510 345 se
1536 314 1598 345 dis-

122 378 264 413 crepent,
281 377 375 413 atque
393 375 492 401 utrum
516 370 624 400 borum
647 369 799 411 consequi
815 370 930 401 debeat
952 371 991 410 is,
1007 371 1059 411 qui
1077 371 1166 401 beate
1183 371 1319 401 victurus
1343 368 1395 404 sit,
1410 367 1475 398 sive
1502 367 1596 398 lateat

122 436 177 457 seu
193 436 255 456 non
274 425 368 456 lateat
394 425 469 454 deos
498 433 604 453 omnes
619 428 650 452 et
679 423 833 456 homines.
878 423 992 455 GLAu.
1018 424 1105 454 Nihil
1132 422 1221 459 dicis,
1239 434 1256 453 o
1283 423 1437 454 Socrates.
1461 427 1493 452 tu
1511 422 1593 452 enirn

117 479 307 520 investigare
324 477 481 519 pollicitus
497 486 541 512 es,
558 474 646 516 quasi
662 472 791 513 impium
809 471 946 502 futurum
963 472 1014 508 sit,
1030 473 1054 502 si
1071 483 1133 503 non
1152 486 1204 515 pro
1222 475 1337 507 viribus
1349 476 1480 518 justitiae
1496 475 1592 506 fueris

118 533 315 574 suffragatus.
359 531 412 562 So.
436 529 519 560 Vera
534 529 706 559 admones:
732 532 763 556 et
782 526 824 556 ita
841 531 925 557 certe
948 527 1115 567 agendum.
1139 535 1261 568 oportet
1280 535 1383 560 minen
1400 529 1474 560 mihi
1489 535 1522 561 et
1538 540 1591 560 vos

117 587 236 621 adesse.
281 585 395 616 Graiu.
421 583 560 624 Agemus
576 581 629 612 ita.
675 581 730 611 So.
755 580 853 621 Spero
879 580 985 621 itaque
1012 581 1070 611 hac
1097 581 1217 612 ratione
1244 583 1276 613 id
1305 584 1452 614 invenire.
1476 593 1590 623 nempe

118 639 246 670 arbitror
260 638 429 673 civitatem,
446 636 470 666 si
486 641 569 667 recte
586 634 674 666 nobis
690 633 784 664 fuerit
799 633 981 671 constituta,
998 634 1139 666 absolute
1157 635 1270 666 bonam
1287 637 1443 668 exsistere.
1469 636 1588 667 GLAU.

118 692 254 724 Necesse
268 697 326 723 est.
370 691 424 722 So.
451 689 586 721 Constat
615 689 735 729 utique,
750 689 835 729 quod
860 687 986 728 sapiens
1012 693 1070 724 est,
1086 688 1172 719 fortis
1198 695 1230 720 et
1254 695 1426 731 temperata
1447 690 1590 731 etjusta.

116 745 230 777 Guu.
255 745 398 776 Constat,
441 744 498 775 So.
523 743 722 783 Quocunque
738 743 846 773 horum
870 741 904 772 in
924 742 1049 773 civitate
1065 749 1227 784 comperto
1245 743 1397 785 reliquum
1414 743 1485 783 erit,
1500 744 1587 784 quod

113 799 252 831 nondum
281 800 453 830 inventum.
500 797 614 829 Gmu.
637 796 702 828 Cur
726 796 815 826 non?
860 796 916 829 So.
941 796 975 827 Si
996 807 1032 827 ex
1051 795 1119 827 aliis
1139 797 1325 838 quibusdam
1343 803 1476 838 quatuor
1490 808 1586 827 unum

63 857 66 861 ’
111 853 229 895 aliquid
247 853 278 883 in
307 852 405 894 [428]
424 851 566 892 subjecto
592 851 697 892 aliquo
721 850 960 891 inquireremus,
976 850 1117 892 illudque
1143 851 1240 891 primo
1257 856 1389 892 pateret,
1405 851 1480 881 satis
1495 850 1587 881 nobis

109 912 193 938 esset
208 906 337 938 factum.
360 907 446 947 quod
469 907 495 936 si
520 905 577 936 tria
599 905 717 947 reliqua
741 905 826 946 prius
849 905 1100 946 comperiremur,
1115 916 1151 935 ex
1168 906 1227 936 hoc
1242 906 1312 947 ipso
1329 905 1493 947 quaesitum
1510 915 1587 945 cog-

111 970 329 992 nosceremus:
355 961 430 1001 quia
445 964 602 991 constaret
625 959 701 990 nihil
727 970 793 990 esse
821 959 919 996 aliud,
935 970 1028 1001 quam
1052 960 1138 1001 quod
1154 965 1292 992 restaret.
1339 959 1455 991 GLAU.
1480 958 1583 990 Probe

109 1013 257 1055 loqueriS.
304 1014 360 1046 So.
393 1014 446 1045 An
475 1025 538 1044 non
567 1014 607 1044 de
633 1014 702 1044 istis
731 1014 838 1051 etiarn,
866 1013 1123 1056 quandoquidem
1154 1019 1288 1056 quatuor
1318 1019 1390 1045 sunt
1419 1014 1585 1053 duntaxat,

108 1068 221 1098 eodem
245 1068 338 1099 modo
366 1069 595 1110 quaerendum?
641 1067 756 1099 GLAU.
779 1068 891 1100 Plane.
937 1068 994 1099 So,
1019 1068 1118 1109 Atqui
1143 1079 1181 1100 ex
1203 1069 1250 1099 his
1275 1068 1420 1099 omnibus
1435 1067 1534 1109 prima
1548 1067 1584 1097 in

105 1121 235 1152 civitate
260 1122 412 1163 sapientia
442 1122 624 1164 praefulgere
655 1123 789 1163 videtur,
815 1122 972 1164 aliquidve
1001 1123 1174 1153 mirandum
1205 1122 1287 1154 circa
1312 1123 1412 1163 ipsam
1439 1126 1582 1162 apparet.

111 1174 227 1207 GLAu.
256 1176 436 1213 Quidnam?
486 1176 542 1207 So.
573 1176 706 1218 Sapiens
738 1177 813 1207 mihi
846 1187 948 1208 revera
978 1177 1101 1213 civitas,
1131 1186 1223 1218 quam
1253 1175 1484 1217 descripsimus,
1515 1184 1582 1205 esse

108 1229 252 1260 videtur:
278 1241 349 1261 nam
367 1231 446 1261 bene
464 1230 606 1261 consulta
622 1235 679 1260 est.
703 1230 834 1260 nonne?
880 1230 995 1261 GLAU.
1018 1230 1075 1260 Est
1090 1231 1243 1271 profecto.
1290 1230 1346 1262 So.
1370 1228 1497 1260 Etenim
1512 1229 1581 1260 haec

103 1283 174 1324 ipsa
187 1283 220 1314 in
235 1283 375 1315 consiliis
399 1284 591 1325 perspicacia
616 1284 747 1315 scientia
771 1284 915 1325 quaedam
939 1289 998 1315 est.
1026 1294 1090 1315 non
1111 1284 1193 1316 enim
1218 1284 1352 1321 inscitia,
1369 1284 1424 1314 sed
1449 1282 1581 1314 scicntia

104 1337 208 1378 potius
224 1338 365 1368 homiues
379 1338 459 1368 bene
474 1337 650 1368 consulunt.
697 1336 813 1369 Gmu.
838 1338 1042 1379 Perspicuum
1060 1338 1091 1369 id
1107 1338 1248 1380 quidem.
1294 1338 1351 1370 So.
1374 1337 1488 1367 Multae
1504 1347 1578 1366 vero

103 1400 141 1422 ac
166 1391 256 1422 variae
283 1391 314 1422 in
341 1391 467 1423 civitate
492 1392 630 1423 scientiae
658 1398 740 1422 sunt.
787 1391 902 1424 GLAu.
925 1393 1015 1423 Sunt.
1061 1393 1118 1424 So.
1143 1391 1297 1433 Nunquid
1325 1396 1452 1432 propter
1476 1390 1576 1430 ipsam

102 1443 259 1476 fabrorum
285 1445 446 1476 scientiam
474 1445 598 1487 sapiens
622 1451 655 1477 et
679 1447 758 1477 bene
784 1446 928 1477 consulta
949 1446 1060 1478 civitas
1076 1446 1292 1488 appellanda?
1340 1444 1452 1476 GLAU.
1476 1443 1576 1474 Nullo

104 1500 198 1530 modo
221 1505 347 1542 propter
361 1501 463 1537 istam,
478 1501 533 1532 sed
549 1500 677 1532 fabrilis.
720 1501 775 1532 So.
801 1500 877 1531 Non
900 1512 972 1542 ergo
988 1501 1112 1542 sapiens
1128 1500 1320 1542 appellanda
1344 1505 1391 1530 est
1411 1497 1522 1529 civitas
1538 1507 1576 1527 ex

104 1563 158 1590 ee,
171 1555 257 1595 quod
281 1560 408 1596 propter
435 1555 576 1586 fabrilem
601 1555 763 1586 scientiam
790 1555 830 1585 de
857 1556 1002 1596 operibus
1030 1555 1115 1596 ligno
1141 1553 1359 1594 conficiendis,
1373 1563 1436 1593 qua
1460 1551 1580 1582 ratione

105 1613 305 1649 peragantur,
320 1609 400 1640 bene
416 1609 583 1640 consultet.
629 1608 745 1642 GLAU.
769 1608 844 1639 Non
869 1614 966 1641 certe.
1010 1609 1066 1642 So.
1089 1609 1143 1640 An
1164 1609 1242 1640 forte
1259 1612 1388 1649 propter
1402 1605 1577 1641 seientiam,

103 1672 177 1703 qua²
192 1673 280 1694 aeuea
295 1673 392 1704 opera.
407 1663 508 1704 fingit,
524 1663 572 1693 vel
589 1663 680 1693 aliam
699 1663 791 1694 talem
806 1664 816 1693 ?
863 1662 977 1694 GLAU.
1002 1663 1095 1695 Certe
1112 1666 1238 1704 propter
1252 1661 1369 1693 nullam
1384 1659 1577 1701 hujusmodi.

102 1715 159 1747 So.
182 1715 297 1758 Neque
311 1717 405 1748 etiam
423 1722 548 1759 propter
563 1717 722 1748 scientiam
737 1715 963 1757 eonsiIIumque
980 1716 1136 1748 fructuum
1153 1727 1190 1747 ex
1206 1721 1285 1747 terra
1301 1714 1573 1756 producendorum

101 1770 413 1812 colligendorumque
437 1771 561 1812 sapiens
590 1771 766 1802 nominatur
792 1781 829 1802 nc
853 1772 933 1802 bene
959 1770 1114 1812 consulta,
1140 1770 1196 1801 sed
1221 1769 1412 1810 agricolaria.
1458 1766 1574 1798 GLAU.

101 1824 154 1856 Sic
169 1825 292 1866 opinor.
338 1826 394 1858 So.
418 1824 504 1862 Quid
533 1826 628 1856 vero?
652 1830 740 1857 estne
765 1825 871 1866 aliqua
897 1825 1028 1857 scientia
1044 1825 1075 1856 in
1091 1825 1217 1855 civitate
1245 1833 1345 1864 nuper
1360 1833 1378 1853 a
1392 1821 1482 1852 nobis
1498 1831 1573 1852 con-

98 1879 178 1915 dita,
192 1880 277 1920 apud
293 1879 378 1911 cives
403 1879 494 1917 ullos,
511 1889 574 1920 qua
596 1890 659 1910 non
676 1880 716 1910 de
732 1890 764 1910 re
780 1880 884 1920 aliqua
907 1879 938 1909 in
967 1879 1093 1910 civitate
1109 1878 1230 1919 privata
1245 1877 1445 1917 deliberatur,
1461 1875 1516 1905 sed
1532 1874 1571 1904 de

100 1931 242 1963 universa
259 1933 363 1975 potius
377 1933 516 1970 civitate,
533 1943 596 1974 qua
610 1934 731 1964 ratione
747 1938 779 1963 et
795 1933 862 1973 ipsa
885 1933 925 1963 ad
942 1943 974 1963 se
989 1932 1088 1973 ipsam
1105 1938 1136 1963 et
1151 1932 1190 1962 ad
1207 1931 1283 1962 alias
1298 1930 1439 1962 civitates
1454 1928 1572 1969 optime

99 1996 167 2017 sese
197 1988 305 2027 gerat?
350 1986 465 2018 GLAu.
489 1986 545 2017 Est
574 1987 730 2018 nimirum.
776 1987 833 2018 So.
856 1987 1010 2024 Quaenam
1042 1987 1121 2023 haec.
1149 1990 1181 2017 et
1210 1985 1243 2016 in
1273 1983 1409 2026 quibus?
1456 1981 1572 2013 GLAU.

100 2040 176 2081 Ipsa
189 2041 310 2072 scilicet
325 2040 525 2072 custodiendi
550 2042 726 2082 diligentia,
740 2046 773 2072 et
796 2042 827 2071 in
852 2042 898 2072 his
915 2040 1121 2082 principibuS,
1136 2050 1215 2081 quos
1230 2039 1325 2070 modo
1342 2037 1487 2069 custodes
1503 2046 1572 2077 per-

98 2093 198 2125 fectos
228 2095 475 2137 appellabamus.
519 2096 576 2127 So.
599 2095 733 2137 Propter
762 2097 841 2127 hanc
869 2106 942 2137 ergo
973 2095 1135 2126 scientiam
1163 2105 1227 2136 quo
1258 2093 1385 2123 nomine
1411 2091 1570 2122 civitatem

97 2150 288 2190 nuncupas?
327 2149 440 2181 GLAU.
458 2149 502 2182 In
518 2150 729 2181 consultando
747 2150 956 2192 perspicacem
973 2160 1009 2182 ac
1025 2160 1130 2181 revera
1145 2149 1330 2190 sapientem.
1376 2146 1429 2177 So.
1456 2145 1570 2176 Utrum

99 2201 203 2242 plures
218 2202 251 2232 in
265 2203 392 2235 civitate
414 2204 518 2235 fabros
533 2204 654 2235 aerarios
669 2214 761 2246 quam
780 2215 868 2236 veros
883 2205 977 2236 hosce
992 2204 1138 2236 custodes
1154 2214 1221 2234 esse
1237 2207 1328 2243 putas
1345 2202 1356 2232 ἓ
1381 2211 1421 2231 an
1437 2204 1545 2231 contra
1559 2199 1570 2228 ?

97 2253 216 2287 GLAU.
239 2256 346 2288 Multo
369 2264 453 2290 certe
470 2259 574 2300 plures
597 2259 719 2290 aerarios
741 2258 856 2290 fabros.
904 2258 957 2291 So.
981 2259 1033 2290 An
1051 2269 1113 2288 non
1142 2262 1175 2288 et
1200 2256 1388 2297 reliquorum
1417 2253 1570 2289 omnium.

96 2314 301 2351 quotcunque
327 2311 473 2343 scientias
497 2313 612 2343 habent
637 2318 670 2344 et
694 2312 791 2354 aliqui
816 2312 1049 2354 quodammodo
1076 2311 1290 2350 nominantur,
1315 2309 1364 2341 isti
1390 2307 1571 2350 paucissimi

99 2363 214 2394 erunt?
249 2364 364 2397 Guu.
389 2365 576 2398 Paucissirni
593 2367 773 2398 admodum.
819 2366 878 2399 So,
901 2366 985 2408 Ergo
1002 2377 1038 2398 ex
1057 2366 1183 2397 minima
1198 2365 1332 2407 quadam
1351 2368 1445 2405 gente
1460 2361 1572 2402 suique

97 2420 198 2457 parte,
214 2421 248 2448 et
270 2428 308 2449 ex
324 2418 466 2460 scientia,
482 2430 553 2461 quae
578 2420 610 2450 in
640 2421 827 2461 praesidente
853 2426 885 2451 et
911 2419 1054 2462 principe
1072 2425 1157 2462 parte
1173 2419 1266 2456 inest,
1293 2423 1359 2449 tota
1374 2416 1499 2458 sapiens
1515 2415 1574 2446 erit

95 2470 268 2500 secundum
293 2477 434 2503 naturam
460 2473 571 2505 civitas
596 2474 763 2505 instituta:
789 2481 884 2517 atque
911 2475 957 2513 id,
985 2481 1021 2506 ut
1049 2475 1181 2511 videtur,
1212 2478 1320 2505 natura
1347 2470 1570 2514 paucissimum

96 2523 322 2557 rarissimumve
359 2525 458 2569 [429]
490 2538 599 2569 genus,
629 2529 680 2560 cui
707 2530 858 2560 convenit
886 2540 954 2561 esse
983 2528 1077 2570 hujus
1108 2527 1246 2559 scientiae
1277 2525 1446 2567 particeps,
1475 2533 1570 2565 quam

56 2574 60 2578 ¹
94 2577 192 2608 solam
222 2589 261 2609 ex
291 2580 435 2611 omnibus
461 2581 530 2612 aliis
559 2581 651 2613 decet
677 2583 862 2624 sapientiam
893 2582 1064 2624 appellare.
1117 2578 1427 2613 GLAU..Verissima
1455 2587 1571 2618 narras.

94 2631 151 2663 So.
174 2631 246 2664 Hoc
261 2632 367 2675 itaque
392 2645 486 2666 unum
504 2645 540 2666 ex
557 2641 690 2677 quatuor
705 2647 768 2668 non
786 2638 873 2669 vides
888 2648 951 2679 qua
966 2637 1085 2668 ratione
1102 2635 1278 2667 invenimus
1293 2638 1327 2665 et
1341 2633 1443 2674 ipsum
1460 2637 1493 2663 et
1508 2641 1571 2673 qua

94 2684 135 2715 sit
148 2684 284 2717 civitatis
308 2687 338 2718 in
356 2692 443 2728 parte
459 2688 595 2720 locatum
611 2689 622 2719 ?
667 2688 784 2724 Gmu.
806 2691 891 2722 Mihi
908 2691 1035 2733 quidem
1052 2689 1241 2721 sufficienter
1257 2688 1381 2719 videtur
1396 2687 1570 2718 inventum.

93 2737 151 2770 So.
174 2739 220 2770 At
235 2750 306 2771 vero
333 2751 437 2783 neque
462 2742 593 2774 inventu
608 2743 736 2776 difficile
752 2750 813 2782 est,
830 2746 909 2787 quid
930 2744 1081 2776 fortitudo
1097 2744 1150 2785 sit,
1164 2753 1266 2785 quave
1281 2741 1417 2776 civitatis
1433 2740 1465 2771 in
1482 2744 1570 2782 Par*c

93 2793 224 2834 locetur,
250 2800 380 2835 propter
405 2806 497 2837 quam
522 2796 611 2828 fortis
637 2798 748 2830 civitas
774 2806 988 2842 nuncupatur.
1034 2798 1150 2830 GLAu.
1176 2797 1324 2836 Quonam
1350 2794 1469 2837 pacto?
1514 2793 1570 2824 So.

95 2845 250 2884 Quisnam
265 2849 304 2879 ad
321 2849 406 2880 aliud
433 2851 601 2893 quicquam
620 2852 788 2894 respiciens
809 2854 967 2886 civitatem
993 2853 1042 2884 vel
1059 2853 1198 2884 timidam
1218 2851 1264 2883 vel
1283 2850 1392 2882 fortem
1419 2848 1574 2887 nominat,

94 2901 250 2985 ‘lustmpssd
275 2912 343 2933 eam
362 2908 494 2947 partem,
507 2915 578 2946 quae
603 2915 658 2947 pro
682 2906 751 2949 ipsa
773 2914 894 2950 pugnat
916 2918 953 2941 ac
978 2906 1114 2939 militat?
1163 2906 1277 2938 (ἔων.
1300 2904 1394 2936 Certe
1412 2902 1517 2935 nullu·
1531 2901 1571 2932 ad

218 2955 275 2987 tue.
294 2955 349 2987 Tr.
851 2961 897 2995 11.
1468 2956 1490 2985 s
