1840 3225
155 227 250 277 377]
582 229 654 266 DE
685 207 992 266 REPUssLICss
1028 229 1126 267 ΜΒ.
1160 230 1211 270 Π.
1544 234 1612 271 111

155 341 256 372 neque
272 336 382 372 praeter
396 336 548 369 naturam,
560 332 644 374 quod
661 330 841 373 qurerimus,
856 330 950 361 talem
966 331 1112 363 videlicet
1126 343 1193 364 esse
1208 334 1382 365 custodem.
1428 333 1541 366 GtAu.
1564 336 1615 367 Sic

153 390 294 425 apparet.
339 386 393 418 So.
410 387 461 417 An
474 385 596 416 videtur
609 390 757 426 praeterea
774 384 830 415 tibi
842 395 921 425 opus
937 395 1017 426 esse,
1033 392 1078 422 ut,
1094 387 1148 427 qui
1166 387 1285 418 futurus
1300 388 1340 418 sit
1355 393 1470 426 custos,
1484 391 1523 420 ad
1536 391 1615 422 sero-

151 438 276 469 citatem
289 439 372 470 illam
385 440 481 470 addat
493 444 525 469 ut
534 445 643 469 natura
657 438 863 479 philosophus
874 437 931 468 sit?
971 438 1086 470 GLAu.
1101 439 1270 476 Quomodo
1282 442 1363 472 istud
1378 443 1442 473 ais?
1460 454 1520 474 non
1533 445 1615 475 enim

153 493 250 534 [376]
267 494 421 535 intelligo.
467 493 520 526 So.
545 492 643 534 Atqui
659 497 691 523 et
704 492 764 523 hoc
780 491 812 522 in
828 491 957 522 canibus
972 492 1085 523 intueri
1102 493 1175 524 licet
1190 505 1196 524 ι
1221 495 1305 535 quod
1327 496 1454 536 quidem
1472 497 1502 527 in
1520 498 1619 528 bestia

152 545 282 587 dignum
298 547 500 578 admiratione
517 547 567 578 sit.
613 545 728 577 GLAu.
753 546 856 582 Quale
879 544 988 576 istud?
1034 545 1087 578 So.
1112 546 1215 583 Quem
1231 548 1315 578 enim
1337 549 1476 589 ignotum
1492 551 1618 590 viderit,

153 600 284 639 graviter
296 601 366 642 fert,
377 601 434 632 etsi
450 601 527 631 nihil
544 600 617 631 mali
633 600 671 630 ab
683 610 720 630 eo
732 599 773 630 sit
788 609 951 640 perpessus
965 610 971 629 τ
996 604 1071 630 noto
1087 605 1190 630 autem
1205 600 1377 642 blanditur,
1389 605 1529 644 quamvis
1539 606 1618 637 nihil

154 653 226 683 boni
241 655 328 685 abeo
339 655 521 696 susceperit.
544 664 584 685 an
596 654 736 684 nondum
746 653 807 684 hoc
819 653 987 684 admiratus
1003 664 1035 683 es
1051 653 1062 682 ?
1108 653 1222 685 GLAU.
1247 655 1340 686 Haud
1354 658 1445 688 valde
1458 659 1618 702 hucusque

153 706 357 739 animadverti
372 720 379 738 ;
405 709 490 749 quod
505 713 608 738 autem
623 708 683 738 hoc
698 706 785 742 facit,
800 706 1001 737 manifestum
1017 712 1074 737 est.
1120 706 1178 739 So,
1202 707 1247 738 At
1262 709 1345 739 enim
1361 710 1484 742 videtur
1499 713 1549 745 hic
1562 724 1618 745 na-

153 764 228 790 turae
252 761 350 802 ipsius
375 762 507 793 affectus
533 762 687 802 ingenuus
714 771 750 792 ac
777 771 847 791 vere
874 761 1091 802 philosophus.
1136 760 1249 793 GLAu.
1275 763 1348 800 Qua
1371 765 1514 796 ratione?
1559 768 1617 799 So.

152 812 308 849 Quoniam
325 820 487 856 aspectum
504 815 590 846 nulla
613 825 645 846 re
669 814 730 845 alia
746 815 880 845 amicum
902 820 935 845 et
959 815 1118 846 inimicum
1144 815 1304 854 discernit,
1323 828 1416 858 quam
1433 821 1517 860 quod
1534 822 1616 853 hunc

151 867 278 907 quidem
304 870 405 910 novit,
429 869 515 900 illum
532 873 636 900 autern
661 868 793 909 ignorat.
824 878 930 898 nonne
951 867 1046 908 igitur
1072 868 1180 899 merito
1206 870 1372 902 dicendum
1396 873 1453 903 erit
1476 874 1619 907 discendi

150 921 301 961 cupidum
318 927 411 964 atque
428 923 615 964 studiosum,
630 923 716 964 quod
739 922 922 963 cognitione
944 927 975 953 et
989 922 1167 963 ignorantia
1189 924 1336 955 discernit
1350 926 1554 958 domesticum
1578 931 1618 960 ab

151 977 321 1006 extraneo?
368 977 482 1008 GLAU.
510 977 589 1007 Erit.
613 976 751 1018 quidni?
802 976 858 1006 So.
881 976 979 1006 Porro
1003 977 1145 1008 discendi
1169 978 1328 1009 studiosus
1354 985 1386 1010 et
1410 981 1617 1023 philosophus

151 1028 245 1060 idem.
291 1030 402 1061 GLAU.
426 1031 526 1062 Idem.
571 1031 627 1061 So.
651 1030 715 1061 Cur
729 1030 825 1071 igitur
839 1030 987 1061 audacter
1001 1041 1064 1061 non
1083 1042 1234 1071 ponamus
1251 1033 1328 1063 etin
1346 1034 1481 1072 homine,
1505 1037 1532 1067 si
1547 1037 1619 1077 qui-

151 1082 222 1112 dem
239 1084 384 1115 adversus
400 1084 566 1115 familiares
580 1088 612 1114 et
628 1089 718 1114 notos
735 1083 816 1113 mitis
832 1083 952 1114 futurus
976 1089 1037 1123 est,
1053 1084 1275 1126 philosophum
1300 1086 1404 1127 ipsum
1420 1098 1487 1119 esse
1503 1094 1536 1119 et
1551 1091 1616 1121 dis-

151 1136 245 1166 cendi
261 1138 411 1179 cupidum
425 1139 591 1179 oportere?
637 1138 752 1169 GLAU.
778 1137 947 1168 Ponamus.
991 1138 1047 1168 So.
1072 1138 1282 1180 Philosophus
1297 1140 1392 1181 igitur
1405 1146 1437 1171 et
1450 1142 1618 1175 iracundus

152 1195 184 1219 et
201 1191 288 1221 velox
311 1191 499 1223 et'robustus
514 1198 622 1223 natura
639 1192 707 1227 erit,
730 1191 784 1233 qui
808 1191 943 1222 civitatis
970 1196 1075 1222 custos
1098 1192 1234 1233 optimus
1256 1199 1303 1224 est
1324 1194 1456 1226 futurus.
1501 1197 1617 1231 GLAU.

153 1243 204 1274 Sic
220 1250 267 1274 est
282 1246 421 1276 onmino.
468 1246 524 1279 So.
545 1246 630 1277 Talis
644 1246 750 1286 itaque
765 1249 870 1276 custos
885 1245 934 1275 sit.
981 1245 1023 1275 At
1040 1255 1101 1286 quo
1118 1252 1211 1286 pacto
1227 1248 1402 1278 nutrientur
1417 1260 1434 1280 a
1448 1251 1537 1282 vobis
1547 1263 1617 1283 eru-

152 1296 339 1339 ‹lienturque
355 1300 519 1330 custodes?
544 1306 637 1340 atque
653 1300 720 1330 haec
743 1299 951 1330 consideratio
977 1301 1120 1340 nunquid
1137 1301 1224 1331 vobis
1240 1302 1379 1333 conseret
1394 1304 1433 1334 ad
1455 1305 1501 1341 id,
1527 1307 1617 1347 cujus

153 1351 252 1391 gratia
275 1352 508 1383 consideramus
534 1354 650 1389 onmia,
677 1353 946 1394 comperiendum,
969 1355 1128 1394 quomodo
1150 1354 1268 1385 scilicet
1293 1355 1325 1385 in
1349 1356 1476 1389 civitate
1495 1358 1620 1399 justitia

152 1405 226 1435 insit
240 1411 272 1436 et
287 1406 465 1447 injustitia?
511 1407 548 1438 Id
572 1412 655 1438 certe
679 1407 881 1448 cogitandum
904 1411 963 1443 est,
987 1418 1027 1437 ne
1053 1408 1132 1439 forte
1157 1408 1204 1438 vel
1230 1410 1402 1441 necessaria
1425 1412 1618 1446 dimittamus

152 1459 200 1489 vel
214 1470 405 1500 supervacua
422 1472 654 1503 prosequamur.
699 1460 780 1492 Am.
800 1460 887 1491 Reor
896 1461 1041 1502 equidem
1059 1462 1318 1503 disceptationem
1332 1465 1412 1496 hanc
1423 1476 1618 1509 summopere

152 1513 192 1543 ad
209 1513 252 1550 id,
269 1515 353 1555 quod
370 1515 460 1546 nobis
475 1515 668 1557 propositum
685 1519 744 1555 est,
759 1515 947 1546 conducere.
993 1515 1050 1546 So.
1072 1515 1122 1546 Ita
1137 1516 1251 1557 etipse
1269 1528 1322 1558 per
1334 1517 1460 1561 Jovem,
1484 1531 1502 1550 o
1519 1522 1618 1554 amice

154 1566 337 1605 Adimante,
354 1569 508 1601 existimo.
531 1580 595 1599 non
618 1569 710 1610 igitur
733 1569 958 1605 desistendum,
980 1579 1083 1610 neque
1108 1569 1231 1601 etiamsi
1257 1571 1323 1602 haec
1340 1572 1480 1613 longiora
1501 1581 1616 1608 essent.

154 1620 237 1652 on.
263 1621 338 1652 Non
354 1628 449 1654 certe.
493 1624 548 1655 So.
573 1622 645 1664 Age
667 1623 785 1664 itaque,
807 1623 1072 1663 quemadmodum
1089 1623 1120 1653 in
1141 1624 1254 1655 sabulis
1278 1625 1374 1656 otium
1399 1633 1527 1667 agentes
1541 1640 1619 1660 con-

152 1674 402 1717 fabulantesque,
425 1677 564 1708 oratione
591 1678 647 1708 hos
670 1677 811 1707 homines
834 1677 1030 1708 instruamus.
1083 1677 1166 1710 Am.
1190 1678 1316 1720 Nempe
1342 1680 1386 1711 sic
1412 1681 1514 1714 decet.
1559 1684 1617 1716 So.

154 1730 235 1764 Quae
251 1729 345 1770 igitur
359 1731 416 1761 erit
431 1731 601 1772 disciplina
616 1732 627 1762 ?
649 1742 725 1762 num
741 1730 868 1762 difficile
885 1731 942 1762 erit
963 1731 1102 1763 invenire
1123 1732 1280 1763 meliorem
1300 1733 1366 1770 illa,
1382 1745 1451 1777 quae
1468 1737 1619 1769 hactenus

153 1784 248 1825 longo
263 1790 401 1826 tempore
417 1791 464 1816 est
475 1785 626 1816 inventa?
650 1791 698 1816 est
713 1790 816 1816 autem
830 1786 897 1816 haee
911 1786 950 1816 ad
966 1797 1079 1827 corpus
1095 1787 1220 1828 quidem
1236 1788 1394 1828 pertinens
1409 1792 1619 1832 gymnastica,

153 1838 191 1867 ad
217 1838 352 1869 animum
370 1839 498 1871 musica.
545 1839 628 1871 An1.
654 1839 710 1870 Est
726 1840 831 1880 plane.
877 1840 933 1872 So.
955 1839 1008 1870 An
1033 1851 1095 1870 non
1111 1852 1130 1871 a
1145 1841 1262 1871 musica
1287 1843 1420 1873 eruditio
1444 1844 1510 1875 haec
1533 1847 1617 1886 prius

153 1902 245 1933 quam
270 1903 286 1923 a
303 1894 500 1935 gymnastica
514 1893 651 1934 incipere
669 1894 787 1925 debet?
835 1893 916 1925 Ani.
942 1894 1047 1926 Certe.
1093 1894 1149 1925 So.
1172 1894 1251 1925 Cum
1274 1895 1422 1927 musicam
1444 1898 1534 1935 dicis,
1555 1910 1618 1930 ser-

153 1957 262 1977 mones
277 1947 370 1978 etiam
387 1947 488 1988 ponis,
504 1947 627 1978 necne?
672 1946 754 1977 Am.
777 1947 880 1979 Pono.
925 1948 980 1978 So.
1004 1948 1163 1979 Orationis
1179 1954 1282 1980 autem
1299 1950 1418 1990 species
1438 1952 1520 1988 duae,
1547 1964 1619 1984 vera

152 2006 185 2030 et
201 2001 288 2032 falsa.
333 2001 415 2031 Am.
438 2001 488 2032 Ita
503 2006 560 2033 est.
608 2001 664 2032 So.
689 2001 888 2032 Erudiendus
912 2002 1020 2043 utique
1044 2002 1077 2033 in
1104 2007 1234 2044 utraque
1248 2009 1353 2034 custos
1368 2004 1500 2042 futurus,
1519 2005 1616 2050 [377]

153 2054 298 2095 priusque
322 2055 352 2085 in
376 2055 464 2086 falsa.
510 2054 589 2086 Am.
613 2055 707 2085 Haud
733 2055 885 2097 intelligo,
912 2056 988 2097 quid
1015 2057 1111 2088 dicas.
1157 2057 1214 2089 So.
1248 2057 1373 2099 Nescis,
1401 2060 1485 2100 quod
1516 2063 1620 2102 pueris

153 2109 272 2138 fabulas
287 2109 370 2150 prius
386 2119 541 2140 narramus
555 2110 565 2140 ?
589 2110 656 2140 liaec
671 2114 788 2149 autern,
803 2115 837 2140 ut
858 2110 1040 2151 simpliciter
1054 2112 1168 2148 dicam,
1184 2111 1263 2142 falsa
1283 2117 1366 2149 sunt,
1383 2113 1457 2144 licet
1472 2115 1617 2155 quaedam

152 2162 244 2192 etiarn
258 2162 598 2203 veridicajudicentur.
622 2163 706 2203 prius
732 2168 835 2194 autem
859 2164 974 2195 sabulis
989 2165 1028 2195 ad
1055 2175 1166 2206 pueros
1183 2175 1275 2206 quam
1303 2167 1473 2207 gymnasiis
1489 2168 1617 2200 utimur.

152 2215 234 2246 Anr.
256 2216 324 2252 Est,
342 2221 377 2246 ut
401 2217 491 2248 dicis.
535 2217 591 2249 So.
615 2216 686 2248 Hoc
702 2227 775 2258 ergo
797 2217 952 2249 volebam.
976 2229 1045 2250 cum
1062 2219 1196 2249 dicerem
1219 2219 1433 2260 attingendam
1449 2231 1516 2251 esse
1533 2222 1618 2262 prius

153 2270 299 2301 musicam
311 2280 402 2311 quam
419 2271 658 2312 gymnasticam.
705 2270 786 2302 Ani.
803 2271 918 2304 Probe.
965 2272 1020 2303 So.
1039 2271 1091 2303 An
1104 2273 1205 2304 nescis
1218 2273 1317 2304 omnis
1333 2274 1435 2314 operis
1449 2275 1615 2306 maximum

152 2323 228 2363 quid
254 2324 440 2365 principium
465 2325 555 2356 esse?
580 2325 747 2366 praesertim
773 2325 884 2366 juveni
911 2331 943 2357 et
967 2332 1074 2357 tenero
1101 2327 1235 2368 cuique:
1273 2327 1405 2359 maxime
1431 2328 1515 2358 enim
1542 2334 1617 2360 tunc

152 2376 299 2407 formatur
313 2377 514 2419 induiturque
541 2378 648 2419 figura,
665 2389 757 2419 quam
774 2379 843 2419 quis
868 2379 1038 2421 unicuique
1054 2380 1226 2421 imprimere
1243 2382 1328 2411 velit.
1371 2381 1452 2413 Am.
1478 2382 1617 2413 Omnino

154 2430 293 2470 quidem.
338 2431 394 2463 So.
419 2431 472 2461 An
489 2432 568 2463 adeo
583 2432 675 2463 facile
700 2432 913 2473 permittemus
936 2434 1093 2474 quaslibet
1117 2435 1236 2464 fabulas
1260 2445 1278 2465 a
1301 2430 1540 2476 quibuscunque
1555 2436 1616 2466 for-

155 2489 252 2514 matas
274 2484 380 2514 audire
406 2495 528 2526 pueros,
545 2485 719 2527 animisque
739 2487 888 2518 imbibere
914 2488 1078 2528 opiniones
1104 2493 1138 2518 ut
1162 2487 1326 2528 plurimum
1353 2489 1520 2519 contrarias
1545 2489 1619 2527 illis,

154 2548 340 2578 quas,.cum
358 2539 565 2579 adoleverint,
588 2541 700 2571 habere
725 2540 798 2571 illos
820 2541 934 2577 debere
958 2541 1192 2572 existimamus?
1238 2541 1320 2572 Ani.
1345 2541 1442 2572 Nullo
1468 2543 1561 2574 modo
1586 2544 1617 2574 id

153 2592 376 2632 permittemus.
421 2591 475 2622 So.
498 2592 636 2623 Primum
659 2594 764 2636 igitur,
789 2600 823 2625 ut
848 2596 980 2631 videtur,
996 2595 1167 2626 fabularum
1194 2595 1351 2626 fictoribus
1377 2596 1617 2636 praesidendum,

151 2650 197 2684 ct,
224 2645 249 2675 si
278 2654 371 2685 quam
400 2647 511 2676 bonam
541 2646 677 2677 fabulam
705 2648 848 2684 fecerint,
874 2649 1068 2690 eligendum,
1095 2649 1230 2689 reliquas
1259 2654 1362 2680 autem
1393 2649 1618 2690 abjiciendum.

155 2699 242 2735 Quas
269 2699 406 2740 denique
431 2700 625 2740 elegerimus,
642 2711 697 2741 per
722 2703 858 2734 nutrices
880 2709 913 2733 et
938 2708 1048 2733 matres
1073 2703 1177 2744 pueris
1198 2703 1365 2733 narrandas
1381 2704 1568 2741 curabimus,
1584 2711 1620 2736 ut

154 2752 290 2791 ipsorum
306 2753 400 2783 animi
424 2754 537 2784 sabulis
563 2755 659 2784 multo
687 2755 784 2796 magis
807 2757 1012 2787 informentur
1037 2766 1129 2797 quam
1154 2767 1283 2797 corpora
1310 2757 1461 2790 manibus.
1506 2758 1553 2788 Ex
1571 2759 1618 2788 his

153 2815 236 2841 vero,
252 2815 329 2846 quas
351 2817 435 2837 nunc
458 2814 631 2844 recensent,
648 2809 753 2839 multae
768 2816 857 2841 erunt
879 2811 1077 2851 abjiciendae.
1122 2810 1205 2841 Am.
1229 2811 1373 2847 Quales?
1418 2812 1473 2842 So.
1498 2812 1536 2842 In
1552 2822 1616 2842 ma-

154 2857 270 2897 joribus
297 2860 388 2900 plane
417 2861 548 2892 minores
571 2861 755 2894 videbimus.
779 2869 903 2904 oportet
927 2864 1008 2894 enim
1032 2864 1164 2895 eandem
1188 2864 1315 2905 figuram
1339 2875 1405 2895 esse
1420 2865 1615 2905 eandemque

156 2912 326 2951 potentiam
342 2919 373 2944 et
388 2914 537 2955 majorum
554 2915 665 2957 pariter
680 2921 711 2947 et
726 2916 889 2955 minorum,
905 2927 943 2948 nn
959 2928 1021 2948 nou
1037 2928 1143 2949 censes
1158 2919 1169 2948 ?
1214 2917 1299 2948 Ani.
1321 2917 1442 2948 Censeo
1458 2917 1614 2957 equidem.
