1840 3225
157 229 252 277 578]
583 226 653 263 DE
687 214 990 263 REPuBchA
1024 227 1119 264 ΜΒ.
1155 228 1221 265 ix,
1541 230 1618 267 213

157 330 324 372 tyrannide
341 330 429 366 vivit,
443 340 480 360 eo
496 330 594 370 magis
609 334 657 360 est
668 328 752 359 talis.
798 327 913 359 GLAU.
938 328 987 358 Ita
999 339 1124 360 necesse
1138 336 1196 361 est.
1242 331 1298 361 So.
1323 330 1476 372 Quisquis
1492 331 1620 373 iniquis-

157 384 252 414 simus
267 389 410 425 apparet,
433 388 465 414 et
488 382 672 414 miserrimus
689 382 854 422 apparebit
869 393 875 411 :
895 387 926 412 et
941 382 993 422 qui
1010 382 1195 417 diutissime,
1220 384 1414 425 maximeque
1435 386 1553 425 potitur
1570 392 1618 427 ty·-

156 439 299 475 rannide,
315 437 445 468 maxime
461 442 493 467 et
507 435 681 466 diutissime
705 434 916 476 iniquissimus
931 446 1036 466 revera
1058 441 1105 466 est
1120 442 1153 466 et
1169 437 1362 468 miserrimus.
1388 437 1494 468 multis
1518 445 1620 470 autem

156 493 254 524 multa
278 492 473 522 videbuntur.
519 489 634 520 GLAu.
658 489 707 518 Ita
733 500 765 519 se
793 489 859 519 haec
888 489 999 520 habere
1028 500 1153 521 necesse
1177 497 1234 522 est.
1280 492 1336 522 So.
1360 492 1555 533 Tyrannicus
1579 493 1623 523 vir

154 547 272 579 civitati
290 545 456 586 tyrannide
483 553 639 584 oppressae
655 542 828 573 simillimus
845 554 853 574 ς
879 543 1037 583 popularis
1061 544 1106 574 vir
1122 545 1276 585 populari¹
1292 547 1450 586 ceterique
1474 547 1623 579 similiter.

155 601 271 632 thu.
295 599 437 636 Quidni?
483 598 537 628 So.
561 597 649 628 Sicut
666 607 698 628 se
714 598 809 628 habet
824 598 863 627 ad
879 597 1037 629 civitatem
1051 599 1160 629 ‹ivitas
1174 599 1284 630 virtute
1297 605 1329 630 et
1344 600 1505 642 felicitate,
1520 601 1565 632 ita
1577 601 1621 632 vir

154 665 280 695 quoque
296 664 329 684 se
344 653 438 683 habet
453 652 492 681 ad
509 651 618 681 virum.
643 650 755 681 GLAu.
781 650 867 681 Nihil
886 643 1042 692 prohibet.
1078 652 1134 682 So.
1153 652 1321 689 Quomodo
1336 664 1368 684 se
1382 654 1477 685 habet
1489 660 1622 695 tyranno

154 707 296 749 subjecta
321 706 431 738 civitas
457 705 495 736 ad
525 715 607 744 eam,
635 715 705 746 quae
731 705 795 745 regi
823 711 920 745 paret,
946 705 1069 746 qualem
1101 705 1198 746 primo
1214 706 1457 747 descripsimus?
1504 707 1620 740 Gtsu.

154 761 271 793 Contra
284 759 424 791 omnino.
448 769 519 788 nam
537 769 599 788 una
627 757 754 799 quidem
771 758 902 799 optima,
918 758 1013 788 altera
1029 758 1175 799 pessima.
1221 759 1274 789 So.
1297 759 1393 790 Haud
1411 760 1620 802 interrogabo,

151 825 243 857 quam
259 813 358 844 dicas.
383 817 505 844 constat
528 812 623 843 enim.
670 812 787 843 Verum
812 813 851 842 de
876 812 1073 842 beatitudine
1089 819 1183 853 atque
1203 813 1324 844 miseria
1340 815 1452 844 eodem
1469 816 1563 846 modo
1579 826 1619 845 an

151 867 386 908 alio,judicas?
408 876 511 907 neque
527 876 598 896 vero
623 866 794 907 tyrannicae
818 866 955 896 civitatis
972 866 1109 906 speciem
1126 867 1324 903 admiremur,
1340 868 1378 898 ad
1396 868 1494 899 solum
1512 874 1619 910 tyran-

150 933 224 954 num
240 921 454 963 respicientes,
481 926 536 950 aut
552 920 591 949 ad
616 930 669 950 eos
693 930 827 960 paucos,
845 919 897 960 qui
921 930 992 950 cum
1011 930 1049 950 eo
1067 930 1165 950 rerum
1183 920 1345 961 potiuntur
1362 933 1369 951 ι
1395 922 1461 958 sed,
1480 927 1513 951 ut
1527 923 1620 953 decet

150 986 274 1008 omnem
290 975 416 1015 penitus
432 973 590 1004 civitatem
608 972 748 1012 ingressi,
774 973 938 1003 lustremus
963 973 1098 1014 singula,
1110 979 1142 1003 et
1162 975 1203 1009 ad
1221 980 1334 1006 cuncta
1350 976 1505 1006 conversis
1520 977 1620 1007 oculis

151 1027 283 1058 feramus
300 1027 500 1058 sententiam.
547 1026 664 1057 GLAu.
688 1027 790 1057 Probe
816 1028 979 1058 admones.
1004 1033 1127 1058 constat
1141 1035 1245 1059 autem
1262 1030 1345 1070 apud
1362 1030 1534 1070 quemlibet
1549 1031 1619 1061 nul—

150 1081 210 1112 lam
227 1081 384 1112 civitatem
402 1081 567 1122 tyrannide
581 1092 683 1122 pressa
699 1092 766 1111 esse
780 1081 978 1117 miseriorem,
994 1082 1172 1123 nullamque
1185 1093 1255 1123 rege
1266 1083 1437 1123 gubernata
1449 1083 1616 1115 beatiorem

150 1146 227 1171 esse.
272 1135 328 1166 So.
349 1135 381 1165 Si
405 1135 487 1165 idem
512 1135 595 1166 circa
618 1135 698 1165 viros
722 1136 875 1166 observari
900 1135 1055 1176 juberem,
1080 1147 1153 1166 num
1170 1142 1253 1167 recte
1269 1137 1491 1178 praeciperern?
1517 1137 1615 1180 [577]

152 1189 297 1220 videlicet
314 1190 337 1220 si
354 1199 509 1220 censerem
526 1190 566 1220 de
582 1189 630 1219 liis
641 1189 785 1230 judicare
801 1190 903 1229 illum,
929 1190 980 1230 qni
998 1190 1188 1230 cogitatione
1205 1191 1302 1230 possit
1317 1191 1371 1221 viri
1390 1197 1523 1222 mentem
1546 1192 1618 1224 irre-

152 1253 225 1284 pere
250 1254 286 1274 ac
312 1254 411 1273 mores
437 1244 561 1284 penitus
586 1243 811 1284 introspicere:
838 1254 951 1285 neque,
980 1250 1014 1274 ut
1042 1244 1127 1284 pueri
1154 1245 1266 1279 solent,
1291 1245 1470 1275 exteriorem
1493 1246 1618 1277 intuens

151 1297 345 1336 superficiem
371 1296 575 1338 obstupescit,
592 1297 667 1326 dum
693 1296 887 1338 tyrannicam
906 1297 1055 1338 prospicit
1079 1297 1292 1339 eminentiam,
1307 1308 1400 1339 quam
1415 1299 1521 1339 procul
1538 1300 1619 1340 aspi-

152 1350 308 1381 cientibus
322 1351 500 1392 frequenter
523 1354 692 1386 ostentant,
719 1352 771 1381 sed
799 1351 1017 1392 perspicaciter
1027 1351 1175 1392 judicat:
1199 1351 1234 1387 si,
1255 1352 1396 1392 inquam,
1412 1353 1617 1384 existimarem

149 1408 291 1445 oportere
307 1414 364 1434 nos
389 1415 496 1434 omnes
523 1404 629 1434 audire
652 1414 735 1439 eum,
760 1404 815 1444 qui
838 1405 1011 1435 discernere
1037 1405 1148 1440 valeat,
1165 1405 1219 1447 qui
1243 1410 1275 1436 et
1299 1417 1359 1436 una
1377 1406 1564 1438 habitaverit
1587 1414 1619 1438 et

149 1458 328 1489 domesticis
343 1457 518 1488 actionibus
535 1457 721 1498 interfuerit,
737 1458 789 1488 nbi
804 1458 938 1499 noverit,
957 1469 1020 1499 quo
1046 1464 1138 1499 pacto
1155 1470 1227 1499 erga
1242 1459 1408 1490 familiares
1424 1460 1562 1501 singulos
1578 1461 1618 1491 sit

150 1511 294 1551 affectus,
321 1512 353 1542 in
369 1512 481 1553 quibus
498 1511 628 1542 maxime
653 1511 752 1552 qualis
767 1511 806 1541 sit
821 1518 963 1552 apparet,
977 1522 1102 1542 omnem
1119 1519 1229 1543 exutus
1246 1514 1398 1554 tragicum
1417 1520 1614 1555 apparatum,

148 1576 312 1607 rursusque
330 1565 530 1608 popularibus
545 1566 578 1596 in
591 1565 737 1606 periculis
753 1577 760 1595 :
786 1571 880 1606 atque
896 1566 963 1595 hoec
980 1566 1086 1596 omnia
1101 1566 1336 1607 dignoscentem
1354 1568 1509 1599 declarare
1521 1568 1616 1609 jube-

150 1630 225 1655 rem,
241 1631 305 1661 quo
318 1625 411 1661 pacto
427 1630 459 1650 se
477 1619 516 1649 ad
533 1619 611 1649 alios
627 1624 778 1660 tyrannus
794 1619 919 1655 habeat,
936 1630 997 1660 quo
1012 1620 1050 1649 ad
1069 1620 1293 1650 beatitudinem
1310 1626 1342 1651 et
1357 1621 1522 1659 miseriam,
1535 1632 1615 1653 nun-

151 1674 227 1715 quid
253 1680 334 1705 recte
346 1673 512 1715 juberem?
560 1672 673 1703 GLAU.
697 1672 799 1703 Recte
823 1673 990 1703 admodum
1015 1678 1046 1704 et
1070 1673 1277 1715 istajuberes.
1323 1675 1378 1706 So.
1405 1675 1501 1706 Visne
1517 1676 1615 1717 finga-

150 1739 217 1758 mus
232 1734 264 1759 et
288 1738 345 1758 nos
360 1739 396 1758 ex
420 1738 525 1758 eorum
549 1737 676 1757 numero
700 1737 777 1765 esse,
803 1727 1010 1768 quijudicare
1035 1728 1156 1768 possint
1171 1734 1266 1770 atque
1282 1729 1344 1759 illis
1358 1730 1556 1767 adhaeserint,
1582 1736 1616 1761 ut

149 1781 284 1823 aliquem
307 1782 477 1812 babeamus
499 1781 552 1822 qui
569 1781 607 1811 ad
625 1790 674 1816 ea,
691 1791 761 1821 quae
778 1781 1013 1821 interrogamus,
1030 1783 1241 1821 respondeat?
1289 1783 1403 1814 GLAU.
1427 1783 1511 1814 Volo
1526 1786 1612 1826 equi-

150 1835 234 1866 dem.
269 1835 326 1866 So.
349 1834 421 1875 Age
439 1835 557 1876 utique,
572 1835 615 1865 ita
631 1835 794 1865 considera
809 1834 1058 1870 similitudinem,
1076 1837 1255 1866 memoriam
1273 1843 1415 1878 repetens
1430 1838 1564 1868 civitatis
1578 1849 1614 1869 ac

153 1889 207 1919 viri
223 1901 229 1918 :
255 1894 349 1930 atque
364 1889 409 1919 ita
425 1889 582 1930 sigillatim
596 1889 792 1930 vicissimque
810 1889 969 1930 utriusque
987 1889 1117 1920 affectus
1133 1890 1355 1921 animadverte.
1400 1891 1514 1922 GLAU.
1538 1891 1613 1929 Dic,

149 1942 269 1983 quales.
301 1943 356 1973 So.
372 1942 533 1984 Principio
545 1943 671 1973 liberam
684 1943 838 1973 civitatem
855 1944 1047 1984 tyrannicam
1062 1943 1148 1974 dices
1161 1955 1199 1974 an
1215 1955 1331 1974 servam
1346 1945 1355 1975 ?
1382 1945 1499 1977 GLAu.
1517 1947 1612 1977 Max-

149 1996 211 2026 ime
234 1996 372 2026 onmium
396 2006 525 2027 servam.
569 1996 624 2027 So.
649 1997 797 2027 Attamen
824 1997 858 2027 in
885 2008 921 2028 ea
950 1998 1092 2027 dominos
1117 2008 1153 2028 ac
1180 1998 1292 2029 liberos
1309 1999 1447 2040 inspicis.
1495 2000 1610 2032 GLAu.

151 2049 271 2080 Plane:
298 2050 352 2080 sed
367 2050 510 2090 exiguum
534 2050 661 2091 quidem
685 2050 766 2081 istud
783 2063 790 2080 :
818 2051 992 2081 universum
1010 2063 1093 2088 vero,
1117 2058 1151 2082 ut
1165 2052 1208 2082 ita
1224 2053 1338 2089 dicam,
1356 2054 1387 2083 in
1405 2055 1470 2094 ipsa
1487 2060 1516 2085 et
1533 2066 1612 2096 prae-

149 2103 369 2134 stantissimum
395 2114 492 2144 genus
516 2104 646 2145 turpiter
668 2114 704 2134 ac
728 2105 836 2135 misere
859 2116 991 2137 servum.
1038 2106 1094 2137 So.
1117 2106 1149 2137 Si
1176 2107 1268 2147 igitur
1292 2107 1411 2138 civitati
1438 2108 1480 2139 vir
1494 2109 1616 2147 similis,

151 2168 278 2188 necesse
301 2163 349 2188 est
371 2157 402 2187 in
427 2157 481 2187 illo
506 2159 640 2188 eundem
665 2169 731 2189 esse
755 2159 908 2196 ordinem,
937 2159 1095 2201 multaque.
1111 2160 1320 2192 illiberalitate
1337 2167 1368 2192 et
1382 2162 1528 2193 servitute
1544 2163 1613 2204 ejus

149 2211 286 2242 animum
304 2211 448 2252 opprimi,
474 2222 588 2252 easque
612 2212 707 2243 animi
733 2218 832 2254 partes
855 2214 979 2249 servire,
1002 2224 1072 2255 quae
1099 2215 1360 2255 praestantissimae
1383 2222 1476 2247 sunt:
1500 2217 1611 2247 exilem

147 2275 220 2296 vero
244 2273 362 2306 partem
386 2265 627 2306 ignavissimam,
642 2266 904 2297 dementissimam
929 2267 1093 2299 dominari.
1142 2268 1257 2299 Gmu.
1282 2268 1510 2300 Necessarium.
1555 2271 1611 2302 So.

151 2319 236 2355 Quid
254 2319 368 2360 porro?
392 2329 512 2349 servum
531 2329 570 2349 an
589 2319 717 2349 liberum
737 2319 918 2360 hujusmodi
934 2321 1070 2351 animum
1087 2322 1283 2363 appellabis?
1331 2322 1447 2354 Gmu.
1470 2324 1611 2355 Servum.

148 2371 206 2402 So.
230 2371 329 2413 Atqui
343 2383 429 2403 serva
445 2380 476 2404 et
492 2379 624 2415 tyranno
640 2373 765 2404 subdita
780 2374 892 2404 civitas
916 2375 1054 2414 minime,
1069 2386 1139 2417 quae
1158 2375 1235 2412 vult,
1249 2377 1324 2416 agit.
1370 2376 1483 2407 GLAU.
1508 2377 1611 2408 Nimi-

148 2435 226 2454 rum.
253 2425 307 2457 So.
324 2425 520 2467 Tyrannicus
533 2427 628 2467 igitur
644 2427 765 2458 animus
782 2427 922 2467 minime,
939 2439 1009 2469 quae
1026 2429 1102 2464 vult.
1119 2429 1243 2465 efficiet,
1261 2436 1295 2460 ut
1309 2430 1352 2460 sic
1368 2431 1408 2460 de
1425 2436 1490 2460 toto
1505 2432 1609 2461 animo

148 2478 250 2510 dicam
267 2491 274 2509 :
299 2480 352 2510 sed
370 2480 494 2510 stimulo
511 2491 631 2522 semper
647 2482 783 2522 percitus
800 2482 950 2518 violento,
969 2483 1200 2523 perturbatione
1216 2483 1461 2524 poenitentiaque
1478 2485 1611 2524 replebi-

150 2539 208 2565 tur.
255 2533 368 2564 GLAU.
393 2533 527 2570 Quidni.
572 2535 630 2565 So.
653 2535 861 2579 Tyrannicam
893 2537 1050 2567 civitatem
1081 2537 1250 2568 divitemnc
1281 2548 1320 2567 an
1351 2548 1520 2578 pauperem
1544 2550 1610 2570 csse

147 2597 274 2618 necesse
297 2588 366 2618 est?
413 2587 528 2619 Guu.
554 2588 736 2629 Pauperem.
782 2591 837 2621 So.
862 2591 1011 2621 Animum
1028 2602 1154 2632 quoque
1181 2592 1376 2632 tyrannicum
1401 2592 1497 2634 [578]
1525 2603 1609 2624 men-

148 2641 252 2672 dicum
268 2651 390 2683 semper
404 2647 436 2672 et
452 2641 669 2683 inexplebilem
693 2653 818 2675 necesse
842 2650 888 2675 est
903 2655 980 2675 esse.
1027 2644 1142 2675 Grau.
1167 2644 1233 2681 Est,
1253 2650 1286 2675 ut
1301 2645 1391 2676 dicis.
1437 2646 1493 2677 So.
1518 2647 1610 2678 Metu

147 2704 218 2726 vcro
235 2695 392 2726 sollicitari
409 2705 447 2726 an
475 2706 537 2726 non
553 2697 759 2728 necessarium
782 2704 829 2729 est
854 2699 1010 2730 civitatem
1036 2699 1129 2728 talem
1156 2699 1311 2740 talemque
1329 2699 1447 2730 virum?
1472 2736 1474 2738 Ι
1494 2700 1610 2732 ΟιΑυ.

148 2746 260 2779 Valde.
306 2748 362 2780 So.
385 2749 640 2780 Lamentationes
664 2756 823 2792 praeterea,
852 2752 997 2793 suspiria,
1023 2752 1127 2788 fletus,
1155 2752 1325 2793 angustias,
1354 2763 1463 2784 censes
1488 2754 1518 2784 in
1546 2755 1609 2785 alia

146 2800 273 2832 civitate
288 2802 511 2844 frequentiores
527 2809 557 2834 te
572 2810 761 2844 reperturum
775 2805 786 2835 ἓ
820 2804 894 2836 GLA
903 2816 936 2836 υ.
960 2805 1056 2836 Nullo
1074 2810 1177 2847 pacto.
1212 2805 1265 2837 So.
1290 2806 1326 2836 In
1343 2807 1467 2837 homine
1483 2807 1608 2848 insuper

147 2853 208 2883 alio
232 2855 306 2886 talia
327 2856 470 2897 quaedam
495 2856 582 2898 plura
608 2857 708 2889 inesse
732 2863 834 2899 putas.
859 2869 950 2900 quam
976 2860 1006 2889 in
1032 2859 1195 2900 tyrannico
1218 2860 1291 2896 isto,
1307 2860 1360 2901 qui
1384 2861 1607 2901 cupiditatibus

147 2907 362 2950 amoribusque
378 2909 514 2942 insanit?
561 2910 673 2942 Gmu.
698 2911 842 2949 Quonam
867 2913 985 2955 pacto?
1031 2913 1085 2945 So.
1111 2913 1254 2944 Profecto
1282 2915 1320 2945 ad
1350 2915 1414 2944 liaec
1442 2915 1608 2956 respiciens
