1840 3225
87 210 187 261 439]
506 208 576 246 DE
608 203 914 244 REPUBLICA
946 205 1045 244 Llss.
1079 206 1146 244 IV.
1476 206 1549 243 143

85 317 158 347 talia
183 317 306 348 dixerit.
350 316 407 347 So.
432 313 644 344 Veruntamen
661 316 864 353 quotcunque
891 309 1046 350 ejusmodi
1076 316 1160 350 sunt,
1176 316 1210 341 ut
1237 310 1368 351 alicujus
1385 310 1458 348 sint,
1475 309 1549 339 talia

85 371 230 411 quaedam
258 369 328 400 talis
356 368 518 410 cujusdam
547 371 630 401 sunt,
663 371 697 395 ut
726 356 866 404 arbitror,
896 364 963 405 ipsa
985 370 1088 394 autem
1116 376 1249 406 qumque
1274 365 1370 406 ipsius
1397 363 1550 404 cujusque.

86 424 250 455 duntaxat.
274 418 409 455 'Gna
446 421 540 451 Haud
571 419 713 459 intelligo
743 419 901 459 equidem.
947 417 1000 448 So.
1035 417 1107 448 Non
1139 419 1288 460 intelligis
1318 418 1419 459 majus
1448 419 1548 459 ipsum

85 477 242 518 ejusmodi
258 489 337 514 esse,
354 483 388 507 ut
403 484 524 515 semper
539 474 644 514 aliquo
661 472 761 512 majus
785 472 932 502 exsistat?
979 472 1094 502 GLAU.
1118 468 1228 503 Plane.
1273 473 1327 504 So.
1357 472 1467 502 Nonne
1493 471 1549 501 mi-

84 532 187 561 nore?
233 531 346 562 Gmu.
380 528 519 560 Minore.
551 527 621 557 ‘So-
656 526 763 556 Multo
802 531 905 555 autem
947 525 1046 565 majus
1076 522 1179 556 multov
1205 526 1347 556 minore:
1383 537 1422 556 an
1457 525 1548 556 non?

75 584 204 616 Gom.
227 585 278 615 Sic
307 589 365 615 est.
410 583 465 613 So.
490 581 530 611 Et
545 581 704 621 quondam
735 579 835 620 majus
865 580 1023 620 quondam
1053 580 1193 610 minore:
1229 580 1377 621 deinceps
1407 582 1550 621 quando-

85 650 148 680 que
164 638 262 679 majus
278 638 427 678 deinceps
450 646 576 677 quoque
601 634 741 664 minore?
789 634 902 664 Gmu.
928 633 1015 663 Nihil
1042 634 1198 673 prohibet.
1243 634 1295 673 Sp.
1322 634 1428 676 Atque
1454 634 1549 665 etiam

83 692 174 733 plura
197 693 236 722 ad
267 691 424 732 pauciora,
447 690 545 730 dupla
571 689 610 718 ad
639 687 780 727 dimidia,
805 694 837 717 et
866 687 970 717 omnia
1000 687 1085 723 talia,
1104 688 1242 729 itemque
1270 688 1409 728 graviora
1435 689 1475 718 ad
1505 688 1550 718 le-

84 745 182 782 viora,
198 751 230 776 et
245 745 400 776 velociora
416 744 455 774 ad
484 743 629 782 tardiora,
645 747 676 772 et
702 742 804 772 calida
827 742 902 772 item
931 741 969 771 ad
995 741 1119 782 frigida,
1136 743 1304 783 omniaque
1330 742 1438 772 horum
1465 742 1549 773 simi-

83 799 125 829 lia
141 799 251 829 eodem
268 799 361 829 modo
381 797 515 828 invicem
542 797 726 827 reseruntur.
772 795 887 826 GLAU.
909 795 1012 827 Certe.
1058 796 1115 826 So.
1140 796 1256 826 Nonne
1285 802 1317 827 et
1342 797 1381 827 de
1404 796 1462 832 his,
1479 807 1549 837 quae

86 853 126 882 ad
142 852 287 883 scientias
315 856 471 893 spectant,
486 844 597 881 eadem
623 850 724 881 ratio?
749 850 879 881 scientia
906 849 1033 891 quidem
1061 850 1128 892 ipsa
1154 851 1195 881 rci
1221 851 1329 892 ipsius,
1345 861 1415 891 quae
1443 850 1550 888 scitur,

84 906 216 937 scientia
230 911 290 946 est,
306 905 354 936 vel
377 904 592 946 cujuscunque
619 904 745 935 alterius
774 904 909 935 dicenda
935 910 983 935 est
1009 915 1077 935 esse
1102 904 1242 935 scientia.
1265 910 1298 935 at
1322 916 1394 935 vero
1421 905 1552 935 scientia

85 960 230 1000 quaedam
258 965 291 991 et
320 959 450 991 scientia
480 959 550 989 talis
579 958 622 989 rei
650 958 814 999 cujusdam
845 964 877 989 et
906 958 975 988 talis
1005 969 1072 989 esse
1104 958 1230 990 dicitur.
1273 959 1350 989 Tale
1387 970 1459 990 vero
1494 959 1551 990 ali-

85 1013 162 1055 quid
193 1014 276 1045 dico.
308 1019 472 1056 postquam
505 1013 758 1044 aedificandarum
789 1012 902 1043 aedium
932 1013 1062 1043 scientia
1090 1013 1218 1053 exstitit,
1247 1014 1285 1044 ab
1316 1013 1385 1043 aliis
1411 1013 1550 1044 scientiis

85 1068 220 1098 discreta
233 1071 292 1109 est,
309 1068 388 1098 adeo
404 1073 437 1097 ut
453 1067 653 1097 aedificatoria
679 1065 836 1107 appellata
861 1066 911 1097 sit.
959 1066 1073 1098 GLAU.
1098 1067 1244 1103 Quidni?
1290 1068 1346 1098 So.
1369 1067 1486 1097 Nonne
1512 1077 1551 1097 ex

84 1133 135 1158 eo,
155 1123 240 1163 quod
268 1121 337 1152 talis
363 1121 414 1157 sit,
430 1122 530 1163 qualis
556 1121 684 1151 aliarum
712 1120 822 1151 nulla?
870 1120 984 1152 GLAU.
1010 1120 1147 1162 Nempe.
1193 1121 1246 1153 So.
1272 1121 1354 1162 Ergo
1380 1121 1454 1162 quia
1481 1121 1551 1151 talis

86 1176 263 1217 cujusdam,
278 1175 352 1206 ideo
368 1175 438 1205 talis
453 1175 595 1216 quaedam
614 1175 727 1205 effecta
742 1180 789 1205 est
804 1187 810 1204 :
836 1174 1011 1216 eodemque
1027 1176 1119 1205 modo
1135 1181 1246 1206 ceterae
1263 1181 1350 1206 artes
1369 1186 1477 1206 omnes
1504 1181 1550 1205 at-

85 1241 147 1272 que
164 1230 314 1261 scientiae.
361 1229 478 1260 GLAU.
502 1229 560 1259 Est
574 1230 629 1260 ita.
678 1228 734 1260 So.
760 1229 832 1259 Hoc
848 1229 953 1269 itaque
968 1228 1081 1259 inferre
1098 1240 1146 1260 me
1174 1229 1309 1260 voluisse
1337 1235 1412 1260 tunc
1439 1229 1554 1269 dicito,

85 1284 110 1314 si
126 1284 219 1314 modo
244 1294 326 1314 nunc
348 1283 541 1318 intellexisti,
557 1282 641 1323 quod
668 1292 865 1323 quaecunque
890 1282 1046 1323 ejusmodi
1077 1289 1161 1324 sunt,
1178 1289 1213 1313 ut
1235 1282 1368 1323 alicujus
1393 1283 1467 1319 sint,
1482 1283 1552 1323 ipsa

87 1338 213 1378 quidem
231 1338 295 1367 sola
311 1337 445 1378 ipsorum
462 1341 534 1367 sunt
550 1337 714 1373 duntaxat,
730 1336 838 1366 talium
855 1347 926 1366 vero
950 1337 1145 1378 quorundam
1171 1337 1246 1368 talia
1270 1338 1426 1378 quaedam.
1449 1347 1552 1377 neque

85 1402 158 1422 vero
173 1391 244 1422 ideo
261 1391 344 1428 dico,
359 1391 443 1432 quod
461 1390 599 1431 qualium
627 1397 709 1426 sunt,
725 1390 788 1420 sint
814 1396 847 1421 et
870 1390 958 1426 talia,
975 1392 1049 1432 quia
1073 1392 1194 1422 scilicet
1219 1398 1252 1422 et
1277 1391 1493 1432 aegrotantium
1521 1396 1554 1421 et

87 1445 168 1476 bene
182 1445 354 1476 valentium
371 1445 501 1476 scicntia
516 1446 596 1475 bene
615 1444 662 1475 vel
680 1445 759 1475 male
775 1445 881 1475 valens
896 1451 928 1475 et
941 1445 1008 1485 ipsa
1025 1446 1084 1477 sit:
1110 1446 1259 1476 bonorum
1277 1445 1349 1476 item
1367 1450 1460 1486 atque
1487 1455 1552 1475 ma-

86 1499 183 1530 lorum
201 1500 282 1530 bona
297 1510 397 1529 rursus
413 1509 449 1530 ac
466 1499 545 1529 mala
560 1511 567 1529 ι
592 1500 645 1529 sed
662 1499 808 1540 quoniam
825 1510 887 1529 non
904 1499 986 1530 illius
1003 1500 1100 1540 ipsius
1117 1501 1279 1536 duntaxat,
1297 1499 1388 1540 cujus
1410 1499 1553 1530 absolute

85 1552 216 1584 scientia
231 1559 289 1589 est,
305 1553 404 1583 evasit
420 1553 564 1589 scicntia,
579 1547 674 1583 inimo
692 1553 761 1583 talis
776 1553 939 1594 cujusdam
958 1565 964 1582 :
990 1554 1050 1583 hoc
1067 1559 1170 1584 autem
1194 1559 1242 1584 est
1267 1554 1387 1584 salubre
1414 1559 1446 1583 et
1468 1554 1553 1584 insa-

87 1606 193 1647 lubre:
219 1607 288 1637 talis
304 1607 446 1648 quaedam
464 1607 531 1647 ipsa
546 1617 673 1648 quoque
695 1607 809 1637 effecta
824 1613 880 1637 est.
909 1618 947 1637 ex
967 1617 1031 1648 quo
1055 1608 1170 1638 factum
1199 1613 1256 1647 est,
1272 1612 1306 1637 ut
1330 1618 1394 1638 non
1421 1607 1554 1648 amplius

86 1661 217 1692 scientia
245 1660 428 1702 simpliciter
460 1660 650 1701 appelletur,
679 1661 733 1691 sed
766 1660 851 1701 quali
879 1661 1014 1701 quodam
1043 1661 1151 1692 addito
1181 1660 1382 1692 medicinaria
1414 1661 1554 1691 scientia.

88 1714 204 1745 GLAu.
226 1714 334 1745 Teneo
345 1714 411 1755 jam
429 1727 434 1744 :
462 1714 599 1755 mihique
615 1715 682 1745 haec
698 1715 742 1745 ita
763 1726 829 1745 sese
844 1715 958 1745 habere
974 1715 1129 1745 videntur.
1175 1715 1231 1746 So.
1255 1715 1345 1746 Sitim
1361 1725 1433 1746 vero
1449 1725 1554 1746 nonne

86 1768 134 1798 his
159 1767 256 1809 [439]
280 1769 510 1809 annumerabis,
526 1779 597 1809 quae
624 1769 667 1805 id,
691 1770 776 1810 quod
804 1774 888 1806 sunt,
905 1768 1038 1810 alicujus
1064 1769 1238 1800 exsistunt?
1262 1774 1309 1800 est
1335 1776 1437 1800 autem
1465 1769 1554 1800 sitis?

88 1821 203 1852 GLAu.
227 1822 408 1852 Annumero
425 1822 585 1863 equidem,
601 1828 633 1853 et
646 1823 784 1864 potionis
801 1822 883 1853 sitim
899 1833 966 1853 esse
981 1823 1066 1854 dico‘.
1111 1822 1164 1853 So.
1187 1822 1241 1852 An
1255 1833 1319 1853 non
1334 1822 1434 1863 qualis
1446 1822 1554 1864 cujus-

87 1876 158 1906 dam
176 1875 281 1917 poculi
296 1876 397 1917 qualis
412 1877 554 1918 quaedam
582 1877 669 1907 sitis?
718 1877 860 1917 Ideoque
888 1877 955 1907 sitis
981 1879 1050 1918 ipsa
1076 1887 1179 1917 neque
1206 1876 1296 1907 multi
1319 1887 1421 1917 neque
1449 1877 1553 1917 pauci,

87 1939 190 1971 neque
206 1929 280 1960 boni
295 1941 397 1971 neque
414 1930 498 1967 mali,
514 1941 629 1972 neque,
646 1936 681 1960 ut
698 1926 760 1961 uno
776 1932 868 1960 verbo
885 1931 1088 1971 complectar,
1103 1931 1204 1972 qualis
1227 1930 1400 1970 cujusdam,
1418 1931 1472 1961 sed
1498 1941 1554 1971 po·

87 1983 183 2013 tionis
199 1983 296 2024 ipsius
313 1983 508 2014 solummodo
524 1984 588 2014 sitis
605 1984 673 2024 ipsa
687 1990 797 2014 natura
815 1985 884 2014 est?
928 1984 1042 2015 GLAu.
1066 1984 1116 2015 Sic
1141 1989 1189 2015 est
1216 1985 1354 2016 omnino.
1400 1985 1456 2016 So.
1480 1984 1555 2015 Siti-

86 2037 167 2068 entis
184 2037 277 2078 igitur
291 2037 405 2074 anima,
420 2043 573 2078 quatenus
588 2038 665 2075 sitit,
681 2048 744 2068 non
761 2038 845 2069 aliud
862 2038 984 2079 appetit
999 2048 1092 2079 quam
1119 2039 1235 2076 bibere,
1250 2039 1345 2080 idque
1372 2038 1499 2070 affectat
1524 2043 1557 2068 et

90 2091 130 2121 ad
147 2091 248 2132 ipsum
273 2091 379 2122 fertur.
425 2091 538 2122 Gmu.
563 2091 705 2124 Constat.
752 2092 809 2122 So.
832 2092 866 2123 Si
891 2093 966 2133 quid
991 2103 1064 2133 ergo
1090 2093 1190 2134 ipsam
1216 2093 1406 2134 quandoque
1429 2092 1557 2123 retrahit

87 2144 261 2184 sitientem,
277 2144 360 2175 aliud
377 2145 526 2186 quiddam
544 2145 601 2175 erit
618 2146 647 2175 in
665 2145 733 2186 ipsa
748 2146 787 2176 ab
803 2157 841 2176 ea
855 2152 942 2187 parte
958 2145 1125 2183 diversum,
1142 2157 1212 2187 quae
1228 2147 1294 2177 sitit
1309 2151 1340 2176 et
1354 2146 1444 2186 quasi
1460 2145 1557 2177 bestia

90 2198 233 2240 quaedam
251 2199 290 2228 ad
307 2199 474 2229 bibendum
494 2198 636 2239 impellit.
661 2210 763 2241 neque
791 2201 874 2231 enim
901 2201 965 2231 fieri
993 2211 1083 2242 posse
1110 2201 1255 2242 dicimus,
1273 2206 1307 2231 ut
1331 2200 1412 2231 idem
1437 2200 1556 2241 aliquid

87 2253 198 2283 eodem
216 2252 263 2282 sui
277 2253 358 2284 circa
374 2253 456 2284 idem
473 2253 562 2283 simul
580 2259 653 2295 agat
668 2254 833 2286 contraria.
880 2254 996 2285 GLAu.
1021 2254 1107 2293 Non<
1123 2260 1219 2285 certe.
1261 2254 1317 2285 So.
1342 2254 1555 2291 Quemadmo-

91 2306 166 2336 dum
180 2306 346 2337 absurdum
363 2307 449 2338 dictu
465 2314 524 2347 est,
539 2308 670 2338 candem
686 2308 836 2349 sagittarii
854 2319 976 2339 manum
994 2309 1083 2339 simul
1100 2319 1204 2339 arcum
1220 2308 1414 2339 intendendo
1439 2313 1558 2349 protra-

89 2360 162 2390 here
178 2367 271 2400 atque
293 2361 486 2392 contrahere.
510 2372 598 2402 porro
623 2362 790 2393 dicendum
818 2369 866 2394 est
889 2363 1016 2393 alteram
1045 2373 1112 2394 esse
1138 2373 1262 2392 manum
1287 2372 1357 2404 quae
1383 2363 1557 2403 protrahit;

91 2412 218 2443 alteram
235 2423 317 2449 vero¹
334 2424 404 2455 quae
429 2416 595 2446 contrahit.
642 2415 755 2448 GLAu.
780 2417 831 2447 Ita
859 2427 992 2458 prorsus.
1039 2417 1094 2447 So.
1119 2417 1304 2447 Fatemurne
1330 2426 1396 2446 csse
1423 2416 1556 2456 aliquos,

93 2465 146 2506 qui
163 2476 234 2497 curu
251 2467 369 2503 sitiant,
388 2479 613 2510 nonnunquam
629 2471 734 2501 bibere
750 2471 874 2501 nolint?
922 2470 1038 2502 Gom.
1063 2471 1184 2500 Multos
1200 2481 1236 2501 ac
1251 2480 1347 2511 satpe.
1392 2469 1448 2500 So.
1473 2469 1560 2506 Quid

93 2519 134 2549 de
150 2519 186 2549 iis
201 2519 314 2561 aliquis
329 2521 436 2552 dicet?
461 2533 565 2553 nonne
580 2524 681 2555 inesse
695 2525 728 2555 in
746 2525 853 2555 horum
871 2526 974 2556 anima
998 2525 1129 2565 aliquid,
1145 2525 1230 2565 quod
1255 2524 1293 2553 ad
1322 2523 1489 2553 bibendum
1517 2523 1560 2553 al-

95 2572 175 2612 licit,
192 2573 308 2614 aliquid
325 2581 445 2612 contra,
461 2576 544 2616 quod
562 2578 712 2609 cohibet?
735 2580 821 2619 quod
837 2580 963 2620 quidem
988 2584 1020 2609 et
1040 2579 1123 2608 aliud
1151 2584 1209 2617 est,
1224 2584 1256 2608 et
1279 2577 1322 2618 ci,
1339 2577 1423 2618 quod
1450 2577 1560 2612 allicit,

94 2625 281 2658 dominatur.
328 2627 444 2659 GLAu.
470 2629 553 2660 Mihi
571 2630 697 2670 quidem
715 2632 849 2662 videtur.
895 2633 952 2664 So.
976 2632 1027 2662 An
1045 2642 1108 2662 non
1124 2631 1217 2672 igitur
1232 2631 1317 2672 quod
1335 2631 1477 2672 prohibet
1492 2631 1563 2668 ista,

93 2689 131 2709 ex
146 2679 265 2711 ratione
281 2680 373 2718 inest,
391 2682 535 2723 quotiens
552 2687 722 2724 operatut?
746 2697 816 2727 quce
833 2697 903 2717 vero
920 2686 1080 2718 concitant
1108 2690 1201 2725 atque
1226 2686 1362 2721 trahunt,
1378 2696 1415 2716 ex
1440 2684 1562 2715 affecti-

93 2731 150 2762 bus
179 2734 525 2776 perturbationibusque
553 2738 652 2768 sunt?
699 2738 816 2771 GLAtJ.
846 2739 1001 2780 Apparet.
1047 2739 1103 2770 So.
1130 2738 1246 2769 Merito
1276 2738 1372 2779 igitur
1401 2739 1464 2769 duo
1495 2740 1562 2770 haec

93 2784 175 2835 inter
190 2796 222 2816 se
239 2787 359 2818 diversa
375 2789 630 2826 existimabimus,
646 2796 678 2822 et
695 2793 771 2823 illud
787 2794 927 2834 quidem,
945 2804 1008 2834 quo
1037 2792 1238 2824 ratiocinatur
1263 2792 1397 2829 animus,
1414 2792 1564 2823 rationale

95 2838 195 2889 ¹psius
212 2840 502 2873 denominabimus:
529 2843 605 2874 illud
623 2856 706 2881 vero,
722 2857 784 2888 quo
812 2853 907 2883 amat,
925 2847 1019 2879 esurit
1046 2852 1077 2877 et
1103 2846 1169 2877 sitit
1194 2852 1226 2877 et
1252 2847 1291 2877 ad
1318 2846 1395 2877 alias
1421 2846 1567 2876 libidines

101 2892 225 2932 pronior
263 2894 386 2931 labitur,
416 2897 592 2928 irrationale
628 2904 660 2928 et
688 2901 813 2932 avidum
844 2901 1050 2942 repletionum
1079 2900 1271 2942 quarundam
1299 2905 1331 2930 et
1359 2899 1567 2940 voluptatum.

103 2943 215 2978 GLAu.
242 2945 372 2979 Diversa
401 2951 563 2990 profecto:
592 2953 765 2995 meritoque
789 2956 836 2986 ita
863 2955 1069 2987 censebimus.
1115 2955 1168 2986 So.
1192 2954 1251 2984 11ae
1277 2953 1382 2994 itaque
1410 2953 1481 2982 duze
1502 2951 1567 2992 jam
