<?xml version="1.0" encoding="UTF-8"?>
<!DOCTYPE html PUBLIC "-//W3C//DTD XHTML 1.0 Transitional//EN"
    "http://www.w3.org/TR/xhtml1/DTD/xhtml1-transitional.dtd">
<html xmlns="http://www.w3.org/1999/xhtml" xml:lang="en" lang="en">
 <head>
  <title>
</title>
<meta http-equiv="Content-Type" content="text/html;charset=utf-8" />
  <meta name='ocr-system' content='tesseract 3.04.00' />
  <meta name='ocr-capabilities' content='ocr_page ocr_carea ocr_par ocr_line ocrx_word'/>
</head>
<body>
  <div class='ocr_page' id='page_1' title='image "./platonisetquaeve11plat_0183.png"; bbox 0 0 1840 3225; ppageno 0'>
   <div class='ocr_carea' id='block_1_1' title="bbox 79 231 1545 285">
    <p class='ocr_par' dir='ltr' id='par_1_1' title="bbox 79 231 1545 285">
     <span class='ocr_line' id='line_1_1' title="bbox 79 231 1545 285; baseline -0.002 -11"><span class='ocrx_word' id='word_1_1' title='bbox 79 234 179 285; x_wconf 75' lang='lat'>488]</span> <span class='ocrx_word' id='word_1_2' title='bbox 512 232 585 271; x_wconf 90' lang='lat' dir='ltr'>DE</span> <span class='ocrx_word' id='word_1_3' title='bbox 614 231 923 270; x_wconf 83' lang='lat' dir='ltr'>REPUBLICA</span> <span class='ocrx_word' id='word_1_4' title='bbox 954 231 1052 271; x_wconf 82' lang='lat' dir='ltr'>Llss.</span> <span class='ocrx_word' id='word_1_5' title='bbox 1085 233 1154 273; x_wconf 85' lang='lat' dir='ltr'>Vl.</span> <span class='ocrx_word' id='word_1_6' title='bbox 1472 235 1545 272; x_wconf 88' lang='grc'>167</span> 
     </span>
    </p>
   </div>
   <div class='ocr_carea' id='block_1_2' title="bbox 77 334 1552 3023">
    <p class='ocr_par' dir='ltr' id='par_1_2' title="bbox 77 334 1552 3023">
     <span class='ocr_line' id='line_1_2' title="bbox 77 334 1542 379; baseline -0.001 -10"><span class='ocrx_word' id='word_1_7' title='bbox 77 339 195 374; x_wconf 79' lang='lat' dir='ltr'>destus,</span> <span class='ocrx_word' id='word_1_8' title='bbox 227 348 289 369; x_wconf 91' lang='lat' dir='ltr'>non</span> <span class='ocrx_word' id='word_1_9' title='bbox 316 335 450 379; x_wconf 70' lang='lat' dir='ltr'>quaentui</span> <span class='ocrx_word' id='word_1_10' title='bbox 487 336 624 373; x_wconf 83' lang='lat' dir='ltr'>deditus,</span> <span class='ocrx_word' id='word_1_11' title='bbox 662 345 725 366; x_wconf 89' lang='lat' dir='ltr'>non</span> <span class='ocrx_word' id='word_1_12' title='bbox 764 334 980 376; x_wconf 73' lang='lat' dir='ltr'>pusillanimis,</span> <span class='ocrx_word' id='word_1_13' title='bbox 1008 345 1070 365; x_wconf 91' lang='lat' dir='ltr'>non</span> <span class='ocrx_word' id='word_1_14' title='bbox 1108 336 1269 377; x_wconf 85' lang='lat' dir='ltr'>superbus,</span> <span class='ocrx_word' id='word_1_15' title='bbox 1299 346 1363 367; x_wconf 89' lang='lat' dir='ltr'>non</span> <span class='ocrx_word' id='word_1_16' title='bbox 1403 336 1542 375; x_wconf 84' lang='lat' dir='ltr'>timidus,</span> 
     </span>
     <span class='ocr_line' id='line_1_3' title="bbox 78 387 1541 428; baseline -0.001 -5"><span class='ocrx_word' id='word_1_17' title='bbox 78 403 152 423; x_wconf 91' lang='lat' dir='ltr'>num</span> <span class='ocrx_word' id='word_1_18' title='bbox 170 392 201 422; x_wconf 85' lang='lat' dir='ltr'>in</span> <span class='ocrx_word' id='word_1_19' title='bbox 227 391 419 423; x_wconf 85' lang='lat' dir='ltr'>commerciis</span> <span class='ocrx_word' id='word_1_20' title='bbox 444 389 578 421; x_wconf 86' lang='lat' dir='ltr'>difficilis</span> <span class='ocrx_word' id='word_1_21' title='bbox 605 389 663 419; x_wconf 81' lang='lat' dir='ltr'>erit</span> <span class='ocrx_word' id='word_1_22' title='bbox 685 394 739 418; x_wconf 89' lang='lat' dir='ltr'>aut</span> <span class='ocrx_word' id='word_1_23' title='bbox 765 387 925 427; x_wconf 86' lang='lat' dir='ltr'>injustus?</span> <span class='ocrx_word' id='word_1_24' title='bbox 971 388 1086 420; x_wconf 62' lang='lat' dir='ltr'>va.</span> <span class='ocrx_word' id='word_1_25' title='bbox 1110 389 1208 420; x_wconf 89' lang='lat' dir='ltr'>Nullo</span> <span class='ocrx_word' id='word_1_26' title='bbox 1225 390 1330 421; x_wconf 84' lang='lat' dir='ltr'>modo.</span> <span class='ocrx_word' id='word_1_27' title='bbox 1376 391 1432 422; x_wconf 86' lang='lat' dir='ltr'>So.</span> <span class='ocrx_word' id='word_1_28' title='bbox 1452 392 1541 428; x_wconf 76' lang='lat' dir='ltr'>vQuin</span> 
     </span>
     <span class='ocr_line' id='line_1_4' title="bbox 78 437 1543 485; baseline 0 -9"><span class='ocrx_word' id='word_1_29' title='bbox 78 447 170 477; x_wconf 85' lang='lat' dir='ltr'>etiam</span> <span class='ocrx_word' id='word_1_30' title='bbox 199 457 268 477; x_wconf 86' lang='lat' dir='ltr'>cum</span> <span class='ocrx_word' id='word_1_31' title='bbox 299 437 470 476; x_wconf 80' lang='lat' dir='ltr'>discernere</span> <span class='ocrx_word' id='word_1_32' title='bbox 495 443 616 485; x_wconf 89' lang='lat' dir='ltr'>cupies,</span> <span class='ocrx_word' id='word_1_33' title='bbox 642 442 712 484; x_wconf 89' lang='lat' dir='ltr'>quis</span> <span class='ocrx_word' id='word_1_34' title='bbox 739 442 860 473; x_wconf 90' lang='lat' dir='ltr'>animus</span> <span class='ocrx_word' id='word_1_35' title='bbox 890 442 1096 484; x_wconf 88' lang='lat' dir='ltr'>philosophus</span> <span class='ocrx_word' id='word_1_36' title='bbox 1123 444 1174 479; x_wconf 87' lang='lat' dir='ltr'>sit,</span> <span class='ocrx_word' id='word_1_37' title='bbox 1201 445 1270 485; x_wconf 84' lang='lat' dir='ltr'>quis</span> <span class='ocrx_word' id='word_1_38' title='bbox 1295 455 1370 485; x_wconf 91' lang='lat' dir='ltr'>non,</span> <span class='ocrx_word' id='word_1_39' title='bbox 1394 445 1498 476; x_wconf 89' lang='lat' dir='ltr'>statim</span> <span class='ocrx_word' id='word_1_40' title='bbox 1525 456 1543 476; x_wconf 92' lang='lat' dir='ltr'>a</span> 
     </span>
     <span class='ocr_line' id='line_1_5' title="bbox 78 495 1545 541; baseline 0 -10"><span class='ocrx_word' id='word_1_41' title='bbox 78 500 192 531; x_wconf 85' lang='lat' dir='ltr'>teneris</span> <span class='ocrx_word' id='word_1_42' title='bbox 214 500 302 531; x_wconf 88' lang='lat' dir='ltr'>annis</span> <span class='ocrx_word' id='word_1_43' title='bbox 326 499 357 529; x_wconf 88' lang='lat' dir='ltr'>id</span> <span class='ocrx_word' id='word_1_44' title='bbox 385 498 572 534; x_wconf 80' lang='lat' dir='ltr'>observabis,</span> <span class='ocrx_word' id='word_1_45' title='bbox 600 496 744 538; x_wconf 86' lang='lat' dir='ltr'>nunquid</span> <span class='ocrx_word' id='word_1_46' title='bbox 767 495 873 537; x_wconf 81' lang='lat' dir='ltr'>justus</span> <span class='ocrx_word' id='word_1_47' title='bbox 889 502 922 526; x_wconf 90' lang='lat' dir='ltr'>et</span> <span class='ocrx_word' id='word_1_48' title='bbox 945 496 1040 536; x_wconf 77' lang='lat' dir='ltr'>mitis,</span> <span class='ocrx_word' id='word_1_49' title='bbox 1067 507 1106 527; x_wconf 89' lang='lat' dir='ltr'>an</span> <span class='ocrx_word' id='word_1_50' title='bbox 1133 497 1256 539; x_wconf 87' lang='lat' dir='ltr'>iniquus</span> <span class='ocrx_word' id='word_1_51' title='bbox 1283 503 1376 540; x_wconf 92' lang='lat' dir='ltr'>atque</span> <span class='ocrx_word' id='word_1_52' title='bbox 1404 500 1545 541; x_wconf 84' lang='lat' dir='ltr'>agrestis.</span> 
     </span>
     <span class='ocr_line' id='line_1_6' title="bbox 80 551 1547 592; baseline 0 -7"><span class='ocrx_word' id='word_1_53' title='bbox 80 554 194 586; x_wconf 63' lang='lat' dir='ltr'>Grau.</span> <span class='ocrx_word' id='word_1_54' title='bbox 217 553 369 585; x_wconf 83' lang='lat' dir='ltr'>Maxime.</span> <span class='ocrx_word' id='word_1_55' title='bbox 413 551 468 583; x_wconf 92' lang='lat' dir='ltr'>So.</span> <span class='ocrx_word' id='word_1_56' title='bbox 494 551 607 592; x_wconf 83' lang='lat' dir='ltr'>Neque</span> <span class='ocrx_word' id='word_1_57' title='bbox 633 551 755 587; x_wconf 85' lang='lat' dir='ltr'>hoc‚ut</span> <span class='ocrx_word' id='word_1_58' title='bbox 781 551 920 587; x_wconf 84' lang='lat' dir='ltr'>arbitror,</span> <span class='ocrx_word' id='word_1_59' title='bbox 945 552 1171 591; x_wconf 66' lang='lat' dir='ltr'>praetermitteS.</span> <span class='ocrx_word' id='word_1_60' title='bbox 1218 552 1333 583; x_wconf 71' lang='lat' dir='ltr'>GLAU.</span> <span class='ocrx_word' id='word_1_61' title='bbox 1356 554 1547 590; x_wconf 81' lang='lat' dir='ltr'>Quidnam?</span> 
     </span>
     <span class='ocr_line' id='line_1_7' title="bbox 81 603 1544 647; baseline 0 -8"><span class='ocrx_word' id='word_1_62' title='bbox 81 609 136 639; x_wconf 90' lang='lat' dir='ltr'>So.</span> <span class='ocrx_word' id='word_1_63' title='bbox 160 608 271 639; x_wconf 82' lang='lat' dir='ltr'>Utrum</span> <span class='ocrx_word' id='word_1_64' title='bbox 299 607 337 637; x_wconf 86' lang='lat' dir='ltr'>ad</span> <span class='ocrx_word' id='word_1_65' title='bbox 355 605 590 647; x_wconf 87' lang='lat' dir='ltr'>percipiendum</span> <span class='ocrx_word' id='word_1_66' title='bbox 617 604 705 635; x_wconf 90' lang='lat' dir='ltr'>velox</span> <span class='ocrx_word' id='word_1_67' title='bbox 723 614 762 634; x_wconf 91' lang='lat' dir='ltr'>an</span> <span class='ocrx_word' id='word_1_68' title='bbox 789 604 906 636; x_wconf 86' lang='lat' dir='ltr'>tardus.</span> <span class='ocrx_word' id='word_1_69' title='bbox 950 603 1035 634; x_wconf 87' lang='lat' dir='ltr'>Num</span> <span class='ocrx_word' id='word_1_70' title='bbox 1052 615 1160 635; x_wconf 85' lang='lat' dir='ltr'>censes</span> <span class='ocrx_word' id='word_1_71' title='bbox 1175 607 1352 647; x_wconf 81' lang='lat' dir='ltr'>quempiam</span> <span class='ocrx_word' id='word_1_72' title='bbox 1381 608 1458 638; x_wconf 91' lang='lat' dir='ltr'>illud</span> <span class='ocrx_word' id='word_1_73' title='bbox 1487 619 1544 639; x_wconf 89' lang='lat' dir='ltr'>un-</span> 
     </span>
     <span class='ocr_line' id='line_1_8' title="bbox 80 658 1543 704; baseline -0.001 -11"><span class='ocrx_word' id='word_1_74' title='bbox 80 673 171 704; x_wconf 89' lang='lat' dir='ltr'>quam</span> <span class='ocrx_word' id='word_1_75' title='bbox 197 661 336 702; x_wconf 82' lang='lat' dir='ltr'>diligere‚</span> <span class='ocrx_word' id='word_1_76' title='bbox 351 660 436 702; x_wconf 89' lang='lat' dir='ltr'>quod</span> <span class='ocrx_word' id='word_1_77' title='bbox 460 669 530 690; x_wconf 92' lang='lat' dir='ltr'>cum</span> <span class='ocrx_word' id='word_1_78' title='bbox 557 659 747 699; x_wconf 80' lang='lat' dir='ltr'>aggreditur,</span> <span class='ocrx_word' id='word_1_79' title='bbox 764 668 882 688; x_wconf 88' lang='lat' dir='ltr'>summa</span> <span class='ocrx_word' id='word_1_80' title='bbox 909 668 979 689; x_wconf 91' lang='lat' dir='ltr'>cum</span> <span class='ocrx_word' id='word_1_81' title='bbox 997 658 1179 689; x_wconf 88' lang='lat' dir='ltr'>difficultate</span> <span class='ocrx_word' id='word_1_82' title='bbox 1204 660 1279 700; x_wconf 85' lang='lat' dir='ltr'>agit,</span> <span class='ocrx_word' id='word_1_83' title='bbox 1295 665 1327 690; x_wconf 86' lang='lat' dir='ltr'>et</span> <span class='ocrx_word' id='word_1_84' title='bbox 1353 659 1402 690; x_wconf 83' lang='lat' dir='ltr'>vix</span> <span class='ocrx_word' id='word_1_85' title='bbox 1419 662 1543 692; x_wconf 85' lang='lat' dir='ltr'>tandem</span> 
     </span>
     <span class='ocr_line' id='line_1_9' title="bbox 82 711 1545 757; baseline 0.002 -14"><span class='ocrx_word' id='word_1_86' title='bbox 82 726 190 757; x_wconf 77' lang='lat' dir='ltr'>parum</span> <span class='ocrx_word' id='word_1_87' title='bbox 206 714 281 756; x_wconf 91' lang='lat' dir='ltr'>quid</span> <span class='ocrx_word' id='word_1_88' title='bbox 298 713 422 755; x_wconf 89' lang='lat' dir='ltr'>proficit</span> <span class='ocrx_word' id='word_1_89' title='bbox 436 713 446 743; x_wconf 73' lang='grc' dir='ltr'>Ξ</span> <span class='ocrx_word' id='word_1_90' title='bbox 471 711 586 744; x_wconf 66' lang='grc' dir='ltr'>ΟιΑυ,</span> <span class='ocrx_word' id='word_1_91' title='bbox 604 711 782 753; x_wconf 85' lang='lat' dir='ltr'>Numquam</span> <span class='ocrx_word' id='word_1_92' title='bbox 797 711 950 752; x_wconf 83' lang='lat' dir='ltr'>profecto.</span> <span class='ocrx_word' id='word_1_93' title='bbox 975 712 1028 743; x_wconf 86' lang='lat' dir='ltr'>So.</span> <span class='ocrx_word' id='word_1_94' title='bbox 1049 712 1160 748; x_wconf 84' lang='lat' dir='ltr'>Quid?</span> <span class='ocrx_word' id='word_1_95' title='bbox 1175 713 1200 742; x_wconf 88' lang='lat' dir='ltr'>si</span> <span class='ocrx_word' id='word_1_96' title='bbox 1215 713 1291 743; x_wconf 90' lang='lat' dir='ltr'>nihil</span> <span class='ocrx_word' id='word_1_97' title='bbox 1308 720 1410 745; x_wconf 87' lang='lat' dir='ltr'>servet</span> <span class='ocrx_word' id='word_1_98' title='bbox 1425 726 1545 756; x_wconf 90' lang='lat' dir='ltr'>eorum,</span> 
     </span>
     <span class='ocr_line' id='line_1_10' title="bbox 80 766 1548 811; baseline 0 -11"><span class='ocrx_word' id='word_1_99' title='bbox 80 780 151 811; x_wconf 88' lang='lat' dir='ltr'>quae</span> <span class='ocrx_word' id='word_1_100' title='bbox 167 769 272 810; x_wconf 86' lang='lat' dir='ltr'>discit,</span> <span class='ocrx_word' id='word_1_101' title='bbox 289 768 553 807; x_wconf 76' lang='lat' dir='ltr'>obliviscaturque</span> <span class='ocrx_word' id='word_1_102' title='bbox 570 766 721 804; x_wconf 90' lang='lat' dir='ltr'>omnium,</span> <span class='ocrx_word' id='word_1_103' title='bbox 737 776 841 796; x_wconf 91' lang='lat' dir='ltr'>nonne</span> <span class='ocrx_word' id='word_1_104' title='bbox 868 766 925 796; x_wconf 89' lang='lat' dir='ltr'>erit</span> <span class='ocrx_word' id='word_1_105' title='bbox 939 766 1069 797; x_wconf 88' lang='lat' dir='ltr'>scientia</span> <span class='ocrx_word' id='word_1_106' title='bbox 1085 768 1223 798; x_wconf 87' lang='lat' dir='ltr'>vacuus?</span> <span class='ocrx_word' id='word_1_107' title='bbox 1269 767 1385 799; x_wconf 70' lang='lat' dir='ltr'>GLAU.</span> <span class='ocrx_word' id='word_1_108' title='bbox 1409 769 1548 801; x_wconf 84' lang='lat' dir='ltr'>Vacuus.</span> 
     </span>
     <span class='ocr_line' id='line_1_11' title="bbox 80 818 1546 865; baseline 0 -10"><span class='ocrx_word' id='word_1_109' title='bbox 80 824 138 854; x_wconf 81' lang='lat' dir='ltr'>So.</span> <span class='ocrx_word' id='word_1_110' title='bbox 161 823 241 855; x_wconf 89' lang='lat' dir='ltr'>Cum</span> <span class='ocrx_word' id='word_1_111' title='bbox 258 833 328 853; x_wconf 81' lang='lat' dir='ltr'>vero</span> <span class='ocrx_word' id='word_1_112' title='bbox 345 821 445 852; x_wconf 87' lang='lat' dir='ltr'>irritus</span> <span class='ocrx_word' id='word_1_113' title='bbox 461 820 505 851; x_wconf 87' lang='lat' dir='ltr'>illi</span> <span class='ocrx_word' id='word_1_114' title='bbox 522 820 608 850; x_wconf 79' lang='lat' dir='ltr'>labor</span> <span class='ocrx_word' id='word_1_115' title='bbox 623 819 724 849; x_wconf 84' lang='lat' dir='ltr'>omnis</span> <span class='ocrx_word' id='word_1_116' title='bbox 748 818 944 860; x_wconf 66' lang='lat' dir='ltr'>suscipiatur,</span> <span class='ocrx_word' id='word_1_117' title='bbox 959 830 999 850; x_wconf 87' lang='lat' dir='ltr'>an</span> <span class='ocrx_word' id='word_1_118' title='bbox 1022 831 1085 850; x_wconf 89' lang='lat' dir='ltr'>non</span> <span class='ocrx_word' id='word_1_119' title='bbox 1109 826 1239 862; x_wconf 84' lang='lat' dir='ltr'>cogetur</span> <span class='ocrx_word' id='word_1_120' title='bbox 1254 823 1378 853; x_wconf 88' lang='lat' dir='ltr'>tandem</span> <span class='ocrx_word' id='word_1_121' title='bbox 1395 834 1426 854; x_wconf 90' lang='lat' dir='ltr'>se</span> <span class='ocrx_word' id='word_1_122' title='bbox 1443 824 1546 865; x_wconf 86' lang='lat' dir='ltr'>ipsum</span> 
     </span>
     <span class='ocr_line' id='line_1_12' title="bbox 79 873 1546 918; baseline 0.001 -10"><span class='ocrx_word' id='word_1_123' title='bbox 79 883 110 908; x_wconf 89' lang='lat' dir='ltr'>et</span> <span class='ocrx_word' id='word_1_124' title='bbox 125 877 280 908; x_wconf 73' lang='lat' dir='ltr'>actionem</span> <span class='ocrx_word' id='word_1_125' title='bbox 298 876 390 906; x_wconf 84' lang='lat' dir='ltr'>talem</span> <span class='ocrx_word' id='word_1_126' title='bbox 407 875 534 905; x_wconf 83' lang='lat' dir='ltr'>odisse?</span> <span class='ocrx_word' id='word_1_127' title='bbox 574 873 689 905; x_wconf 65' lang='lat' dir='ltr'>GLAu.</span> <span class='ocrx_word' id='word_1_128' title='bbox 711 873 801 904; x_wconf 90' lang='lat' dir='ltr'>Nihil</span> <span class='ocrx_word' id='word_1_129' title='bbox 818 874 974 915; x_wconf 85' lang='lat' dir='ltr'>prohibet.</span> <span class='ocrx_word' id='word_1_130' title='bbox 1010 874 1064 905; x_wconf 86' lang='lat' dir='ltr'>So.</span> <span class='ocrx_word' id='word_1_131' title='bbox 1089 875 1284 907; x_wconf 88' lang='lat' dir='ltr'>Obliviosum</span> <span class='ocrx_word' id='word_1_132' title='bbox 1302 876 1395 918; x_wconf 87' lang='lat' dir='ltr'>igitur</span> <span class='ocrx_word' id='word_1_133' title='bbox 1409 879 1546 911; x_wconf 86' lang='lat' dir='ltr'>animum</span> 
     </span>
     <span class='ocr_line' id='line_1_13' title="bbox 79 927 1547 972; baseline 0.002 -11"><span class='ocrx_word' id='word_1_134' title='bbox 79 931 285 972; x_wconf 84' lang='lat' dir='ltr'>legitimorum</span> <span class='ocrx_word' id='word_1_135' title='bbox 303 930 558 972; x_wconf 85' lang='lat' dir='ltr'>philosophorum</span> <span class='ocrx_word' id='word_1_136' title='bbox 581 928 716 969; x_wconf 87' lang='lat' dir='ltr'>ingeniis</span> <span class='ocrx_word' id='word_1_137' title='bbox 738 927 904 959; x_wconf 89' lang='lat' dir='ltr'>convenire</span> <span class='ocrx_word' id='word_1_138' title='bbox 921 938 1116 970; x_wconf 85' lang='lat' dir='ltr'>nequaquam</span> <span class='ocrx_word' id='word_1_139' title='bbox 1133 929 1354 968; x_wconf 82' lang='lat' dir='ltr'>existimemus,</span> <span class='ocrx_word' id='word_1_140' title='bbox 1369 933 1422 963; x_wconf 86' lang='lat' dir='ltr'>sed</span> <span class='ocrx_word' id='word_1_141' title='bbox 1438 934 1547 965; x_wconf 91' lang='lat' dir='ltr'>admo-</span> 
     </span>
     <span class='ocr_line' id='line_1_14' title="bbox 79 982 1548 1024; baseline 0.002 -8"><span class='ocrx_word' id='word_1_142' title='bbox 79 986 153 1016; x_wconf 89' lang='lat' dir='ltr'>dum</span> <span class='ocrx_word' id='word_1_143' title='bbox 171 994 346 1015; x_wconf 85' lang='lat' dir='ltr'>memorem.</span> <span class='ocrx_word' id='word_1_144' title='bbox 391 982 507 1014; x_wconf 73' lang='lat' dir='ltr'>GLAu.</span> <span class='ocrx_word' id='word_1_145' title='bbox 529 982 579 1013; x_wconf 90' lang='lat' dir='ltr'>Ita</span> <span class='ocrx_word' id='word_1_146' title='bbox 603 993 736 1023; x_wconf 84' lang='lat' dir='ltr'>prorsus.</span> <span class='ocrx_word' id='word_1_147' title='bbox 781 982 836 1014; x_wconf 88' lang='lat' dir='ltr'>So.</span> <span class='ocrx_word' id='word_1_148' title='bbox 860 982 989 1013; x_wconf 85' lang='lat' dir='ltr'>Absona</span> <span class='ocrx_word' id='word_1_149' title='bbox 1011 989 1158 1024; x_wconf 82' lang='lat' dir='ltr'>praeterea</span> <span class='ocrx_word' id='word_1_150' title='bbox 1181 990 1213 1014; x_wconf 94' lang='lat' dir='ltr'>et</span> <span class='ocrx_word' id='word_1_151' title='bbox 1233 985 1423 1016; x_wconf 86' lang='lat' dir='ltr'>inconcinna</span> <span class='ocrx_word' id='word_1_152' title='bbox 1439 992 1548 1019; x_wconf 83' lang='lat' dir='ltr'>natura</span> 
     </span>
     <span class='ocr_line' id='line_1_15' title="bbox 81 1036 1547 1079; baseline 0.001 -10"><span class='ocrx_word' id='word_1_153' title='bbox 81 1039 120 1069; x_wconf 87' lang='lat' dir='ltr'>ad</span> <span class='ocrx_word' id='word_1_154' title='bbox 150 1038 362 1079; x_wconf 83' lang='lat' dir='ltr'>intemperiem</span> <span class='ocrx_word' id='word_1_155' title='bbox 388 1048 509 1078; x_wconf 83' lang='lat' dir='ltr'>semper</span> <span class='ocrx_word' id='word_1_156' title='bbox 537 1037 640 1067; x_wconf 85' lang='lat' dir='ltr'>trahit.</span> <span class='ocrx_word' id='word_1_157' title='bbox 694 1036 809 1068; x_wconf 67' lang='lat' dir='ltr'>GLAu.</span> <span class='ocrx_word' id='word_1_158' title='bbox 833 1037 973 1077; x_wconf 86' lang='lat' dir='ltr'>Semper.</span> <span class='ocrx_word' id='word_1_159' title='bbox 1028 1037 1083 1068; x_wconf 89' lang='lat' dir='ltr'>So.</span> <span class='ocrx_word' id='word_1_160' title='bbox 1107 1037 1278 1068; x_wconf 86' lang='lat' dir='ltr'>Veritatem</span> <span class='ocrx_word' id='word_1_161' title='bbox 1305 1049 1378 1069; x_wconf 89' lang='lat' dir='ltr'>vero</span> <span class='ocrx_word' id='word_1_162' title='bbox 1407 1051 1445 1071; x_wconf 87' lang='lat' dir='ltr'>an</span> <span class='ocrx_word' id='word_1_163' title='bbox 1477 1052 1547 1074; x_wconf 84' lang='lat' dir='ltr'>cum</span> 
     </span>
     <span class='ocr_line' id='line_1_16' title="bbox 79 1091 1547 1137; baseline 0.002 -15"><span class='ocrx_word' id='word_1_164' title='bbox 79 1091 266 1133; x_wconf 85' lang='lat' dir='ltr'>intemperie</span> <span class='ocrx_word' id='word_1_165' title='bbox 293 1102 462 1132; x_wconf 82' lang='lat' dir='ltr'>congruere</span> <span class='ocrx_word' id='word_1_166' title='bbox 489 1099 593 1133; x_wconf 88' lang='lat' dir='ltr'>putas,</span> <span class='ocrx_word' id='word_1_167' title='bbox 620 1102 658 1121; x_wconf 87' lang='lat' dir='ltr'>an</span> <span class='ocrx_word' id='word_1_168' title='bbox 686 1101 756 1122; x_wconf 89' lang='lat' dir='ltr'>cum</span> <span class='ocrx_word' id='word_1_169' title='bbox 786 1091 934 1131; x_wconf 86' lang='lat' dir='ltr'>temperie</span> <span class='ocrx_word' id='word_1_170' title='bbox 964 1091 1095 1132; x_wconf 90' lang='lat' dir='ltr'>potius?</span> <span class='ocrx_word' id='word_1_171' title='bbox 1142 1091 1255 1122; x_wconf 76' lang='lat' dir='ltr'>GLAU.</span> <span class='ocrx_word' id='word_1_172' title='bbox 1279 1093 1358 1124; x_wconf 91' lang='lat' dir='ltr'>Cum</span> <span class='ocrx_word' id='word_1_173' title='bbox 1388 1098 1547 1137; x_wconf 77' lang='lat' dir='ltr'>temperie.</span> 
     </span>
     <span class='ocr_line' id='line_1_17' title="bbox 80 1144 1548 1188; baseline 0.003 -12"><span class='ocrx_word' id='word_1_174' title='bbox 80 1145 137 1177; x_wconf 88' lang='lat' dir='ltr'>So.</span> <span class='ocrx_word' id='word_1_175' title='bbox 162 1145 249 1186; x_wconf 71' lang='lat' dir='ltr'>Ergo,</span> <span class='ocrx_word' id='word_1_176' title='bbox 260 1145 463 1186; x_wconf 83' lang='lat' dir='ltr'>compositam</span> <span class='ocrx_word' id='word_1_177' title='bbox 479 1151 510 1175; x_wconf 90' lang='lat' dir='ltr'>et</span> <span class='ocrx_word' id='word_1_178' title='bbox 526 1150 641 1186; x_wconf 85' lang='lat' dir='ltr'>gratam</span> <span class='ocrx_word' id='word_1_179' title='bbox 659 1149 769 1185; x_wconf 81' lang='lat' dir='ltr'>praeter</span> <span class='ocrx_word' id='word_1_180' title='bbox 780 1150 883 1175; x_wconf 87' lang='lat' dir='ltr'>cetera</span> <span class='ocrx_word' id='word_1_181' title='bbox 895 1144 1118 1185; x_wconf 81' lang='lat' dir='ltr'>cogitationem</span> <span class='ocrx_word' id='word_1_182' title='bbox 1135 1146 1208 1177; x_wconf 90' lang='lat' dir='ltr'>huic</span> <span class='ocrx_word' id='word_1_183' title='bbox 1224 1146 1348 1187; x_wconf 85' lang='lat' dir='ltr'>ingenio</span> <span class='ocrx_word' id='word_1_184' title='bbox 1366 1149 1548 1188; x_wconf 72' lang='lat' dir='ltr'>tribuamus,</span> 
     </span>
     <span class='ocr_line' id='line_1_18' title="bbox 80 1197 1548 1242; baseline 0.003 -12"><span class='ocrx_word' id='word_1_185' title='bbox 80 1200 166 1241; x_wconf 90' lang='lat' dir='ltr'>quod</span> <span class='ocrx_word' id='word_1_186' title='bbox 185 1204 294 1240; x_wconf 86' lang='lat' dir='ltr'>suapte</span> <span class='ocrx_word' id='word_1_187' title='bbox 314 1204 424 1229; x_wconf 90' lang='lat' dir='ltr'>natura</span> <span class='ocrx_word' id='word_1_188' title='bbox 449 1209 637 1240; x_wconf 88' lang='lat' dir='ltr'>propensum</span> <span class='ocrx_word' id='word_1_189' title='bbox 662 1208 728 1228; x_wconf 89' lang='lat' dir='ltr'>esse</span> <span class='ocrx_word' id='word_1_190' title='bbox 753 1197 895 1228; x_wconf 81' lang='lat' dir='ltr'>volumus</span> <span class='ocrx_word' id='word_1_191' title='bbox 922 1199 960 1228; x_wconf 90' lang='lat' dir='ltr'>ad</span> <span class='ocrx_word' id='word_1_192' title='bbox 986 1198 1087 1229; x_wconf 89' lang='lat' dir='ltr'>ideam</span> <span class='ocrx_word' id='word_1_193' title='bbox 1113 1199 1278 1240; x_wconf 85' lang='lat' dir='ltr'>cujusque,</span> <span class='ocrx_word' id='word_1_194' title='bbox 1294 1203 1377 1242; x_wconf 90' lang='lat' dir='ltr'>quod</span> <span class='ocrx_word' id='word_1_195' title='bbox 1403 1213 1472 1234; x_wconf 89' lang='lat' dir='ltr'>vere</span> <span class='ocrx_word' id='word_1_196' title='bbox 1489 1211 1548 1242; x_wconf 82' lang='lat' dir='ltr'>est,</span> 
     </span>
     <span class='ocr_line' id='line_1_19' title="bbox 78 1251 1550 1296; baseline 0.003 -12"><span class='ocrx_word' id='word_1_197' title='bbox 78 1253 318 1295; x_wconf 85' lang='lat' dir='ltr'>inspiciendam.</span> <span class='ocrx_word' id='word_1_198' title='bbox 363 1252 478 1284; x_wconf 75' lang='lat' dir='ltr'>GLAU.</span> <span class='ocrx_word' id='word_1_199' title='bbox 499 1253 636 1294; x_wconf 87' lang='lat' dir='ltr'>Nempe.</span> <span class='ocrx_word' id='word_1_200' title='bbox 690 1252 744 1284; x_wconf 85' lang='lat' dir='ltr'>So.</span> <span class='ocrx_word' id='word_1_201' title='bbox 770 1251 824 1283; x_wconf 86' lang='lat' dir='ltr'>An</span> <span class='ocrx_word' id='word_1_202' title='bbox 853 1263 917 1282; x_wconf 90' lang='lat' dir='ltr'>non</span> <span class='ocrx_word' id='word_1_203' title='bbox 947 1253 1004 1283; x_wconf 88' lang='lat' dir='ltr'>tibi</span> <span class='ocrx_word' id='word_1_204' title='bbox 1036 1253 1175 1284; x_wconf 89' lang='lat' dir='ltr'>videmur</span> <span class='ocrx_word' id='word_1_205' title='bbox 1202 1254 1324 1295; x_wconf 82' lang='lat' dir='ltr'>singula</span> <span class='ocrx_word' id='word_1_206' title='bbox 1354 1258 1550 1296; x_wconf 84' lang='lat' dir='ltr'>percurrisse,</span> 
     </span>
     <span class='ocr_line' id='line_1_20' title="bbox 80 1306 1549 1353; baseline 0.001 -14"><span class='ocrx_word' id='word_1_207' title='bbox 80 1319 151 1349; x_wconf 84' lang='lat' dir='ltr'>quae</span> <span class='ocrx_word' id='word_1_208' title='bbox 167 1318 294 1339; x_wconf 85' lang='lat' dir='ltr'>necesse</span> <span class='ocrx_word' id='word_1_209' title='bbox 311 1312 358 1338; x_wconf 85' lang='lat' dir='ltr'>est</span> <span class='ocrx_word' id='word_1_210' title='bbox 373 1307 556 1338; x_wconf 85' lang='lat' dir='ltr'>continuata</span> <span class='ocrx_word' id='word_1_211' title='bbox 581 1307 658 1337; x_wconf 89' lang='lat' dir='ltr'>serie</span> <span class='ocrx_word' id='word_1_212' title='bbox 674 1306 732 1337; x_wconf 88' lang='lat' dir='ltr'>sibi</span> <span class='ocrx_word' id='word_1_213' title='bbox 748 1306 879 1336; x_wconf 89' lang='lat' dir='ltr'>invicem</span> <span class='ocrx_word' id='word_1_214' title='bbox 897 1307 1099 1337; x_wconf 89' lang='lat' dir='ltr'>succedentia</span> <span class='ocrx_word' id='word_1_215' title='bbox 1121 1307 1224 1338; x_wconf 88' lang='lat' dir='ltr'>animo</span> <span class='ocrx_word' id='word_1_216' title='bbox 1241 1308 1285 1338; x_wconf 92' lang='lat' dir='ltr'>illi</span> <span class='ocrx_word' id='word_1_217' title='bbox 1302 1315 1478 1350; x_wconf 86' lang='lat' dir='ltr'>competere</span> <span class='ocrx_word' id='word_1_218' title='bbox 1494 1313 1549 1353; x_wconf 84' lang='lat' dir='ltr'>qui</span> 
     </span>
     <span class='ocr_line' id='line_1_21' title="bbox 79 1359 1548 1404; baseline 0.003 -12"><span class='ocrx_word' id='word_1_219' title='bbox 79 1362 239 1392; x_wconf 88' lang='lat' dir='ltr'>veritatem</span> <span class='ocrx_word' id='word_1_220' title='bbox 256 1371 352 1392; x_wconf 88' lang='lat' dir='ltr'>rerum</span> <span class='ocrx_word' id='word_1_221' title='bbox 371 1361 507 1402; x_wconf 84' lang='lat' dir='ltr'>perfecte</span> <span class='ocrx_word' id='word_1_222' title='bbox 530 1361 568 1391; x_wconf 87' lang='lat' dir='ltr'>sit</span> <span class='ocrx_word' id='word_1_223' title='bbox 592 1359 840 1391; x_wconf 81' lang='lat' dir='ltr'>consecuturus?</span> <span class='ocrx_word' id='word_1_224' title='bbox 886 1359 999 1391; x_wconf 79' lang='lat' dir='ltr'>GLAu.</span> <span class='ocrx_word' id='word_1_225' title='bbox 1023 1360 1074 1391; x_wconf 88' lang='lat' dir='ltr'>Ita</span> <span class='ocrx_word' id='word_1_226' title='bbox 1089 1371 1223 1402; x_wconf 91' lang='lat' dir='ltr'>prorsus.</span> <span class='ocrx_word' id='word_1_227' title='bbox 1253 1362 1351 1404; x_wconf 76' lang='lat'><strong>[487]</strong></span> <span class='ocrx_word' id='word_1_228' title='bbox 1380 1362 1436 1395; x_wconf 88' lang='lat' dir='ltr'>SO.</span> <span class='ocrx_word' id='word_1_229' title='bbox 1461 1364 1548 1397; x_wconf 92' lang='lat' dir='ltr'>Num</span> 
     </span>
     <span class='ocr_line' id='line_1_22' title="bbox 81 1414 1549 1458; baseline 0.003 -12"><span class='ocrx_word' id='word_1_230' title='bbox 81 1420 171 1457; x_wconf 88' lang='lat' dir='ltr'>potes</span> <span class='ocrx_word' id='word_1_231' title='bbox 187 1425 314 1457; x_wconf 90' lang='lat' dir='ltr'>quoquo</span> <span class='ocrx_word' id='word_1_232' title='bbox 338 1415 432 1445; x_wconf 89' lang='lat' dir='ltr'>modo</span> <span class='ocrx_word' id='word_1_233' title='bbox 450 1414 585 1445; x_wconf 89' lang='lat' dir='ltr'>studium</span> <span class='ocrx_word' id='word_1_234' title='bbox 612 1415 644 1444; x_wconf 91' lang='lat' dir='ltr'>id</span> <span class='ocrx_word' id='word_1_235' title='bbox 669 1414 828 1451; x_wconf 84' lang='lat' dir='ltr'>damnare,</span> <span class='ocrx_word' id='word_1_236' title='bbox 851 1414 936 1455; x_wconf 91' lang='lat' dir='ltr'>quod</span> <span class='ocrx_word' id='word_1_237' title='bbox 961 1414 1066 1445; x_wconf 81' lang='lat' dir='ltr'>nullus</span> <span class='ocrx_word' id='word_1_238' title='bbox 1089 1415 1276 1446; x_wconf 87' lang='lat' dir='ltr'>sufficienter</span> <span class='ocrx_word' id='word_1_239' title='bbox 1292 1414 1419 1458; x_wconf 86' lang='lat' dir='ltr'>exsequi</span> <span class='ocrx_word' id='word_1_240' title='bbox 1434 1423 1549 1458; x_wconf 88' lang='lat' dir='ltr'>potest,</span> 
     </span>
     <span class='ocr_line' id='line_1_23' title="bbox 80 1468 1548 1515; baseline 0.003 -15"><span class='ocrx_word' id='word_1_241' title='bbox 80 1470 142 1501; x_wconf 89' lang='lat' dir='ltr'>nisi</span> <span class='ocrx_word' id='word_1_242' title='bbox 172 1475 281 1500; x_wconf 86' lang='lat' dir='ltr'>natura</span> <span class='ocrx_word' id='word_1_243' title='bbox 308 1469 350 1499; x_wconf 85' lang='lat' dir='ltr'>sit</span> <span class='ocrx_word' id='word_1_244' title='bbox 387 1469 561 1510; x_wconf 90' lang='lat' dir='ltr'>perspicax,</span> <span class='ocrx_word' id='word_1_245' title='bbox 593 1478 722 1505; x_wconf 88' lang='lat' dir='ltr'>memor,</span> <span class='ocrx_word' id='word_1_246' title='bbox 751 1468 947 1509; x_wconf 78' lang='lat' dir='ltr'>magnificuS,</span> <span class='ocrx_word' id='word_1_247' title='bbox 975 1469 1139 1509; x_wconf 84' lang='lat' dir='ltr'>gratiosus,</span> <span class='ocrx_word' id='word_1_248' title='bbox 1173 1469 1291 1500; x_wconf 86' lang='lat' dir='ltr'>amicus</span> <span class='ocrx_word' id='word_1_249' title='bbox 1328 1469 1548 1515; x_wconf 84' lang='lat' dir='ltr'>familiarisque</span> 
     </span>
     <span class='ocr_line' id='line_1_24' title="bbox 80 1522 1552 1564; baseline -0.001 -10"><span class='ocrx_word' id='word_1_250' title='bbox 80 1522 384 1563; x_wconf 81' lang='lat' dir='ltr'>veritatis,justitiae,</span> <span class='ocrx_word' id='word_1_251' title='bbox 400 1523 603 1563; x_wconf 77' lang='lat' dir='ltr'>fortitudinis,</span> <span class='ocrx_word' id='word_1_252' title='bbox 619 1523 856 1562; x_wconf 81' lang='lat' dir='ltr'>ternperantiae?</span> <span class='ocrx_word' id='word_1_253' title='bbox 901 1522 1016 1554; x_wconf 79' lang='lat' dir='ltr'>GLAU.</span> <span class='ocrx_word' id='word_1_254' title='bbox 1042 1523 1093 1554; x_wconf 87' lang='lat' dir='ltr'>Ne</span> <span class='ocrx_word' id='word_1_255' title='bbox 1120 1524 1248 1554; x_wconf 86' lang='lat' dir='ltr'>Momus</span> <span class='ocrx_word' id='word_1_256' title='bbox 1274 1524 1400 1564; x_wconf 86' lang='lat' dir='ltr'>quidem</span> <span class='ocrx_word' id='word_1_257' title='bbox 1425 1525 1456 1556; x_wconf 87' lang='lat' dir='ltr'>id</span> <span class='ocrx_word' id='word_1_258' title='bbox 1484 1538 1552 1558; x_wconf 88' lang='lat' dir='ltr'>car.</span> 
     </span>
     <span class='ocr_line' id='line_1_25' title="bbox 78 1575 1547 1621; baseline 0.002 -13"><span class='ocrx_word' id='word_1_259' title='bbox 78 1583 179 1619; x_wconf 89' lang='lat' dir='ltr'>peret.</span> <span class='ocrx_word' id='word_1_260' title='bbox 226 1577 282 1608; x_wconf 86' lang='lat' dir='ltr'>So.</span> <span class='ocrx_word' id='word_1_261' title='bbox 306 1576 423 1606; x_wconf 85' lang='lat' dir='ltr'>Nonne</span> <span class='ocrx_word' id='word_1_262' title='bbox 450 1575 499 1606; x_wconf 86' lang='lat' dir='ltr'>his</span> <span class='ocrx_word' id='word_1_263' title='bbox 529 1575 615 1616; x_wconf 88' lang='lat' dir='ltr'>solis,</span> <span class='ocrx_word' id='word_1_264' title='bbox 645 1575 819 1605; x_wconf 89' lang='lat' dir='ltr'>eruditione</span> <span class='ocrx_word' id='word_1_265' title='bbox 851 1575 976 1605; x_wconf 87' lang='lat' dir='ltr'>tandem</span> <span class='ocrx_word' id='word_1_266' title='bbox 1007 1580 1039 1606; x_wconf 91' lang='lat' dir='ltr'>et</span> <span class='ocrx_word' id='word_1_267' title='bbox 1069 1581 1161 1607; x_wconf 81' lang='lat' dir='ltr'>aetate</span> <span class='ocrx_word' id='word_1_268' title='bbox 1191 1577 1348 1618; x_wconf 86' lang='lat' dir='ltr'>perfectis,</span> <span class='ocrx_word' id='word_1_269' title='bbox 1373 1589 1436 1610; x_wconf 89' lang='lat' dir='ltr'>rem</span> <span class='ocrx_word' id='word_1_270' title='bbox 1468 1581 1547 1621; x_wconf 85' lang='lat' dir='ltr'>pub—</span> 
     </span>
     <span class='ocr_line' id='line_1_26' title="bbox 79 1628 1548 1672; baseline 0.002 -10"><span class='ocrx_word' id='word_1_271' title='bbox 79 1632 169 1663; x_wconf 89' lang='lat' dir='ltr'>licam</span> <span class='ocrx_word' id='word_1_272' title='bbox 198 1630 349 1672; x_wconf 84' lang='lat' dir='ltr'>praebebis</span> <span class='ocrx_word' id='word_1_273' title='bbox 375 1629 676 1661; x_wconf 85' lang='lat' dir='ltr'>administrandam?</span> <span class='ocrx_word' id='word_1_274' title='bbox 721 1629 805 1660; x_wconf 83' lang='lat' dir='ltr'>Am.</span> <span class='ocrx_word' id='word_1_275' title='bbox 829 1628 933 1659; x_wconf 80' lang='lat' dir='ltr'>Nemo</span> <span class='ocrx_word' id='word_1_276' title='bbox 959 1630 998 1659; x_wconf 87' lang='lat' dir='ltr'>ad</span> <span class='ocrx_word' id='word_1_277' title='bbox 1029 1630 1096 1660; x_wconf 91' lang='lat' dir='ltr'>haec</span> <span class='ocrx_word' id='word_1_278' title='bbox 1123 1631 1179 1661; x_wconf 83' lang='lat' dir='ltr'>tibi</span> <span class='ocrx_word' id='word_1_279' title='bbox 1208 1637 1326 1672; x_wconf 79' lang='lat' dir='ltr'>posset,</span> <span class='ocrx_word' id='word_1_280' title='bbox 1342 1643 1361 1662; x_wconf 93' lang='lat' dir='ltr'>o</span> <span class='ocrx_word' id='word_1_281' title='bbox 1392 1632 1548 1672; x_wconf 82' lang='lat' dir='ltr'>Socrates,</span> 
     </span>
     <span class='ocr_line' id='line_1_27' title="bbox 80 1682 1549 1727; baseline 0.001 -11"><span class='ocrx_word' id='word_1_282' title='bbox 80 1686 318 1717; x_wconf 83' lang='lat' dir='ltr'>contradicere:</span> <span class='ocrx_word' id='word_1_283' title='bbox 358 1690 391 1715; x_wconf 91' lang='lat' dir='ltr'>at</span> <span class='ocrx_word' id='word_1_284' title='bbox 418 1695 488 1715; x_wconf 90' lang='lat' dir='ltr'>vero</span> <span class='ocrx_word' id='word_1_285' title='bbox 519 1683 563 1714; x_wconf 82' lang='lat' dir='ltr'>sic</span> <span class='ocrx_word' id='word_1_286' title='bbox 591 1682 777 1719; x_wconf 88' lang='lat' dir='ltr'>afficiuntur,</span> <span class='ocrx_word' id='word_1_287' title='bbox 807 1683 862 1725; x_wconf 93' lang='lat' dir='ltr'>qui</span> <span class='ocrx_word' id='word_1_288' title='bbox 889 1683 1021 1714; x_wconf 87' lang='lat' dir='ltr'>audiunt</span> <span class='ocrx_word' id='word_1_289' title='bbox 1050 1695 1087 1715; x_wconf 89' lang='lat' dir='ltr'>ea</span> <span class='ocrx_word' id='word_1_290' title='bbox 1116 1685 1242 1726; x_wconf 82' lang='lat' dir='ltr'>passim,</span> <span class='ocrx_word' id='word_1_291' title='bbox 1272 1696 1343 1727; x_wconf 83' lang='lat' dir='ltr'>quae</span> <span class='ocrx_word' id='word_1_292' title='bbox 1373 1692 1405 1716; x_wconf 90' lang='lat' dir='ltr'>tu</span> <span class='ocrx_word' id='word_1_293' title='bbox 1435 1697 1549 1720; x_wconf 81' lang='lat' dir='ltr'>narras.</span> 
     </span>
     <span class='ocr_line' id='line_1_28' title="bbox 80 1737 1549 1781; baseline 0.002 -11"><span class='ocrx_word' id='word_1_294' title='bbox 80 1750 151 1770; x_wconf 84' lang='lat' dir='ltr'>narn</span> <span class='ocrx_word' id='word_1_295' title='bbox 169 1744 296 1781; x_wconf 88' lang='lat' dir='ltr'>propter</span> <span class='ocrx_word' id='word_1_296' title='bbox 311 1738 493 1780; x_wconf 71' lang='lat' dir='ltr'>imperitiam</span> <span class='ocrx_word' id='word_1_297' title='bbox 520 1737 732 1779; x_wconf 85' lang='lat' dir='ltr'>interrogandi</span> <span class='ocrx_word' id='word_1_298' title='bbox 758 1748 794 1768; x_wconf 90' lang='lat' dir='ltr'>ac</span> <span class='ocrx_word' id='word_1_299' title='bbox 819 1738 1029 1779; x_wconf 87' lang='lat' dir='ltr'>respondendi</span> <span class='ocrx_word' id='word_1_300' title='bbox 1055 1739 1094 1769; x_wconf 89' lang='lat' dir='ltr'>ad</span> <span class='ocrx_word' id='word_1_301' title='bbox 1119 1738 1243 1780; x_wconf 85' lang='lat' dir='ltr'>singula</span> <span class='ocrx_word' id='word_1_302' title='bbox 1265 1749 1335 1780; x_wconf 82' lang='lat' dir='ltr'>quae</span> <span class='ocrx_word' id='word_1_303' title='bbox 1362 1750 1455 1780; x_wconf 87' lang='lat' dir='ltr'>parva</span> <span class='ocrx_word' id='word_1_304' title='bbox 1479 1753 1549 1773; x_wconf 87' lang='lat' dir='ltr'>sen-</span> 
     </span>
     <span class='ocr_line' id='line_1_29' title="bbox 82 1791 1548 1834; baseline 0.001 -10"><span class='ocrx_word' id='word_1_305' title='bbox 82 1794 138 1824; x_wconf 88' lang='lat' dir='ltr'>sim</span> <span class='ocrx_word' id='word_1_306' title='bbox 165 1793 306 1830; x_wconf 86' lang='lat' dir='ltr'>deducti,</span> <span class='ocrx_word' id='word_1_307' title='bbox 331 1792 460 1834; x_wconf 86' lang='lat' dir='ltr'>singulis</span> <span class='ocrx_word' id='word_1_308' title='bbox 488 1792 622 1832; x_wconf 90' lang='lat' dir='ltr'>denique</span> <span class='ocrx_word' id='word_1_309' title='bbox 649 1791 751 1833; x_wconf 83' lang='lat' dir='ltr'>parvis</span> <span class='ocrx_word' id='word_1_310' title='bbox 775 1791 806 1821; x_wconf 92' lang='lat' dir='ltr'>in</span> <span class='ocrx_word' id='word_1_311' title='bbox 832 1791 1054 1832; x_wconf 86' lang='lat' dir='ltr'>disputationis</span> <span class='ocrx_word' id='word_1_312' title='bbox 1081 1792 1167 1824; x_wconf 87' lang='lat' dir='ltr'>calce</span> <span class='ocrx_word' id='word_1_313' title='bbox 1195 1793 1335 1824; x_wconf 80' lang='lat' dir='ltr'>collectis</span> <span class='ocrx_word' id='word_1_314' title='bbox 1360 1795 1548 1834; x_wconf 84' lang='lat' dir='ltr'>existimant,</span> 
     </span>
     <span class='ocr_line' id='line_1_30' title="bbox 81 1846 1549 1889; baseline 0.002 -11"><span class='ocrx_word' id='word_1_315' title='bbox 81 1852 151 1888; x_wconf 91' lang='lat' dir='ltr'>post</span> <span class='ocrx_word' id='word_1_316' title='bbox 166 1858 295 1878; x_wconf 89' lang='lat' dir='ltr'>errorem</span> <span class='ocrx_word' id='word_1_317' title='bbox 312 1852 406 1889; x_wconf 86' lang='lat' dir='ltr'>atque</span> <span class='ocrx_word' id='word_1_318' title='bbox 422 1846 576 1878; x_wconf 85' lang='lat' dir='ltr'>fallaciam</span> <span class='ocrx_word' id='word_1_319' title='bbox 602 1846 789 1877; x_wconf 84' lang='lat' dir='ltr'>contrarium</span> <span class='ocrx_word' id='word_1_320' title='bbox 816 1856 942 1887; x_wconf 89' lang='lat' dir='ltr'>quoque</span> <span class='ocrx_word' id='word_1_321' title='bbox 968 1846 1086 1888; x_wconf 88' lang='lat' dir='ltr'>aliquid</span> <span class='ocrx_word' id='word_1_322' title='bbox 1114 1848 1303 1888; x_wconf 87' lang='lat' dir='ltr'>superiorem</span> <span class='ocrx_word' id='word_1_323' title='bbox 1329 1858 1495 1889; x_wconf 88' lang='lat' dir='ltr'>emergere.</span> <span class='ocrx_word' id='word_1_324' title='bbox 1517 1857 1549 1882; x_wconf 91' lang='lat' dir='ltr'>et</span> 
     </span>
     <span class='ocr_line' id='line_1_31' title="bbox 80 1898 1547 1942; baseline 0.003 -12"><span class='ocrx_word' id='word_1_325' title='bbox 80 1901 343 1941; x_wconf 82' lang='lat' dir='ltr'>quemadmodum</span> <span class='ocrx_word' id='word_1_326' title='bbox 359 1900 414 1942; x_wconf 89' lang='lat' dir='ltr'>qui</span> <span class='ocrx_word' id='word_1_327' title='bbox 431 1900 501 1931; x_wconf 88' lang='lat' dir='ltr'>talis</span> <span class='ocrx_word' id='word_1_328' title='bbox 517 1900 622 1930; x_wconf 91' lang='lat' dir='ltr'>ludere</span> <span class='ocrx_word' id='word_1_329' title='bbox 637 1898 793 1936; x_wconf 86' lang='lat' dir='ltr'>nesciunt,</span> <span class='ocrx_word' id='word_1_330' title='bbox 811 1899 850 1929; x_wconf 85' lang='lat' dir='ltr'>ab</span> <span class='ocrx_word' id='word_1_331' title='bbox 866 1899 925 1935; x_wconf 83' lang='lat' dir='ltr'>his,</span> <span class='ocrx_word' id='word_1_332' title='bbox 942 1899 997 1940; x_wconf 89' lang='lat' dir='ltr'>qui</span> <span class='ocrx_word' id='word_1_333' title='bbox 1015 1900 1044 1930; x_wconf 89' lang='lat' dir='ltr'>in</span> <span class='ocrx_word' id='word_1_334' title='bbox 1061 1910 1098 1931; x_wconf 89' lang='lat' dir='ltr'>eo</span> <span class='ocrx_word' id='word_1_335' title='bbox 1115 1901 1189 1931; x_wconf 92' lang='lat' dir='ltr'>ludo</span> <span class='ocrx_word' id='word_1_336' title='bbox 1206 1900 1297 1941; x_wconf 86' lang='lat' dir='ltr'>periti</span> <span class='ocrx_word' id='word_1_337' title='bbox 1321 1907 1403 1938; x_wconf 88' lang='lat' dir='ltr'>sunt,</span> <span class='ocrx_word' id='word_1_338' title='bbox 1421 1904 1547 1934; x_wconf 86' lang='lat' dir='ltr'>tandem</span> 
     </span>
     <span class='ocr_line' id='line_1_32' title="bbox 82 1953 1549 1996; baseline 0.003 -12"><span class='ocrx_word' id='word_1_339' title='bbox 82 1965 180 1995; x_wconf 88' lang='lat' dir='ltr'>usque</span> <span class='ocrx_word' id='word_1_340' title='bbox 196 1955 275 1985; x_wconf 87' lang='lat' dir='ltr'>adeo</span> <span class='ocrx_word' id='word_1_341' title='bbox 302 1954 485 1986; x_wconf 70' lang='lat' dir='ltr'>coercentur</span> <span class='ocrx_word' id='word_1_342' title='bbox 506 1959 540 1984; x_wconf 90' lang='lat' dir='ltr'>et</span> <span class='ocrx_word' id='word_1_343' title='bbox 555 1953 798 1994; x_wconf 87' lang='lat' dir='ltr'>concluduntur,</span> <span class='ocrx_word' id='word_1_344' title='bbox 816 1958 850 1982; x_wconf 84' lang='lat' dir='ltr'>nt</span> <span class='ocrx_word' id='word_1_345' title='bbox 874 1953 958 1994; x_wconf 91' lang='lat' dir='ltr'>quod</span> <span class='ocrx_word' id='word_1_346' title='bbox 975 1953 1086 1990; x_wconf 85' lang='lat' dir='ltr'>ferant,</span> <span class='ocrx_word' id='word_1_347' title='bbox 1109 1964 1305 1996; x_wconf 89' lang='lat' dir='ltr'>nequaquam</span> <span class='ocrx_word' id='word_1_348' title='bbox 1323 1956 1458 1988; x_wconf 88' lang='lat' dir='ltr'>habeant</span> <span class='ocrx_word' id='word_1_349' title='bbox 1474 1969 1480 1987; x_wconf 75' lang='grc' dir='ltr'><em>τ</em></span> <span class='ocrx_word' id='word_1_350' title='bbox 1506 1958 1549 1989; x_wconf 88' lang='lat' dir='ltr'>ita</span> 
     </span>
     <span class='ocr_line' id='line_1_33' title="bbox 82 2006 1549 2050; baseline 0.003 -12"><span class='ocrx_word' id='word_1_351' title='bbox 82 2013 113 2038; x_wconf 92' lang='lat' dir='ltr'>et</span> <span class='ocrx_word' id='word_1_352' title='bbox 128 2018 160 2039; x_wconf 82' lang='lat' dir='ltr'>se</span> <span class='ocrx_word' id='word_1_353' title='bbox 176 2008 260 2049; x_wconf 90' lang='lat' dir='ltr'>ipsos</span> <span class='ocrx_word' id='word_1_354' title='bbox 285 2013 398 2049; x_wconf 88' lang='lat' dir='ltr'>putant</span> <span class='ocrx_word' id='word_1_355' title='bbox 414 2007 484 2048; x_wconf 84' lang='lat' dir='ltr'>cogi</span> <span class='ocrx_word' id='word_1_356' title='bbox 511 2007 637 2038; x_wconf 89' lang='lat' dir='ltr'>tandem</span> <span class='ocrx_word' id='word_1_357' title='bbox 653 2006 876 2048; x_wconf 87' lang='lat' dir='ltr'>concludique,</span> <span class='ocrx_word' id='word_1_358' title='bbox 897 2017 955 2038; x_wconf 90' lang='lat' dir='ltr'>nec</span> <span class='ocrx_word' id='word_1_359' title='bbox 971 2008 1083 2039; x_wconf 90' lang='lat' dir='ltr'>habere</span> <span class='ocrx_word' id='word_1_360' title='bbox 1099 2009 1183 2050; x_wconf 91' lang='lat' dir='ltr'>quod</span> <span class='ocrx_word' id='word_1_361' title='bbox 1200 2009 1319 2045; x_wconf 89' lang='lat' dir='ltr'>dicant,</span> <span class='ocrx_word' id='word_1_362' title='bbox 1336 2011 1436 2041; x_wconf 89' lang='lat' dir='ltr'>verbis</span> <span class='ocrx_word' id='word_1_363' title='bbox 1452 2012 1549 2043; x_wconf 88' lang='lat' dir='ltr'>veluti</span> 
     </span>
     <span class='ocr_line' id='line_1_34' title="bbox 81 2060 1548 2107; baseline 0.003 -15"><span class='ocrx_word' id='word_1_364' title='bbox 81 2061 210 2093; x_wconf 87' lang='lat' dir='ltr'>calculis</span> <span class='ocrx_word' id='word_1_365' title='bbox 225 2061 442 2092; x_wconf 86' lang='lat' dir='ltr'>circumclusos</span> <span class='ocrx_word' id='word_1_366' title='bbox 457 2073 463 2092; x_wconf 91' lang='lat'>:</span> <span class='ocrx_word' id='word_1_367' title='bbox 489 2060 744 2102; x_wconf 88' lang='lat' dir='ltr'>quandoquidem</span> <span class='ocrx_word' id='word_1_368' title='bbox 767 2071 871 2091; x_wconf 86' lang='lat' dir='ltr'>verum</span> <span class='ocrx_word' id='word_1_369' title='bbox 898 2061 938 2092; x_wconf 90' lang='lat' dir='ltr'>sit</span> <span class='ocrx_word' id='word_1_370' title='bbox 959 2062 1035 2092; x_wconf 88' lang='lat' dir='ltr'>nihil</span> <span class='ocrx_word' id='word_1_371' title='bbox 1058 2064 1125 2094; x_wconf 89' lang='lat' dir='ltr'>haec</span> <span class='ocrx_word' id='word_1_372' title='bbox 1141 2064 1203 2094; x_wconf 92' lang='lat' dir='ltr'>duo</span> <span class='ocrx_word' id='word_1_373' title='bbox 1218 2063 1298 2094; x_wconf 84' lang='lat' dir='ltr'>inter</span> <span class='ocrx_word' id='word_1_374' title='bbox 1313 2074 1345 2094; x_wconf 91' lang='lat' dir='ltr'>se</span> <span class='ocrx_word' id='word_1_375' title='bbox 1361 2064 1548 2107; x_wconf 87' lang='lat' dir='ltr'>discrepare.</span> 
     </span>
     <span class='ocr_line' id='line_1_35' title="bbox 81 2114 1548 2161; baseline 0.003 -15"><span class='ocrx_word' id='word_1_376' title='bbox 81 2115 153 2147; x_wconf 86' lang='lat' dir='ltr'>dico</span> <span class='ocrx_word' id='word_1_377' title='bbox 168 2120 271 2146; x_wconf 85' lang='lat' dir='ltr'>autem</span> <span class='ocrx_word' id='word_1_378' title='bbox 287 2116 353 2146; x_wconf 79' lang='lat' dir='ltr'>haec</span> <span class='ocrx_word' id='word_1_379' title='bbox 369 2115 618 2146; x_wconf 87' lang='lat' dir='ltr'>animadvertens</span> <span class='ocrx_word' id='word_1_380' title='bbox 636 2114 810 2156; x_wconf 70' lang='lat' dir='ltr'>praesentia.</span> <span class='ocrx_word' id='word_1_381' title='bbox 855 2115 938 2146; x_wconf 86' lang='lat' dir='ltr'>Nam</span> <span class='ocrx_word' id='word_1_382' title='bbox 954 2126 1038 2148; x_wconf 90' lang='lat' dir='ltr'>nunc</span> <span class='ocrx_word' id='word_1_383' title='bbox 1054 2118 1180 2158; x_wconf 90' lang='lat' dir='ltr'>quidem</span> <span class='ocrx_word' id='word_1_384' title='bbox 1193 2117 1312 2149; x_wconf 90' lang='lat' dir='ltr'>diceret</span> <span class='ocrx_word' id='word_1_385' title='bbox 1322 2118 1378 2149; x_wconf 84' lang='lat' dir='ltr'>tibi</span> <span class='ocrx_word' id='word_1_386' title='bbox 1393 2119 1548 2161; x_wconf 79' lang='lat' dir='ltr'>quispiam</span> 
     </span>
     <span class='ocr_line' id='line_1_36' title="bbox 80 2168 1549 2213; baseline 0.003 -14"><span class='ocrx_word' id='word_1_387' title='bbox 80 2169 140 2207; x_wconf 85' lang='lat' dir='ltr'>his,</span> <span class='ocrx_word' id='word_1_388' title='bbox 155 2179 225 2210; x_wconf 81' lang='lat' dir='ltr'>quae</span> <span class='ocrx_word' id='word_1_389' title='bbox 241 2174 467 2210; x_wconf 85' lang='lat' dir='ltr'>proponuntur,</span> <span class='ocrx_word' id='word_1_390' title='bbox 484 2168 583 2199; x_wconf 89' lang='lat' dir='ltr'>verbis</span> <span class='ocrx_word' id='word_1_391' title='bbox 599 2169 754 2200; x_wconf 88' lang='lat' dir='ltr'>adversari</span> <span class='ocrx_word' id='word_1_392' title='bbox 769 2179 832 2199; x_wconf 90' lang='lat' dir='ltr'>non</span> <span class='ocrx_word' id='word_1_393' title='bbox 849 2180 952 2211; x_wconf 86' lang='lat' dir='ltr'>posse,</span> <span class='ocrx_word' id='word_1_394' title='bbox 968 2181 999 2201; x_wconf 92' lang='lat' dir='ltr'>re</span> <span class='ocrx_word' id='word_1_395' title='bbox 1014 2176 1116 2202; x_wconf 86' lang='lat' dir='ltr'>autem</span> <span class='ocrx_word' id='word_1_396' title='bbox 1133 2172 1199 2212; x_wconf 91' lang='lat' dir='ltr'>ipsa</span> <span class='ocrx_word' id='word_1_397' title='bbox 1215 2177 1406 2213; x_wconf 87' lang='lat' dir='ltr'>compertum</span> <span class='ocrx_word' id='word_1_398' title='bbox 1424 2173 1549 2212; x_wconf 85' lang='lat' dir='ltr'>habere,</span> 
     </span>
     <span class='ocr_line' id='line_1_37' title="bbox 80 2223 1550 2265; baseline 0.003 -11"><span class='ocrx_word' id='word_1_399' title='bbox 80 2229 282 2265; x_wconf 87' lang='lat' dir='ltr'>quotcunque</span> <span class='ocrx_word' id='word_1_400' title='bbox 299 2223 505 2265; x_wconf 77' lang='lat' dir='ltr'>philosophia:</span> <span class='ocrx_word' id='word_1_401' title='bbox 531 2223 668 2254; x_wconf 83' lang='lat' dir='ltr'>studium</span> <span class='ocrx_word' id='word_1_402' title='bbox 684 2223 820 2265; x_wconf 85' lang='lat' dir='ltr'>aggressi</span> <span class='ocrx_word' id='word_1_403' title='bbox 844 2223 889 2255; x_wconf 89' lang='lat' dir='ltr'>ita</span> <span class='ocrx_word' id='word_1_404' title='bbox 915 2224 948 2255; x_wconf 88' lang='lat' dir='ltr'>in</span> <span class='ocrx_word' id='word_1_405' title='bbox 974 2236 1012 2256; x_wconf 88' lang='lat' dir='ltr'>eo</span> <span class='ocrx_word' id='word_1_406' title='bbox 1039 2231 1208 2263; x_wconf 87' lang='lat' dir='ltr'>versantur,</span> <span class='ocrx_word' id='word_1_407' title='bbox 1225 2231 1259 2256; x_wconf 91' lang='lat' dir='ltr'>ut</span> <span class='ocrx_word' id='word_1_408' title='bbox 1284 2237 1348 2256; x_wconf 92' lang='lat' dir='ltr'>non</span> <span class='ocrx_word' id='word_1_409' title='bbox 1364 2227 1550 2259; x_wconf 87' lang='lat' dir='ltr'>eruditionis</span> 
     </span>
     <span class='ocr_line' id='line_1_38' title="bbox 80 2276 1549 2320; baseline 0.003 -13"><span class='ocrx_word' id='word_1_410' title='bbox 80 2276 178 2318; x_wconf 86' lang='lat' dir='ltr'>gratia</span> <span class='ocrx_word' id='word_1_411' title='bbox 208 2278 379 2319; x_wconf 85' lang='lat' dir='ltr'>degustatis</span> <span class='ocrx_word' id='word_1_412' title='bbox 413 2277 620 2318; x_wconf 64' lang='lat' dir='ltr'>philosoptuiae</span> <span class='ocrx_word' id='word_1_413' title='bbox 650 2278 814 2319; x_wconf 79' lang='lat' dir='ltr'>praeceptis</span> <span class='ocrx_word' id='word_1_414' title='bbox 841 2278 975 2320; x_wconf 88' lang='lat' dir='ltr'>juvenes</span> <span class='ocrx_word' id='word_1_415' title='bbox 1003 2280 1106 2311; x_wconf 88' lang='lat' dir='ltr'>adhuc</span> <span class='ocrx_word' id='word_1_416' title='bbox 1134 2280 1309 2317; x_wconf 88' lang='lat' dir='ltr'>discedant,</span> <span class='ocrx_word' id='word_1_417' title='bbox 1340 2281 1393 2311; x_wconf 91' lang='lat' dir='ltr'>sed</span> <span class='ocrx_word' id='word_1_418' title='bbox 1432 2281 1549 2312; x_wconf 85' lang='lat' dir='ltr'>diutius</span> 
     </span>
     <span class='ocr_line' id='line_1_39' title="bbox 81 2331 1547 2372; baseline 0.002 -11"><span class='ocrx_word' id='word_1_419' title='bbox 81 2332 291 2367; x_wconf 80' lang='lat' dir='ltr'>immorentur,</span> <span class='ocrx_word' id='word_1_420' title='bbox 315 2342 367 2362; x_wconf 85' lang='lat' dir='ltr'>eos</span> <span class='ocrx_word' id='word_1_421' title='bbox 394 2336 428 2361; x_wconf 89' lang='lat' dir='ltr'>ut</span> <span class='ocrx_word' id='word_1_422' title='bbox 454 2331 619 2372; x_wconf 83' lang='lat' dir='ltr'>plurimum</span> <span class='ocrx_word' id='word_1_423' title='bbox 649 2332 798 2363; x_wconf 85' lang='lat' dir='ltr'>absurdos</span> <span class='ocrx_word' id='word_1_424' title='bbox 825 2333 993 2364; x_wconf 86' lang='lat' dir='ltr'>admodum</span> <span class='ocrx_word' id='word_1_425' title='bbox 1025 2335 1155 2365; x_wconf 82' lang='lat' dir='ltr'>evadere</span> <span class='ocrx_word' id='word_1_426' title='bbox 1182 2339 1213 2365; x_wconf 90' lang='lat' dir='ltr'>et</span> <span class='ocrx_word' id='word_1_427' title='bbox 1236 2345 1254 2364; x_wconf 89' lang='lat' dir='ltr'>a</span> <span class='ocrx_word' id='word_1_428' title='bbox 1280 2335 1370 2365; x_wconf 88' lang='lat' dir='ltr'>rebus</span> <span class='ocrx_word' id='word_1_429' title='bbox 1386 2335 1547 2365; x_wconf 90' lang='lat' dir='ltr'>hominum</span> 
     </span>
     <span class='ocr_line' id='line_1_40' title="bbox 80 2384 1548 2429; baseline 0.003 -15"><span class='ocrx_word' id='word_1_430' title='bbox 80 2384 212 2426; x_wconf 85' lang='lat' dir='ltr'>alienos,</span> <span class='ocrx_word' id='word_1_431' title='bbox 227 2394 266 2415; x_wconf 86' lang='lat' dir='ltr'>ne</span> <span class='ocrx_word' id='word_1_432' title='bbox 281 2384 490 2425; x_wconf 86' lang='lat' dir='ltr'>iniquissimos</span> <span class='ocrx_word' id='word_1_433' title='bbox 513 2384 704 2416; x_wconf 87' lang='lat' dir='ltr'>dixerimus:</span> <span class='ocrx_word' id='word_1_434' title='bbox 730 2386 753 2416; x_wconf 85' lang='lat' dir='ltr'>si</span> <span class='ocrx_word' id='word_1_435' title='bbox 770 2387 822 2428; x_wconf 88' lang='lat' dir='ltr'>qui</span> <span class='ocrx_word' id='word_1_436' title='bbox 841 2399 912 2418; x_wconf 88' lang='lat' dir='ltr'>vero</span> <span class='ocrx_word' id='word_1_437' title='bbox 930 2389 1154 2429; x_wconf 70' lang='lat' dir='ltr'>praestantiores</span> <span class='ocrx_word' id='word_1_438' title='bbox 1177 2388 1350 2424; x_wconf 86' lang='lat' dir='ltr'>videantur,</span> <span class='ocrx_word' id='word_1_439' title='bbox 1368 2394 1470 2419; x_wconf 88' lang='lat' dir='ltr'>tamen</span> <span class='ocrx_word' id='word_1_440' title='bbox 1488 2389 1548 2421; x_wconf 90' lang='lat' dir='ltr'>hoc</span> 
     </span>
     <span class='ocr_line' id='line_1_41' title="bbox 81 2438 1548 2482; baseline 0.003 -14"><span class='ocrx_word' id='word_1_441' title='bbox 81 2439 198 2475; x_wconf 88' lang='lat' dir='ltr'>studio,</span> <span class='ocrx_word' id='word_1_442' title='bbox 214 2438 298 2479; x_wconf 90' lang='lat' dir='ltr'>quod</span> <span class='ocrx_word' id='word_1_443' title='bbox 314 2438 382 2479; x_wconf 86' lang='lat' dir='ltr'>ipse</span> <span class='ocrx_word' id='word_1_444' title='bbox 398 2438 518 2475; x_wconf 87' lang='lat' dir='ltr'>laudas,</span> <span class='ocrx_word' id='word_1_445' title='bbox 535 2438 577 2470; x_wconf 86' lang='lat' dir='ltr'>ita</span> <span class='ocrx_word' id='word_1_446' title='bbox 601 2439 766 2480; x_wconf 88' lang='lat' dir='ltr'>inquinari,</span> <span class='ocrx_word' id='word_1_447' title='bbox 784 2446 818 2471; x_wconf 91' lang='lat' dir='ltr'>ut</span> <span class='ocrx_word' id='word_1_448' title='bbox 839 2442 966 2472; x_wconf 88' lang='lat' dir='ltr'>inutiles</span> <span class='ocrx_word' id='word_1_449' title='bbox 981 2442 1116 2472; x_wconf 83' lang='lat' dir='ltr'>evadant</span> <span class='ocrx_word' id='word_1_450' title='bbox 1131 2443 1169 2472; x_wconf 90' lang='lat' dir='ltr'>ad</span> <span class='ocrx_word' id='word_1_451' title='bbox 1186 2452 1247 2473; x_wconf 89' lang='lat' dir='ltr'>rem</span> <span class='ocrx_word' id='word_1_452' title='bbox 1266 2441 1421 2482; x_wconf 89' lang='lat' dir='ltr'>publicam</span> <span class='ocrx_word' id='word_1_453' title='bbox 1438 2443 1548 2482; x_wconf 87' lang='lat' dir='ltr'>guber·</span> 
     </span>
     <span class='ocr_line' id='line_1_42' title="bbox 81 2491 1546 2536; baseline 0.003 -14"><span class='ocrx_word' id='word_1_454' title='bbox 81 2493 228 2523; x_wconf 87' lang='lat' dir='ltr'>nandam.</span> <span class='ocrx_word' id='word_1_455' title='bbox 273 2492 327 2523; x_wconf 89' lang='lat' dir='ltr'>SO.</span> <span class='ocrx_word' id='word_1_456' title='bbox 345 2491 462 2523; x_wconf 82' lang='lat' dir='ltr'>Censes</span> <span class='ocrx_word' id='word_1_457' title='bbox 478 2493 559 2529; x_wconf 90' lang='lat' dir='ltr'>illos,</span> <span class='ocrx_word' id='word_1_458' title='bbox 574 2494 627 2534; x_wconf 92' lang='lat' dir='ltr'>qui</span> <span class='ocrx_word' id='word_1_459' title='bbox 642 2495 706 2525; x_wconf 86' lang='lat' dir='ltr'>haec</span> <span class='ocrx_word' id='word_1_460' title='bbox 721 2495 819 2533; x_wconf 87' lang='lat' dir='ltr'>aiunt,</span> <span class='ocrx_word' id='word_1_461' title='bbox 836 2496 984 2526; x_wconf 85' lang='lat' dir='ltr'>mentiri?</span> <span class='ocrx_word' id='word_1_462' title='bbox 1014 2495 1098 2528; x_wconf 74' lang='lat' dir='ltr'>Am,</span> <span class='ocrx_word' id='word_1_463' title='bbox 1123 2496 1216 2526; x_wconf 87' lang='lat' dir='ltr'>Haud</span> <span class='ocrx_word' id='word_1_464' title='bbox 1231 2496 1302 2525; x_wconf 89' lang='lat' dir='ltr'>novi</span> <span class='ocrx_word' id='word_1_465' title='bbox 1319 2495 1477 2536; x_wconf 86' lang='lat' dir='ltr'>equidem,</span> <span class='ocrx_word' id='word_1_466' title='bbox 1493 2497 1546 2527; x_wconf 87' lang='lat' dir='ltr'>sed</span> 
     </span>
     <span class='ocr_line' id='line_1_43' title="bbox 81 2545 1548 2591; baseline 0.003 -15"><span class='ocrx_word' id='word_1_467' title='bbox 81 2546 157 2587; x_wconf 88' lang='lat' dir='ltr'>quid</span> <span class='ocrx_word' id='word_1_468' title='bbox 172 2545 241 2587; x_wconf 83' lang='lat' dir='ltr'>ipse</span> <span class='ocrx_word' id='word_1_469' title='bbox 258 2546 385 2581; x_wconf 83' lang='lat' dir='ltr'>sentias,</span> <span class='ocrx_word' id='word_1_470' title='bbox 400 2545 532 2577; x_wconf 88' lang='lat' dir='ltr'>libenter</span> <span class='ocrx_word' id='word_1_471' title='bbox 547 2548 696 2580; x_wconf 87' lang='lat' dir='ltr'>audirem.</span> <span class='ocrx_word' id='word_1_472' title='bbox 742 2547 799 2581; x_wconf 88' lang='lat' dir='ltr'>So.</span> <span class='ocrx_word' id='word_1_473' title='bbox 823 2551 945 2581; x_wconf 81' lang='lat' dir='ltr'>Audies</span> <span class='ocrx_word' id='word_1_474' title='bbox 959 2556 1054 2586; x_wconf 84' lang='lat' dir='ltr'>certe,</span> <span class='ocrx_word' id='word_1_475' title='bbox 1071 2550 1094 2580; x_wconf 86' lang='lat' dir='ltr'>si</span> <span class='ocrx_word' id='word_1_476' title='bbox 1110 2550 1143 2580; x_wconf 88' lang='lat' dir='ltr'>id</span> <span class='ocrx_word' id='word_1_477' title='bbox 1161 2560 1259 2590; x_wconf 88' lang='lat' dir='ltr'>roges,</span> <span class='ocrx_word' id='word_1_478' title='bbox 1276 2550 1360 2591; x_wconf 90' lang='lat' dir='ltr'>quod</span> <span class='ocrx_word' id='word_1_479' title='bbox 1377 2560 1448 2580; x_wconf 89' lang='lat' dir='ltr'>vera</span> <span class='ocrx_word' id='word_1_480' title='bbox 1463 2550 1548 2591; x_wconf 87' lang='lat' dir='ltr'>loqui</span> 
     </span>
     <span class='ocr_line' id='line_1_44' title="bbox 81 2599 1549 2645; baseline 0.003 -15"><span class='ocrx_word' id='word_1_481' title='bbox 81 2599 157 2631; x_wconf 86' lang='lat' dir='ltr'>mihi</span> <span class='ocrx_word' id='word_1_482' title='bbox 181 2600 333 2632; x_wconf 87' lang='lat' dir='ltr'>videntur.</span> <span class='ocrx_word' id='word_1_483' title='bbox 377 2600 457 2631; x_wconf 82' lang='lat' dir='ltr'>Am.</span> <span class='ocrx_word' id='word_1_484' title='bbox 483 2601 554 2637; x_wconf 87' lang='lat' dir='ltr'>Qua</span> <span class='ocrx_word' id='word_1_485' title='bbox 571 2602 688 2634; x_wconf 86' lang='lat' dir='ltr'>ratione</span> <span class='ocrx_word' id='word_1_486' title='bbox 716 2603 808 2645; x_wconf 86' lang='lat' dir='ltr'>igitur</span> <span class='ocrx_word' id='word_1_487' title='bbox 824 2610 905 2635; x_wconf 82' lang='lat' dir='ltr'>recte</span> <span class='ocrx_word' id='word_1_488' title='bbox 927 2602 958 2634; x_wconf 90' lang='lat' dir='ltr'>id</span> <span class='ocrx_word' id='word_1_489' title='bbox 981 2604 1106 2640; x_wconf 85' lang='lat' dir='ltr'>dicitur,</span> <span class='ocrx_word' id='word_1_490' title='bbox 1124 2605 1208 2644; x_wconf 85' lang='lat' dir='ltr'>quod</span> <span class='ocrx_word' id='word_1_491' title='bbox 1225 2614 1287 2633; x_wconf 88' lang='lat' dir='ltr'>non</span> <span class='ocrx_word' id='word_1_492' title='bbox 1305 2604 1387 2644; x_wconf 85' lang='lat' dir='ltr'>prius</span> <span class='ocrx_word' id='word_1_493' title='bbox 1402 2605 1459 2634; x_wconf 88' lang='lat' dir='ltr'>erit</span> <span class='ocrx_word' id='word_1_494' title='bbox 1486 2604 1549 2635; x_wconf 85' lang='lat' dir='ltr'>ulla</span> 
     </span>
     <span class='ocr_line' id='line_1_45' title="bbox 79 2654 1548 2700; baseline 0.003 -16"><span class='ocrx_word' id='word_1_495' title='bbox 79 2654 227 2684; x_wconf 89' lang='lat' dir='ltr'>malorum</span> <span class='ocrx_word' id='word_1_496' title='bbox 246 2654 366 2695; x_wconf 88' lang='lat' dir='ltr'>requies</span> <span class='ocrx_word' id='word_1_497' title='bbox 381 2654 570 2691; x_wconf 80' lang='lat' dir='ltr'>civitatibus,</span> <span class='ocrx_word' id='word_1_498' title='bbox 587 2665 679 2696; x_wconf 87' lang='lat' dir='ltr'>quam</span> <span class='ocrx_word' id='word_1_499' title='bbox 697 2657 727 2687; x_wconf 88' lang='lat' dir='ltr'>in</span> <span class='ocrx_word' id='word_1_500' title='bbox 744 2657 819 2699; x_wconf 84' lang='lat' dir='ltr'>ipsis</span> <span class='ocrx_word' id='word_1_501' title='bbox 837 2658 1014 2700; x_wconf 83' lang='lat' dir='ltr'>philosophi</span> <span class='ocrx_word' id='word_1_502' title='bbox 1031 2657 1243 2694; x_wconf 80' lang='lat' dir='ltr'>dominentur,</span> <span class='ocrx_word' id='word_1_503' title='bbox 1258 2667 1338 2699; x_wconf 86' lang='lat' dir='ltr'>quos</span> <span class='ocrx_word' id='word_1_504' title='bbox 1353 2657 1396 2689; x_wconf 90' lang='lat' dir='ltr'>rei</span> <span class='ocrx_word' id='word_1_505' title='bbox 1413 2659 1548 2699; x_wconf 83' lang='lat' dir='ltr'>publicae</span> 
     </span>
     <span class='ocr_line' id='line_1_46' title="bbox 78 2707 1549 2753; baseline 0.003 -15"><span class='ocrx_word' id='word_1_506' title='bbox 78 2707 204 2744; x_wconf 80' lang='lat' dir='ltr'>inutiles</span> <span class='ocrx_word' id='word_1_507' title='bbox 219 2718 285 2738; x_wconf 88' lang='lat' dir='ltr'>esse</span> <span class='ocrx_word' id='word_1_508' title='bbox 311 2708 468 2738; x_wconf 87' lang='lat' dir='ltr'>fatemur?</span> <span class='ocrx_word' id='word_1_509' title='bbox 515 2708 570 2740; x_wconf 84' lang='lat' dir='ltr'>So.</span> <span class='ocrx_word' id='word_1_510' title='bbox 596 2709 689 2745; x_wconf 88' lang='lat' dir='ltr'>Quod</span> <span class='ocrx_word' id='word_1_511' title='bbox 714 2712 806 2751; x_wconf 88' lang='lat' dir='ltr'>petis,</span> <span class='ocrx_word' id='word_1_512' title='bbox 829 2712 1030 2753; x_wconf 79' lang='lat' dir='ltr'>responsione</span> <span class='ocrx_word' id='word_1_513' title='bbox 1056 2712 1176 2751; x_wconf 85' lang='lat' dir='ltr'>indiget</span> <span class='ocrx_word' id='word_1_514' title='bbox 1192 2721 1245 2751; x_wconf 90' lang='lat' dir='ltr'>per</span> <span class='ocrx_word' id='word_1_515' title='bbox 1260 2711 1427 2752; x_wconf 86' lang='lat' dir='ltr'>imaginem</span> <span class='ocrx_word' id='word_1_516' title='bbox 1449 2722 1549 2753; x_wconf 80' lang='lat' dir='ltr'>quan-</span> 
     </span>
     <span class='ocr_line' id='line_1_47' title="bbox 82 2761 1551 2806; baseline 0.005 -15"><span class='ocrx_word' id='word_1_517' title='bbox 82 2762 153 2792; x_wconf 91' lang='lat' dir='ltr'>dam</span> <span class='ocrx_word' id='word_1_518' title='bbox 168 2762 307 2793; x_wconf 83' lang='lat' dir='ltr'>inducta.</span> <span class='ocrx_word' id='word_1_519' title='bbox 352 2761 434 2792; x_wconf 76' lang='lat' dir='ltr'>Ani.</span> <span class='ocrx_word' id='word_1_520' title='bbox 458 2761 502 2791; x_wconf 80' lang='lat' dir='ltr'>At</span> <span class='ocrx_word' id='word_1_521' title='bbox 527 2767 558 2792; x_wconf 89' lang='lat' dir='ltr'>tu</span> <span class='ocrx_word' id='word_1_522' title='bbox 578 2774 631 2803; x_wconf 85' lang='lat' dir='ltr'>per</span> <span class='ocrx_word' id='word_1_523' title='bbox 657 2764 891 2796; x_wconf 85' lang='lat' dir='ltr'>similitudinem</span> <span class='ocrx_word' id='word_1_524' title='bbox 919 2766 1017 2806; x_wconf 88' lang='lat' dir='ltr'>loqui,</span> <span class='ocrx_word' id='word_1_525' title='bbox 1045 2771 1079 2795; x_wconf 85' lang='lat' dir='ltr'>ut</span> <span class='ocrx_word' id='word_1_526' title='bbox 1105 2765 1243 2801; x_wconf 75' lang='lat' dir='ltr'>arbitror,</span> <span class='ocrx_word' id='word_1_527' title='bbox 1261 2775 1322 2795; x_wconf 91' lang='lat' dir='ltr'>non</span> <span class='ocrx_word' id='word_1_528' title='bbox 1348 2767 1551 2799; x_wconf 87' lang='lat' dir='ltr'>consuevisti.</span> 
     </span>
     <span class='ocr_line' id='line_1_48' title="bbox 82 2815 1547 2861; baseline 0.003 -16"><span class='ocrx_word' id='word_1_529' title='bbox 82 2815 136 2846; x_wconf 85' lang='lat' dir='ltr'>So.</span> <span class='ocrx_word' id='word_1_530' title='bbox 160 2815 211 2845; x_wconf 87' lang='lat' dir='ltr'>An</span> <span class='ocrx_word' id='word_1_531' title='bbox 239 2816 372 2854; x_wconf 77' lang='lat' dir='ltr'>mordes,</span> <span class='ocrx_word' id='word_1_532' title='bbox 398 2826 467 2846; x_wconf 89' lang='lat' dir='ltr'>cum</span> <span class='ocrx_word' id='word_1_533' title='bbox 500 2827 547 2846; x_wconf 88' lang='lat' dir='ltr'>mc</span> <span class='ocrx_word' id='word_1_534' title='bbox 578 2817 608 2846; x_wconf 89' lang='lat' dir='ltr'>in</span> <span class='ocrx_word' id='word_1_535' title='bbox 635 2828 805 2849; x_wconf 82' lang='lat' dir='ltr'>sermonem</span> <span class='ocrx_word' id='word_1_536' title='bbox 834 2819 993 2861; x_wconf 69' lang='lat' dir='ltr'>impuleris</span> <span class='ocrx_word' id='word_1_537' title='bbox 1019 2820 1098 2849; x_wconf 66' lang='lat' dir='ltr'>atlco</span> <span class='ocrx_word' id='word_1_538' title='bbox 1123 2820 1333 2849; x_wconf 86' lang='lat' dir='ltr'>demonstratu</span> <span class='ocrx_word' id='word_1_539' title='bbox 1361 2819 1547 2850; x_wconf 83' lang='lat' dir='ltr'>difficilem?</span> 
     </span>
     <span class='ocr_line' id='line_1_49' title="bbox 83 2867 1545 2915; baseline 0.004 -18"><span class='ocrx_word' id='word_1_540' title='bbox 83 2867 169 2898; x_wconf 82' lang='lat' dir='ltr'>Audi</span> <span class='ocrx_word' id='word_1_541' title='bbox 194 2879 266 2910; x_wconf 82' lang='lat' dir='ltr'>ergo</span> <span class='ocrx_word' id='word_1_542' title='bbox 293 2869 539 2906; x_wconf 83' lang='lat' dir='ltr'>similitudinem,</span> <span class='ocrx_word' id='word_1_543' title='bbox 559 2870 655 2913; x_wconf 75' lang='lat'><strong>[488]</strong></span> <span class='ocrx_word' id='word_1_544' title='bbox 686 2877 720 2902; x_wconf 90' lang='lat' dir='ltr'>ut</span> <span class='ocrx_word' id='word_1_545' title='bbox 747 2874 883 2915; x_wconf 80' lang='lat' dir='ltr'>apertius</span> <span class='ocrx_word' id='word_1_546' title='bbox 910 2884 1092 2914; x_wconf 79' lang='lat' dir='ltr'>cognoscas,</span> <span class='ocrx_word' id='word_1_547' title='bbox 1121 2883 1212 2913; x_wconf 87' lang='lat' dir='ltr'>quam</span> <span class='ocrx_word' id='word_1_548' title='bbox 1242 2883 1331 2913; x_wconf 89' lang='lat' dir='ltr'>parce</span> <span class='ocrx_word' id='word_1_549' title='bbox 1359 2882 1545 2913; x_wconf 81' lang='lat' dir='ltr'>comparem.</span> 
     </span>
     <span class='ocr_line' id='line_1_50' title="bbox 83 2923 1546 2968; baseline 0.003 -18"><span class='ocrx_word' id='word_1_550' title='bbox 83 2931 180 2962; x_wconf 87' lang='lat' dir='ltr'>usque</span> <span class='ocrx_word' id='word_1_551' title='bbox 197 2923 274 2953; x_wconf 86' lang='lat' dir='ltr'>adeo</span> <span class='ocrx_word' id='word_1_552' title='bbox 293 2923 401 2954; x_wconf 81' lang='lat' dir='ltr'>(lurum</span> <span class='ocrx_word' id='word_1_553' title='bbox 419 2929 478 2961; x_wconf 84' lang='lat' dir='ltr'>est,</span> <span class='ocrx_word' id='word_1_554' title='bbox 493 2926 577 2965; x_wconf 83' lang='lat' dir='ltr'>quod</span> <span class='ocrx_word' id='word_1_555' title='bbox 594 2931 774 2967; x_wconf 60' lang='lat' dir='ltr'>praestantes</span> <span class='ocrx_word' id='word_1_556' title='bbox 802 2928 831 2958; x_wconf 88' lang='lat' dir='ltr'>in</span> <span class='ocrx_word' id='word_1_557' title='bbox 851 2927 1048 2968; x_wconf 81' lang='lat' dir='ltr'>philosophia</span> <span class='ocrx_word' id='word_1_558' title='bbox 1075 2927 1128 2957; x_wconf 79' lang='lat' dir='ltr'>viri</span> <span class='ocrx_word' id='word_1_559' title='bbox 1145 2927 1176 2957; x_wconf 90' lang='lat' dir='ltr'>in</span> <span class='ocrx_word' id='word_1_560' title='bbox 1193 2927 1393 2967; x_wconf 82' lang='lat' dir='ltr'>gubernanda</span> <span class='ocrx_word' id='word_1_561' title='bbox 1422 2936 1451 2955; x_wconf 94' lang='lat' dir='ltr'>re</span> <span class='ocrx_word' id='word_1_562' title='bbox 1469 2926 1546 2965; x_wconf 86' lang='lat' dir='ltr'>pub-</span> 
     </span>
     <span class='ocr_line' id='line_1_51' title="bbox 82 2975 1547 3023; baseline 0.001 -17"><span class='ocrx_word' id='word_1_563' title='bbox 82 2975 140 3005; x_wconf 74' lang='lat' dir='ltr'>lica</span> <span class='ocrx_word' id='word_1_564' title='bbox 157 2975 328 3015; x_wconf 80' lang='lat' dir='ltr'>patiuntur,</span> <span class='ocrx_word' id='word_1_565' title='bbox 348 2983 378 3007; x_wconf 86' lang='lat' dir='ltr'>ut</span> <span class='ocrx_word' id='word_1_566' title='bbox 397 2978 471 3008; x_wconf 88' lang='lat' dir='ltr'>nihil</span> <span class='ocrx_word' id='word_1_567' title='bbox 500 2978 584 3009; x_wconf 79' lang='lat' dir='ltr'>aliud</span> <span class='ocrx_word' id='word_1_568' title='bbox 610 2981 648 3011; x_wconf 66' lang='lat' dir='ltr'>sit</span> <span class='ocrx_word' id='word_1_569' title='bbox 676 2992 781 3020; x_wconf 85' lang='lat' dir='ltr'>unum,</span> <span class='ocrx_word' id='word_1_570' title='bbox 799 2983 882 3023; x_wconf 87' lang='lat' dir='ltr'>quod</span> <span class='ocrx_word' id='word_1_571' title='bbox 912 2983 969 3012; x_wconf 72' lang='lat' dir='ltr'>hoe</span> <span class='ocrx_word' id='word_1_572' title='bbox 999 2981 1141 3023; x_wconf 81' lang='lat' dir='ltr'>patiatur.</span> <span class='ocrx_word' id='word_1_573' title='bbox 1165 2991 1258 3022; x_wconf 76' lang='lat' dir='ltr'>quaro</span> <span class='ocrx_word' id='word_1_574' title='bbox 1286 2985 1408 3020; x_wconf 82' lang='lat' dir='ltr'>oportet</span> <span class='ocrx_word' id='word_1_575' title='bbox 1435 2979 1494 3009; x_wconf 85' lang='lat' dir='ltr'>hoc</span> <span class='ocrx_word' id='word_1_576' title='bbox 1511 2988 1547 3007; x_wconf 76' lang='lat' dir='ltr'>ex</span> 
     </span>
    </p>
   </div>
  </div>
 </body>
</html>
