<?xml version="1.0" encoding="UTF-8"?>
<!DOCTYPE html PUBLIC "-//W3C//DTD XHTML 1.0 Transitional//EN"
    "http://www.w3.org/TR/xhtml1/DTD/xhtml1-transitional.dtd">
<html xmlns="http://www.w3.org/1999/xhtml" xml:lang="en" lang="en">
 <head>
  <title>
</title>
<meta http-equiv="Content-Type" content="text/html;charset=utf-8" />
  <meta name='ocr-system' content='tesseract 3.04.00' />
  <meta name='ocr-capabilities' content='ocr_page ocr_carea ocr_par ocr_line ocrx_word'/>
</head>
<body>
  <div class='ocr_page' id='page_1' title='image "./platonisetquaeve11plat_0417.png"; bbox 0 0 1840 3225; ppageno 0'>
   <div class='ocr_carea' id='block_1_1' title="bbox 150 232 1601 288">
    <p class='ocr_par' dir='ltr' id='par_1_1' title="bbox 150 232 1601 288">
     <span class='ocr_line' id='line_1_1' title="bbox 150 232 1601 288; baseline -0.006 -11"><span class='ocrx_word' id='word_1_1' title='bbox 150 237 245 288; x_wconf 85' lang='lat'>869]</span> <span class='ocrx_word' id='word_1_2' title='bbox 597 236 669 274; x_wconf 89' lang='lat' dir='ltr'>DE</span> <span class='ocrx_word' id='word_1_3' title='bbox 699 233 930 273; x_wconf 88' lang='lat' dir='ltr'>LEGIBUS</span> <span class='ocrx_word' id='word_1_4' title='bbox 962 234 1059 272; x_wconf 91' lang='lat' dir='ltr'>LIB.</span> <span class='ocrx_word' id='word_1_5' title='bbox 1092 234 1160 272; x_wconf 82' lang='lat' dir='ltr'>IX.</span> <span class='ocrx_word' id='word_1_6' title='bbox 1530 232 1601 268; x_wconf 80' lang='lat'>401</span> 
     </span>
    </p>
   </div>
   <div class='ocr_carea' id='block_1_2' title="bbox 140 333 1631 2929">
    <p class='ocr_par' dir='ltr' id='par_1_2' title="bbox 140 333 1631 2929">
     <span class='ocr_line' id='line_1_2' title="bbox 143 333 1608 382; baseline -0.006 -10"><span class='ocrx_word' id='word_1_7' title='bbox 143 340 255 377; x_wconf 81' lang='lat' dir='ltr'>simile,</span> <span class='ocrx_word' id='word_1_8' title='bbox 284 339 444 382; x_wconf 80' lang='lat' dir='ltr'>asperius:</span> <span class='ocrx_word' id='word_1_9' title='bbox 469 340 553 382; x_wconf 83' lang='lat' dir='ltr'>quod</span> <span class='ocrx_word' id='word_1_10' title='bbox 581 350 655 370; x_wconf 82' lang='lat' dir='ltr'>vcro</span> <span class='ocrx_word' id='word_1_11' title='bbox 679 339 799 374; x_wconf 88' lang='lat' dir='ltr'>leviori,</span> <span class='ocrx_word' id='word_1_12' title='bbox 819 338 927 368; x_wconf 87' lang='lat' dir='ltr'>mitius</span> <span class='ocrx_word' id='word_1_13' title='bbox 942 337 1147 378; x_wconf 79' lang='lat' dir='ltr'>puniendum.</span> <span class='ocrx_word' id='word_1_14' title='bbox 1193 337 1243 368; x_wconf 86' lang='lat' dir='ltr'>Ita</span> <span class='ocrx_word' id='word_1_15' title='bbox 1260 341 1342 367; x_wconf 88' lang='lat' dir='ltr'>certe</span> <span class='ocrx_word' id='word_1_16' title='bbox 1359 335 1472 366; x_wconf 83' lang='lat' dir='ltr'>nostris</span> <span class='ocrx_word' id='word_1_17' title='bbox 1486 333 1608 375; x_wconf 79' lang='lat' dir='ltr'>legibus</span> 
     </span>
     <span class='ocr_line' id='line_1_3' title="bbox 145 388 1609 437; baseline -0.007 -10"><span class='ocrx_word' id='word_1_18' title='bbox 145 395 304 437; x_wconf 85' lang='lat' dir='ltr'>agendum</span> <span class='ocrx_word' id='word_1_19' title='bbox 319 400 378 426; x_wconf 85' lang='lat' dir='ltr'>est.</span> <span class='ocrx_word' id='word_1_20' title='bbox 424 394 501 426; x_wconf 78' lang='lat' dir='ltr'>CLr.</span> <span class='ocrx_word' id='word_1_21' title='bbox 521 394 572 425; x_wconf 85' lang='lat' dir='ltr'>Ita</span> <span class='ocrx_word' id='word_1_22' title='bbox 588 404 722 435; x_wconf 88' lang='lat' dir='ltr'>prorsus.</span> <span class='ocrx_word' id='word_1_23' title='bbox 768 392 908 424; x_wconf 56' lang='lat' dir='ltr'>Arum.</span> <span class='ocrx_word' id='word_1_24' title='bbox 933 391 995 421; x_wconf 87' lang='lat' dir='ltr'>Sed</span> <span class='ocrx_word' id='word_1_25' title='bbox 1011 391 1049 422; x_wconf 79' lang='lat' dir='ltr'>de</span> <span class='ocrx_word' id='word_1_26' title='bbox 1066 392 1110 422; x_wconf 81' lang='lat' dir='ltr'>ira</span> <span class='ocrx_word' id='word_1_27' title='bbox 1128 392 1240 422; x_wconf 88' lang='lat' dir='ltr'>iterum</span> <span class='ocrx_word' id='word_1_28' title='bbox 1256 395 1435 432; x_wconf 83' lang='lat' dir='ltr'><strong>repetentes</strong></span> <span class='ocrx_word' id='word_1_29' title='bbox 1457 389 1501 419; x_wconf 88' lang='lat' dir='ltr'>ita</span> <span class='ocrx_word' id='word_1_30' title='bbox 1520 388 1609 418; x_wconf 91' lang='lat' dir='ltr'>dica-</span> 
     </span>
     <span class='ocr_line' id='line_1_4' title="bbox 144 441 1606 491; baseline -0.006 -10"><span class='ocrx_word' id='word_1_31' title='bbox 144 460 224 481; x_wconf 83' lang='lat' dir='ltr'>mus.</span> <span class='ocrx_word' id='word_1_32' title='bbox 269 450 303 481; x_wconf 92' lang='lat' dir='ltr'>Si</span> <span class='ocrx_word' id='word_1_33' title='bbox 328 450 399 491; x_wconf 90' lang='lat' dir='ltr'>quis</span> <span class='ocrx_word' id='word_1_34' title='bbox 425 459 520 480; x_wconf 83' lang='lat' dir='ltr'>manu</span> <span class='ocrx_word' id='word_1_35' title='bbox 548 448 674 489; x_wconf 88' lang='lat' dir='ltr'>propria</span> <span class='ocrx_word' id='word_1_36' title='bbox 705 447 835 477; x_wconf 85' lang='lat' dir='ltr'>liberum</span> <span class='ocrx_word' id='word_1_37' title='bbox 857 446 1017 476; x_wconf 87' lang='lat' dir='ltr'>hominem</span> <span class='ocrx_word' id='word_1_38' title='bbox 1036 446 1082 476; x_wconf 90' lang='lat' dir='ltr'>ira</span> <span class='ocrx_word' id='word_1_39' title='bbox 1097 445 1239 477; x_wconf 88' lang='lat' dir='ltr'>concitus</span> <span class='ocrx_word' id='word_1_40' title='bbox 1253 445 1429 476; x_wconf 90' lang='lat' dir='ltr'>inconsulto</span> <span class='ocrx_word' id='word_1_41' title='bbox 1445 441 1606 477; x_wconf 85' lang='lat' dir='ltr'>occiderit,</span> 
     </span>
     <span class='ocr_line' id='line_1_5' title="bbox 144 496 1606 545; baseline -0.006 -10"><span class='ocrx_word' id='word_1_42' title='bbox 144 509 251 535; x_wconf 81' lang='lat' dir='ltr'>cetera</span> <span class='ocrx_word' id='word_1_43' title='bbox 274 503 402 545; x_wconf 89' lang='lat' dir='ltr'>quidem</span> <span class='ocrx_word' id='word_1_44' title='bbox 425 503 534 534; x_wconf 87' lang='lat' dir='ltr'>eadem</span> <span class='ocrx_word' id='word_1_45' title='bbox 550 502 687 543; x_wconf 88' lang='lat' dir='ltr'>patiatur</span> <span class='ocrx_word' id='word_1_46' title='bbox 701 501 796 537; x_wconf 86' lang='lat' dir='ltr'>mala,</span> <span class='ocrx_word' id='word_1_47' title='bbox 811 510 881 540; x_wconf 83' lang='lat' dir='ltr'>quae</span> <span class='ocrx_word' id='word_1_48' title='bbox 897 505 929 530; x_wconf 84' lang='lat' dir='ltr'>et</span> <span class='ocrx_word' id='word_1_49' title='bbox 943 499 1120 535; x_wconf 56' lang='lat' dir='ltr'>homicidae,</span> <span class='ocrx_word' id='word_1_50' title='bbox 1137 499 1189 541; x_wconf 89' lang='lat' dir='ltr'>qui</span> <span class='ocrx_word' id='word_1_51' title='bbox 1207 510 1270 530; x_wconf 91' lang='lat' dir='ltr'>non</span> <span class='ocrx_word' id='word_1_52' title='bbox 1284 509 1340 540; x_wconf 85' lang='lat' dir='ltr'>per</span> <span class='ocrx_word' id='word_1_53' title='bbox 1355 499 1432 528; x_wconf 86' lang='lat' dir='ltr'>iram</span> <span class='ocrx_word' id='word_1_54' title='bbox 1447 496 1606 531; x_wconf 77' lang='lat' dir='ltr'>occiderit,</span> 
     </span>
     <span class='ocr_line' id='line_1_6' title="bbox 146 552 1608 596; baseline -0.006 -7"><span class='ocrx_word' id='word_1_55' title='bbox 146 557 320 596; x_wconf 83' lang='lat' dir='ltr'>debentur;</span> <span class='ocrx_word' id='word_1_56' title='bbox 348 557 406 589; x_wconf 86' lang='lat' dir='ltr'>sed</span> <span class='ocrx_word' id='word_1_57' title='bbox 430 556 549 588; x_wconf 92' lang='lat' dir='ltr'>duobus</span> <span class='ocrx_word' id='word_1_58' title='bbox 569 556 698 587; x_wconf 88' lang='lat' dir='ltr'>omnino</span> <span class='ocrx_word' id='word_1_59' title='bbox 720 556 759 586; x_wconf 87' lang='lat' dir='ltr'>ad</span> <span class='ocrx_word' id='word_1_60' title='bbox 778 555 856 586; x_wconf 82' lang='lat' dir='ltr'>iram</span> <span class='ocrx_word' id='word_1_61' title='bbox 871 565 956 585; x_wconf 87' lang='lat' dir='ltr'>suam</span> <span class='ocrx_word' id='word_1_62' title='bbox 975 554 1180 586; x_wconf 60' lang='lat' dir='ltr'>coercendam</span> <span class='ocrx_word' id='word_1_63' title='bbox 1205 554 1326 584; x_wconf 82' lang='lat' dir='ltr'>exsulet</span> <span class='ocrx_word' id='word_1_64' title='bbox 1341 554 1440 583; x_wconf 85' lang='lat' dir='ltr'>anuis.</span> <span class='ocrx_word' id='word_1_65' title='bbox 1464 552 1518 593; x_wconf 90' lang='lat' dir='ltr'>qui</span> <span class='ocrx_word' id='word_1_66' title='bbox 1534 561 1608 580; x_wconf 87' lang='lat' dir='ltr'>vero</span> 
     </span>
     <span class='ocr_line' id='line_1_7' title="bbox 143 606 1609 653; baseline -0.005 -10"><span class='ocrx_word' id='word_1_67' title='bbox 143 622 200 652; x_wconf 87' lang='lat' dir='ltr'>per</span> <span class='ocrx_word' id='word_1_68' title='bbox 222 612 298 643; x_wconf 90' lang='lat' dir='ltr'>iram</span> <span class='ocrx_word' id='word_1_69' title='bbox 323 612 461 653; x_wconf 83' lang='lat' dir='ltr'>quidem,</span> <span class='ocrx_word' id='word_1_70' title='bbox 489 610 544 642; x_wconf 88' lang='lat' dir='ltr'>sed</span> <span class='ocrx_word' id='word_1_71' title='bbox 569 620 608 640; x_wconf 84' lang='lat' dir='ltr'>ex</span> <span class='ocrx_word' id='word_1_72' title='bbox 633 609 767 646; x_wconf 82' lang='lat' dir='ltr'><strong>insidiis,</strong></span> <span class='ocrx_word' id='word_1_73' title='bbox 797 610 928 640; x_wconf 89' lang='lat' dir='ltr'>liberum</span> <span class='ocrx_word' id='word_1_74' title='bbox 953 618 1140 649; x_wconf 87' lang='lat' dir='ltr'><strong>quemquam</strong></span> <span class='ocrx_word' id='word_1_75' title='bbox 1167 607 1338 639; x_wconf 88' lang='lat' dir='ltr'>occiderit:</span> <span class='ocrx_word' id='word_1_76' title='bbox 1365 613 1471 637; x_wconf 88' lang='lat' dir='ltr'>cetera</span> <span class='ocrx_word' id='word_1_77' title='bbox 1485 606 1609 646; x_wconf 88' lang='lat' dir='ltr'>utique,</span> 
     </span>
     <span class='ocr_line' id='line_1_8' title="bbox 140 659 1610 707; baseline -0.005 -10"><span class='ocrx_word' id='word_1_78' title='bbox 140 665 287 697; x_wconf 80' lang='lat' dir='ltr'>similiter</span> <span class='ocrx_word' id='word_1_79' title='bbox 302 676 338 696; x_wconf 88' lang='lat' dir='ltr'>ac</span> <span class='ocrx_word' id='word_1_80' title='bbox 352 666 481 707; x_wconf 89' lang='lat' dir='ltr'>primus,</span> <span class='ocrx_word' id='word_1_81' title='bbox 497 670 624 705; x_wconf 74' lang='lat' dir='ltr'>cogatur</span> <span class='ocrx_word' id='word_1_82' title='bbox 636 664 750 695; x_wconf 86' lang='lat' dir='ltr'>facere.</span> <span class='ocrx_word' id='word_1_83' title='bbox 768 674 832 694; x_wconf 88' lang='lat' dir='ltr'>non</span> <span class='ocrx_word' id='word_1_84' title='bbox 847 668 951 693; x_wconf 80' lang='lat' dir='ltr'>autem</span> <span class='ocrx_word' id='word_1_85' title='bbox 961 662 1123 693; x_wconf 81' lang='lat' dir='ltr'>biennium</span> <span class='ocrx_word' id='word_1_86' title='bbox 1134 668 1272 701; x_wconf 87' lang='lat' dir='ltr'>tantum,</span> <span class='ocrx_word' id='word_1_87' title='bbox 1286 667 1321 692; x_wconf 91' lang='lat' dir='ltr'>ut</span> <span class='ocrx_word' id='word_1_88' title='bbox 1332 661 1396 696; x_wconf 80' lang='lat' dir='ltr'>ille,</span> <span class='ocrx_word' id='word_1_89' title='bbox 1411 660 1467 690; x_wconf 87' lang='lat' dir='ltr'>sed</span> <span class='ocrx_word' id='word_1_90' title='bbox 1481 659 1610 690; x_wconf 86' lang='lat' dir='ltr'>trienni—</span> 
     </span>
     <span class='ocr_line' id='line_1_9' title="bbox 142 714 1605 760; baseline -0.005 -11"><span class='ocrx_word' id='word_1_91' title='bbox 142 730 206 755; x_wconf 86' lang='lat' dir='ltr'>um,</span> <span class='ocrx_word' id='word_1_92' title='bbox 231 719 361 754; x_wconf 81' lang='lat' dir='ltr'>exsulet,</span> <span class='ocrx_word' id='word_1_93' title='bbox 377 724 412 749; x_wconf 90' lang='lat' dir='ltr'>ut</span> <span class='ocrx_word' id='word_1_94' title='bbox 424 719 471 749; x_wconf 89' lang='lat' dir='ltr'>ira</span> <span class='ocrx_word' id='word_1_95' title='bbox 483 719 550 760; x_wconf 89' lang='lat' dir='ltr'>ejus</span> <span class='ocrx_word' id='word_1_96' title='bbox 563 718 737 749; x_wconf 71' lang='lat' dir='ltr'>diuturnior</span> <span class='ocrx_word' id='word_1_97' title='bbox 752 717 869 748; x_wconf 79' lang='lat' dir='ltr'>diutius</span> <span class='ocrx_word' id='word_1_98' title='bbox 891 717 1049 759; x_wconf 77' lang='lat' dir='ltr'>puniatur.</span> <span class='ocrx_word' id='word_1_99' title='bbox 1073 716 1256 747; x_wconf 82' lang='lat' dir='ltr'>universalis</span> <span class='ocrx_word' id='word_1_100' title='bbox 1280 721 1388 746; x_wconf 87' lang='lat' dir='ltr'>autem</span> <span class='ocrx_word' id='word_1_101' title='bbox 1399 715 1526 745; x_wconf 83' lang='lat' dir='ltr'>istorum</span> <span class='ocrx_word' id='word_1_102' title='bbox 1539 714 1605 743; x_wconf 83' lang='lat' dir='ltr'>haec</span> 
     </span>
     <span class='ocr_line' id='line_1_10' title="bbox 142 767 1609 814; baseline -0.004 -10"><span class='ocrx_word' id='word_1_103' title='bbox 142 773 305 814; x_wconf 83' lang='lat' dir='ltr'>dispositio</span> <span class='ocrx_word' id='word_1_104' title='bbox 320 773 370 804; x_wconf 92' lang='lat' dir='ltr'>sit.</span> <span class='ocrx_word' id='word_1_105' title='bbox 387 783 502 813; x_wconf 83' lang='lat' dir='ltr'>nempe</span> <span class='ocrx_word' id='word_1_106' title='bbox 519 772 644 803; x_wconf 89' lang='lat' dir='ltr'>difficile</span> <span class='ocrx_word' id='word_1_107' title='bbox 661 777 710 802; x_wconf 88' lang='lat' dir='ltr'>est</span> <span class='ocrx_word' id='word_1_108' title='bbox 725 772 883 813; x_wconf 83' lang='lat' dir='ltr'>sigillatim</span> <span class='ocrx_word' id='word_1_109' title='bbox 901 777 1071 812; x_wconf 78' lang='lat' dir='ltr'>exacteque</span> <span class='ocrx_word' id='word_1_110' title='bbox 1087 771 1127 801; x_wconf 88' lang='lat' dir='ltr'>de</span> <span class='ocrx_word' id='word_1_111' title='bbox 1139 771 1186 801; x_wconf 83' lang='lat' dir='ltr'>his</span> <span class='ocrx_word' id='word_1_112' title='bbox 1198 772 1285 812; x_wconf 84' lang='lat' dir='ltr'>leges</span> <span class='ocrx_word' id='word_1_113' title='bbox 1301 780 1427 811; x_wconf 86' lang='lat' dir='ltr'>ponere.</span> <span class='ocrx_word' id='word_1_114' title='bbox 1439 767 1609 809; x_wconf 88' lang='lat' dir='ltr'>aliquando</span> 
     </span>
     <span class='ocr_line' id='line_1_11' title="bbox 140 825 1610 868; baseline -0.003 -12"><span class='ocrx_word' id='word_1_115' title='bbox 140 827 237 863; x_wconf 76' lang='lat' dir='ltr'>enim,</span> <span class='ocrx_word' id='word_1_116' title='bbox 254 837 324 868; x_wconf 83' lang='lat' dir='ltr'>quae</span> <span class='ocrx_word' id='word_1_117' title='bbox 339 827 546 858; x_wconf 82' lang='lat' dir='ltr'>truculentior</span> <span class='ocrx_word' id='word_1_118' title='bbox 561 826 664 857; x_wconf 64' lang='lat' dir='ltr'>credes</span> <span class='ocrx_word' id='word_1_119' title='bbox 681 827 751 868; x_wconf 90' lang='lat' dir='ltr'>lege</span> <span class='ocrx_word' id='word_1_120' title='bbox 767 831 885 857; x_wconf 88' lang='lat' dir='ltr'>statuta</span> <span class='ocrx_word' id='word_1_121' title='bbox 900 831 958 860; x_wconf 88' lang='lat' dir='ltr'>est,</span> <span class='ocrx_word' id='word_1_122' title='bbox 975 826 1073 856; x_wconf 89' lang='lat' dir='ltr'>levior</span> <span class='ocrx_word' id='word_1_123' title='bbox 1088 825 1228 856; x_wconf 86' lang='lat' dir='ltr'>videtur:</span> <span class='ocrx_word' id='word_1_124' title='bbox 1253 834 1480 865; x_wconf 86' lang='lat' dir='ltr'>nonnunquam</span> <span class='ocrx_word' id='word_1_125' title='bbox 1491 827 1610 858; x_wconf 85' lang='lat' dir='ltr'>contra,</span> 
     </span>
     <span class='ocr_line' id='line_1_12' title="bbox 141 878 1610 922; baseline -0.003 -11"><span class='ocrx_word' id='word_1_126' title='bbox 141 890 212 922; x_wconf 85' lang='lat' dir='ltr'>quae</span> <span class='ocrx_word' id='word_1_127' title='bbox 239 881 352 916; x_wconf 73' lang='lat' dir='ltr'>levior.</span> <span class='ocrx_word' id='word_1_128' title='bbox 379 881 604 919; x_wconf 81' lang='lat' dir='ltr'>truculentior3</span> <span class='ocrx_word' id='word_1_129' title='bbox 623 881 719 922; x_wconf 76' lang='lat' dir='ltr'>&#39;prout</span> <span class='ocrx_word' id='word_1_130' title='bbox 742 879 876 911; x_wconf 88' lang='lat' dir='ltr'>atrocius</span> <span class='ocrx_word' id='word_1_131' title='bbox 903 885 957 910; x_wconf 88' lang='lat' dir='ltr'>aut</span> <span class='ocrx_word' id='word_1_132' title='bbox 983 879 1090 910; x_wconf 88' lang='lat' dir='ltr'>mitius</span> <span class='ocrx_word' id='word_1_133' title='bbox 1106 885 1194 920; x_wconf 81' lang='lat' dir='ltr'>gesta</span> <span class='ocrx_word' id='word_1_134' title='bbox 1208 885 1268 910; x_wconf 88' lang='lat' dir='ltr'>est.</span> <span class='ocrx_word' id='word_1_135' title='bbox 1292 884 1325 909; x_wconf 87' lang='lat' dir='ltr'>ut</span> <span class='ocrx_word' id='word_1_136' title='bbox 1340 878 1509 920; x_wconf 90' lang='lat' dir='ltr'>plurimum</span> <span class='ocrx_word' id='word_1_137' title='bbox 1523 886 1610 910; x_wconf 83' lang='lat' dir='ltr'>vero,</span> 
     </span>
     <span class='ocr_line' id='line_1_13' title="bbox 141 931 1612 975; baseline -0.003 -10"><span class='ocrx_word' id='word_1_138' title='bbox 141 934 409 975; x_wconf 85' lang='lat' dir='ltr'>quemadmodum</span> <span class='ocrx_word' id='word_1_139' title='bbox 435 935 529 966; x_wconf 88' lang='lat' dir='ltr'>modo</span> <span class='ocrx_word' id='word_1_140' title='bbox 550 934 698 971; x_wconf 81' lang='lat' dir='ltr'>diximus,</span> <span class='ocrx_word' id='word_1_141' title='bbox 725 934 787 964; x_wconf 86' lang='lat' dir='ltr'>ista</span> <span class='ocrx_word' id='word_1_142' title='bbox 813 934 1009 975; x_wconf 86' lang='lat' dir='ltr'>contingunt.</span> <span class='ocrx_word' id='word_1_143' title='bbox 1034 934 1088 964; x_wconf 88' lang='lat' dir='ltr'>sed</span> <span class='ocrx_word' id='word_1_144' title='bbox 1115 935 1180 964; x_wconf 82' lang='lat' dir='ltr'>haec</span> <span class='ocrx_word' id='word_1_145' title='bbox 1206 933 1312 964; x_wconf 89' lang='lat' dir='ltr'>omnia</span> <span class='ocrx_word' id='word_1_146' title='bbox 1337 933 1441 974; x_wconf 80' lang='lat' dir='ltr'>legum</span> <span class='ocrx_word' id='word_1_147' title='bbox 1466 931 1612 962; x_wconf 73' lang='lat' dir='ltr'>custodes</span> 
     </span>
     <span class='ocr_line' id='line_1_14' title="bbox 140 984 1611 1029; baseline -0.003 -10"><span class='ocrx_word' id='word_1_148' title='bbox 140 994 343 1029; x_wconf 76' lang='lat' dir='ltr'>cognoscent.</span> <span class='ocrx_word' id='word_1_149' title='bbox 367 1000 437 1020; x_wconf 79' lang='lat' dir='ltr'>cuin</span> <span class='ocrx_word' id='word_1_150' title='bbox 466 999 540 1020; x_wconf 82' lang='lat' dir='ltr'>vero</span> <span class='ocrx_word' id='word_1_151' title='bbox 562 989 827 1019; x_wconf 86' lang='lat' dir='ltr'>restituendorum</span> <span class='ocrx_word' id='word_1_152' title='bbox 855 989 998 1018; x_wconf 81' lang='lat' dir='ltr'>exsulum</span> <span class='ocrx_word' id='word_1_153' title='bbox 1032 993 1154 1029; x_wconf 87' lang='lat' dir='ltr'>tempus</span> <span class='ocrx_word' id='word_1_154' title='bbox 1183 987 1356 1023; x_wconf 74' lang='lat' dir='ltr'>advenerit,</span> <span class='ocrx_word' id='word_1_155' title='bbox 1379 985 1547 1017; x_wconf 88' lang='lat' dir='ltr'>duodecim</span> <span class='ocrx_word' id='word_1_156' title='bbox 1571 984 1611 1014; x_wconf 85' lang='lat' dir='ltr'>ad</span> 
     </span>
     <span class='ocr_line' id='line_1_15' title="bbox 143 1039 1612 1086; baseline -0.004 -13"><span class='ocrx_word' id='word_1_157' title='bbox 143 1043 223 1073; x_wconf 86' lang='lat' dir='ltr'>fines</span> <span class='ocrx_word' id='word_1_158' title='bbox 249 1043 385 1084; x_wconf 74' lang='lat' dir='ltr'>regionis</span> <span class='ocrx_word' id='word_1_159' title='bbox 402 1043 526 1086; x_wconf 84' lang='lat' dir='ltr'>judices</span> <span class='ocrx_word' id='word_1_160' title='bbox 552 1045 690 1080; x_wconf 85' lang='lat' dir='ltr'>mittant,</span> <span class='ocrx_word' id='word_1_161' title='bbox 717 1043 772 1084; x_wconf 88' lang='lat' dir='ltr'>qui</span> <span class='ocrx_word' id='word_1_162' title='bbox 799 1043 966 1083; x_wconf 81' lang='lat' dir='ltr'>diligenter</span> <span class='ocrx_word' id='word_1_163' title='bbox 993 1042 1200 1073; x_wconf 82' lang='lat' dir='ltr'>consideratis</span> <span class='ocrx_word' id='word_1_164' title='bbox 1215 1042 1356 1073; x_wconf 90' lang='lat' dir='ltr'>omnibus</span> <span class='ocrx_word' id='word_1_165' title='bbox 1369 1051 1426 1081; x_wconf 90' lang='lat' dir='ltr'>per</span> <span class='ocrx_word' id='word_1_166' title='bbox 1442 1039 1476 1070; x_wconf 88' lang='lat' dir='ltr'>id</span> <span class='ocrx_word' id='word_1_167' title='bbox 1491 1045 1612 1080; x_wconf 79' lang='lat' dir='ltr'>tempus</span> 
     </span>
     <span class='ocr_line' id='line_1_16' title="bbox 142 1094 1612 1139; baseline -0.003 -12"><span class='ocrx_word' id='word_1_168' title='bbox 142 1097 288 1128; x_wconf 83' lang='lat' dir='ltr'>exsulum</span> <span class='ocrx_word' id='word_1_169' title='bbox 311 1096 496 1133; x_wconf 74' lang='lat' dir='ltr'>actionibus,</span> <span class='ocrx_word' id='word_1_170' title='bbox 521 1098 647 1138; x_wconf 87' lang='lat' dir='ltr'>pudoris</span> <span class='ocrx_word' id='word_1_171' title='bbox 674 1107 781 1128; x_wconf 86' lang='lat' dir='ltr'>eorum</span> <span class='ocrx_word' id='word_1_172' title='bbox 811 1097 1063 1138; x_wconf 76' lang='lat' dir='ltr'>receptionisque</span> <span class='ocrx_word' id='word_1_173' title='bbox 1082 1096 1208 1139; x_wconf 85' lang='lat' dir='ltr'>judices</span> <span class='ocrx_word' id='word_1_174' title='bbox 1232 1097 1318 1126; x_wconf 84' lang='lat' dir='ltr'>fiant.</span> <span class='ocrx_word' id='word_1_175' title='bbox 1341 1095 1388 1125; x_wconf 88' lang='lat' dir='ltr'>illi</span> <span class='ocrx_word' id='word_1_176' title='bbox 1407 1105 1481 1124; x_wconf 86' lang='lat' dir='ltr'>vero</span> <span class='ocrx_word' id='word_1_177' title='bbox 1505 1094 1612 1123; x_wconf 83' lang='lat' dir='ltr'>horum</span> 
     </span>
     <span class='ocr_line' id='line_1_17' title="bbox 144 1148 1614 1193; baseline -0.004 -11"><span class='ocrx_word' id='word_1_178' title='bbox 144 1151 380 1192; x_wconf 85' lang='lat' dir='ltr'>magistratuum</span> <span class='ocrx_word' id='word_1_179' title='bbox 406 1151 529 1193; x_wconf 90' lang='lat' dir='ltr'>judicio</span> <span class='ocrx_word' id='word_1_180' title='bbox 559 1152 771 1192; x_wconf 83' lang='lat' dir='ltr'>acquiescant.</span> <span class='ocrx_word' id='word_1_181' title='bbox 808 1150 904 1192; x_wconf 85' lang='lat'>[868]</span> <span class='ocrx_word' id='word_1_182' title='bbox 941 1151 1026 1192; x_wconf 88' lang='lat' dir='ltr'>quod</span> <span class='ocrx_word' id='word_1_183' title='bbox 1054 1151 1081 1181; x_wconf 89' lang='lat' dir='ltr'>si</span> <span class='ocrx_word' id='word_1_184' title='bbox 1110 1156 1181 1192; x_wconf 82' lang='lat' dir='ltr'>post</span> <span class='ocrx_word' id='word_1_185' title='bbox 1207 1150 1438 1181; x_wconf 85' lang='lat' dir='ltr'>restitutionem</span> <span class='ocrx_word' id='word_1_186' title='bbox 1465 1148 1614 1178; x_wconf 84' lang='lat' dir='ltr'>alteruter</span> 
     </span>
     <span class='ocr_line' id='line_1_18' title="bbox 143 1201 1609 1246; baseline -0.003 -11"><span class='ocrx_word' id='word_1_187' title='bbox 143 1206 254 1236; x_wconf 88' lang='lat' dir='ltr'>horum</span> <span class='ocrx_word' id='word_1_188' title='bbox 283 1205 331 1236; x_wconf 87' lang='lat' dir='ltr'>ira</span> <span class='ocrx_word' id='word_1_189' title='bbox 356 1210 529 1237; x_wconf 88' lang='lat' dir='ltr'>commotus</span> <span class='ocrx_word' id='word_1_190' title='bbox 553 1206 697 1236; x_wconf 88' lang='lat' dir='ltr'>similiter</span> <span class='ocrx_word' id='word_1_191' title='bbox 719 1205 908 1246; x_wconf 86' lang='lat' dir='ltr'>peccaverit,</span> <span class='ocrx_word' id='word_1_192' title='bbox 930 1211 1080 1246; x_wconf 86' lang='lat' dir='ltr'>perpetuo</span> <span class='ocrx_word' id='word_1_193' title='bbox 1097 1206 1242 1236; x_wconf 78' lang='lat' dir='ltr'>exsulet:</span> <span class='ocrx_word' id='word_1_194' title='bbox 1269 1210 1302 1235; x_wconf 90' lang='lat' dir='ltr'>et</span> <span class='ocrx_word' id='word_1_195' title='bbox 1318 1204 1343 1234; x_wconf 91' lang='lat' dir='ltr'>si</span> <span class='ocrx_word' id='word_1_196' title='bbox 1356 1213 1458 1233; x_wconf 85' lang='lat' dir='ltr'>rursus</span> <span class='ocrx_word' id='word_1_197' title='bbox 1473 1201 1609 1237; x_wconf 85' lang='lat' dir='ltr'>redierit,</span> 
     </span>
     <span class='ocr_line' id='line_1_19' title="bbox 143 1255 1613 1301; baseline -0.003 -11"><span class='ocrx_word' id='word_1_198' title='bbox 143 1270 208 1290; x_wconf 89' lang='lat' dir='ltr'>non</span> <span class='ocrx_word' id='word_1_199' title='bbox 236 1259 329 1290; x_wconf 90' lang='lat' dir='ltr'>aliter</span> <span class='ocrx_word' id='word_1_200' title='bbox 351 1270 444 1301; x_wconf 89' lang='lat' dir='ltr'>quam</span> <span class='ocrx_word' id='word_1_201' title='bbox 465 1261 648 1301; x_wconf 80' lang='lat' dir='ltr'>peregrinus</span> <span class='ocrx_word' id='word_1_202' title='bbox 674 1259 798 1290; x_wconf 79' lang='lat' dir='ltr'>rediens</span> <span class='ocrx_word' id='word_1_203' title='bbox 824 1260 984 1300; x_wconf 86' lang='lat' dir='ltr'>puniatur.</span> <span class='ocrx_word' id='word_1_204' title='bbox 1007 1260 1032 1290; x_wconf 91' lang='lat' dir='ltr'>si</span> <span class='ocrx_word' id='word_1_205' title='bbox 1058 1259 1128 1301; x_wconf 90' lang='lat' dir='ltr'>quis</span> <span class='ocrx_word' id='word_1_206' title='bbox 1144 1260 1189 1289; x_wconf 86' lang='lat' dir='ltr'>ira</span> <span class='ocrx_word' id='word_1_207' title='bbox 1206 1269 1329 1290; x_wconf 87' lang='lat' dir='ltr'>servum</span> <span class='ocrx_word' id='word_1_208' title='bbox 1342 1268 1429 1288; x_wconf 84' lang='lat' dir='ltr'>suum</span> <span class='ocrx_word' id='word_1_209' title='bbox 1443 1255 1613 1290; x_wconf 82' lang='lat' dir='ltr'>necaverit,</span> 
     </span>
     <span class='ocr_line' id='line_1_20' title="bbox 144 1310 1615 1355; baseline -0.003 -11"><span class='ocrx_word' id='word_1_210' title='bbox 144 1318 295 1355; x_wconf 84' lang='lat' dir='ltr'>purgetur</span> <span class='ocrx_word' id='word_1_211' title='bbox 313 1325 319 1343; x_wconf 80' lang='lat' dir='ltr'><em>z</em></span> <span class='ocrx_word' id='word_1_212' title='bbox 344 1313 371 1344; x_wconf 91' lang='lat' dir='ltr'>si</span> <span class='ocrx_word' id='word_1_213' title='bbox 386 1314 535 1350; x_wconf 88' lang='lat' dir='ltr'>alienum,</span> <span class='ocrx_word' id='word_1_214' title='bbox 551 1314 701 1344; x_wconf 83' lang='lat' dir='ltr'>damnum</span> <span class='ocrx_word' id='word_1_215' title='bbox 716 1313 843 1345; x_wconf 85' lang='lat' dir='ltr'>domino</span> <span class='ocrx_word' id='word_1_216' title='bbox 860 1314 892 1344; x_wconf 89' lang='lat' dir='ltr'>in</span> <span class='ocrx_word' id='word_1_217' title='bbox 909 1313 1006 1355; x_wconf 91' lang='lat' dir='ltr'>duplo</span> <span class='ocrx_word' id='word_1_218' title='bbox 1021 1314 1171 1344; x_wconf 81' lang='lat' dir='ltr'>restituat.</span> <span class='ocrx_word' id='word_1_219' title='bbox 1194 1315 1221 1343; x_wconf 85' lang='lat' dir='ltr'>si</span> <span class='ocrx_word' id='word_1_220' title='bbox 1235 1313 1304 1355; x_wconf 91' lang='lat' dir='ltr'>quis</span> <span class='ocrx_word' id='word_1_221' title='bbox 1318 1312 1476 1343; x_wconf 83' lang='lat' dir='ltr'>homicida</span> <span class='ocrx_word' id='word_1_222' title='bbox 1491 1310 1615 1351; x_wconf 83' lang='lat' dir='ltr'>legibus</span> 
     </span>
     <span class='ocr_line' id='line_1_21' title="bbox 143 1366 1613 1410; baseline -0.003 -12"><span class='ocrx_word' id='word_1_223' title='bbox 143 1378 210 1398; x_wconf 90' lang='lat' dir='ltr'>non</span> <span class='ocrx_word' id='word_1_224' title='bbox 236 1369 383 1409; x_wconf 85' lang='lat' dir='ltr'>paruerit,</span> <span class='ocrx_word' id='word_1_225' title='bbox 408 1368 464 1399; x_wconf 87' lang='lat' dir='ltr'>sed</span> <span class='ocrx_word' id='word_1_226' title='bbox 486 1369 627 1399; x_wconf 88' lang='lat' dir='ltr'>nondum</span> <span class='ocrx_word' id='word_1_227' title='bbox 642 1375 791 1409; x_wconf 81' lang='lat' dir='ltr'>purgatus</span> <span class='ocrx_word' id='word_1_228' title='bbox 805 1368 917 1404; x_wconf 89' lang='lat' dir='ltr'>forum,</span> <span class='ocrx_word' id='word_1_229' title='bbox 934 1369 1095 1410; x_wconf 84' lang='lat' dir='ltr'>gymnasia</span> <span class='ocrx_word' id='word_1_230' title='bbox 1111 1373 1278 1409; x_wconf 89' lang='lat' dir='ltr'>ceteraque</span> <span class='ocrx_word' id='word_1_231' title='bbox 1293 1377 1381 1397; x_wconf 87' lang='lat' dir='ltr'>sacra</span> <span class='ocrx_word' id='word_1_232' title='bbox 1396 1366 1538 1406; x_wconf 85' lang='lat' dir='ltr'>ingressu</span> <span class='ocrx_word' id='word_1_233' title='bbox 1558 1374 1613 1394; x_wconf 88' lang='lat' dir='ltr'>suo</span> 
     </span>
     <span class='ocr_line' id='line_1_22' title="bbox 144 1418 1615 1464; baseline -0.004 -11"><span class='ocrx_word' id='word_1_234' title='bbox 144 1423 404 1454; x_wconf 84' lang='lat' dir='ltr'>contaminaverit</span> <span class='ocrx_word' id='word_1_235' title='bbox 418 1433 426 1462; x_wconf 85' lang='lat'>3</span> <span class='ocrx_word' id='word_1_236' title='bbox 450 1423 629 1464; x_wconf 88' lang='lat' dir='ltr'>quicunque</span> <span class='ocrx_word' id='word_1_237' title='bbox 656 1422 749 1463; x_wconf 87' lang='lat' dir='ltr'>velit,</span> <span class='ocrx_word' id='word_1_238' title='bbox 765 1427 828 1453; x_wconf 84' lang='lat' dir='ltr'>tarn</span> <span class='ocrx_word' id='word_1_239' title='bbox 856 1422 952 1452; x_wconf 88' lang='lat' dir='ltr'>istum</span> <span class='ocrx_word' id='word_1_240' title='bbox 967 1432 1062 1463; x_wconf 90' lang='lat' dir='ltr'>quam</span> <span class='ocrx_word' id='word_1_241' title='bbox 1076 1421 1234 1453; x_wconf 84' lang='lat' dir='ltr'>interfecti</span> <span class='ocrx_word' id='word_1_242' title='bbox 1250 1425 1415 1463; x_wconf 87' lang='lat' dir='ltr'>cognatum</span> <span class='ocrx_word' id='word_1_243' title='bbox 1433 1421 1499 1450; x_wconf 84' lang='lat' dir='ltr'>haec</span> <span class='ocrx_word' id='word_1_244' title='bbox 1514 1418 1615 1458; x_wconf 85' lang='lat' dir='ltr'>negli-</span> 
     </span>
     <span class='ocr_line' id='line_1_23' title="bbox 147 1475 1613 1519; baseline -0.004 -11"><span class='ocrx_word' id='word_1_245' title='bbox 147 1482 274 1518; x_wconf 84' lang='lat' dir='ltr'>gentem</span> <span class='ocrx_word' id='word_1_246' title='bbox 290 1477 322 1508; x_wconf 89' lang='lat' dir='ltr'>in</span> <span class='ocrx_word' id='word_1_247' title='bbox 338 1477 497 1519; x_wconf 89' lang='lat' dir='ltr'>judicium</span> <span class='ocrx_word' id='word_1_248' title='bbox 513 1482 615 1514; x_wconf 87' lang='lat' dir='ltr'>vocet,</span> <span class='ocrx_word' id='word_1_249' title='bbox 630 1482 663 1508; x_wconf 88' lang='lat' dir='ltr'>et</span> <span class='ocrx_word' id='word_1_250' title='bbox 678 1477 710 1507; x_wconf 91' lang='lat' dir='ltr'>in</span> <span class='ocrx_word' id='word_1_251' title='bbox 726 1476 823 1518; x_wconf 87' lang='lat' dir='ltr'>duplo</span> <span class='ocrx_word' id='word_1_252' title='bbox 840 1481 905 1507; x_wconf 89' lang='lat' dir='ltr'>turn</span> <span class='ocrx_word' id='word_1_253' title='bbox 921 1477 1089 1518; x_wconf 87' lang='lat' dir='ltr'>pecuniam</span> <span class='ocrx_word' id='word_1_254' title='bbox 1103 1482 1170 1507; x_wconf 91' lang='lat' dir='ltr'>tum</span> <span class='ocrx_word' id='word_1_255' title='bbox 1186 1482 1291 1507; x_wconf 88' lang='lat' dir='ltr'>cetera</span> <span class='ocrx_word' id='word_1_256' title='bbox 1306 1475 1482 1517; x_wconf 81' lang='lat' dir='ltr'>persolvere</span> <span class='ocrx_word' id='word_1_257' title='bbox 1501 1478 1592 1514; x_wconf 91' lang='lat' dir='ltr'>cogat</span> <span class='ocrx_word' id='word_1_258' title='bbox 1607 1483 1613 1501; x_wconf 93' lang='lat'><strong>:</strong></span> 
     </span>
     <span class='ocr_line' id='line_1_24' title="bbox 146 1526 1615 1573; baseline -0.004 -10"><span class='ocrx_word' id='word_1_259' title='bbox 146 1531 292 1573; x_wconf 88' lang='lat' dir='ltr'>quodque</span> <span class='ocrx_word' id='word_1_260' title='bbox 319 1533 452 1563; x_wconf 81' lang='lat' dir='ltr'>solutum</span> <span class='ocrx_word' id='word_1_261' title='bbox 477 1537 536 1568; x_wconf 84' lang='lat' dir='ltr'>est,</span> <span class='ocrx_word' id='word_1_262' title='bbox 559 1532 626 1573; x_wconf 84' lang='lat' dir='ltr'>ipse</span> <span class='ocrx_word' id='word_1_263' title='bbox 651 1531 824 1562; x_wconf 86' lang='lat' dir='ltr'>secundum</span> <span class='ocrx_word' id='word_1_264' title='bbox 839 1532 942 1573; x_wconf 83' lang='lat' dir='ltr'>legem</span> <span class='ocrx_word' id='word_1_265' title='bbox 958 1531 1109 1573; x_wconf 83' lang='lat' dir='ltr'>accipiat.</span> <span class='ocrx_word' id='word_1_266' title='bbox 1135 1530 1161 1562; x_wconf 84' lang='lat' dir='ltr'>si</span> <span class='ocrx_word' id='word_1_267' title='bbox 1177 1540 1284 1561; x_wconf 86' lang='lat' dir='ltr'>servus</span> <span class='ocrx_word' id='word_1_268' title='bbox 1297 1530 1344 1560; x_wconf 92' lang='lat' dir='ltr'>ira</span> <span class='ocrx_word' id='word_1_269' title='bbox 1358 1528 1499 1560; x_wconf 88' lang='lat' dir='ltr'>concitus</span> <span class='ocrx_word' id='word_1_270' title='bbox 1515 1526 1615 1557; x_wconf 86' lang='lat' dir='ltr'>domi-</span> 
     </span>
     <span class='ocr_line' id='line_1_25' title="bbox 151 1581 1620 1627; baseline -0.004 -10"><span class='ocrx_word' id='word_1_271' title='bbox 151 1596 229 1616; x_wconf 90' lang='lat' dir='ltr'>num</span> <span class='ocrx_word' id='word_1_272' title='bbox 251 1596 342 1617; x_wconf 81' lang='lat' dir='ltr'>suum</span> <span class='ocrx_word' id='word_1_273' title='bbox 368 1586 537 1622; x_wconf 89' lang='lat' dir='ltr'>interimat,</span> <span class='ocrx_word' id='word_1_274' title='bbox 560 1586 656 1617; x_wconf 90' lang='lat' dir='ltr'>occisi</span> <span class='ocrx_word' id='word_1_275' title='bbox 681 1586 818 1617; x_wconf 86' lang='lat' dir='ltr'>hominis</span> <span class='ocrx_word' id='word_1_276' title='bbox 847 1586 984 1627; x_wconf 80' lang='lat' dir='ltr'>cog-nati,</span> <span class='ocrx_word' id='word_1_277' title='bbox 1001 1585 1157 1627; x_wconf 90' lang='lat' dir='ltr'>quomodo</span> <span class='ocrx_word' id='word_1_278' title='bbox 1174 1585 1283 1620; x_wconf 83' lang='lat' dir='ltr'>velint,</span> <span class='ocrx_word' id='word_1_279' title='bbox 1299 1584 1403 1625; x_wconf 84' lang='lat' dir='ltr'>ipsum</span> <span class='ocrx_word' id='word_1_280' title='bbox 1417 1581 1620 1616; x_wconf 88' lang='lat' dir='ltr'>interficiant,</span> 
     </span>
     <span class='ocr_line' id='line_1_26' title="bbox 149 1639 1616 1681; baseline -0.004 -11"><span class='ocrx_word' id='word_1_281' title='bbox 149 1639 322 1681; x_wconf 88' lang='lat' dir='ltr'>mundique</span> <span class='ocrx_word' id='word_1_282' title='bbox 338 1650 357 1671; x_wconf 88' lang='lat' dir='ltr'>a</span> <span class='ocrx_word' id='word_1_283' title='bbox 372 1640 502 1671; x_wconf 86' lang='lat' dir='ltr'>crimine</span> <span class='ocrx_word' id='word_1_284' title='bbox 518 1641 591 1676; x_wconf 87' lang='lat' dir='ltr'>sint,</span> <span class='ocrx_word' id='word_1_285' title='bbox 606 1640 774 1671; x_wconf 91' lang='lat' dir='ltr'>dummodo</span> <span class='ocrx_word' id='word_1_286' title='bbox 790 1640 899 1671; x_wconf 78' lang='lat' dir='ltr'>vivum</span> <span class='ocrx_word' id='word_1_287' title='bbox 913 1650 976 1671; x_wconf 92' lang='lat' dir='ltr'>non</span> <span class='ocrx_word' id='word_1_288' title='bbox 994 1639 1257 1671; x_wconf 85' lang='lat' dir='ltr'>conservaverint.</span> <span class='ocrx_word' id='word_1_289' title='bbox 1280 1639 1329 1669; x_wconf 82' lang='lat' dir='ltr'>sin</span> <span class='ocrx_word' id='word_1_290' title='bbox 1346 1648 1417 1668; x_wconf 86' lang='lat' dir='ltr'>vero</span> <span class='ocrx_word' id='word_1_291' title='bbox 1431 1646 1537 1667; x_wconf 82' lang='lat' dir='ltr'>servus</span> <span class='ocrx_word' id='word_1_292' title='bbox 1551 1645 1616 1665; x_wconf 90' lang='lat' dir='ltr'>non</span> 
     </span>
     <span class='ocr_line' id='line_1_27' title="bbox 150 1689 1618 1736; baseline -0.003 -12"><span class='ocrx_word' id='word_1_293' title='bbox 150 1694 312 1725; x_wconf 89' lang='lat' dir='ltr'>dominum</span> <span class='ocrx_word' id='word_1_294' title='bbox 335 1704 435 1730; x_wconf 81' lang='lat' dir='ltr'>suum,</span> <span class='ocrx_word' id='word_1_295' title='bbox 450 1695 506 1725; x_wconf 84' lang='lat' dir='ltr'>sed</span> <span class='ocrx_word' id='word_1_296' title='bbox 521 1695 618 1725; x_wconf 84' lang='lat' dir='ltr'>alium</span> <span class='ocrx_word' id='word_1_297' title='bbox 633 1695 765 1725; x_wconf 89' lang='lat' dir='ltr'>liberum</span> <span class='ocrx_word' id='word_1_298' title='bbox 778 1705 834 1736; x_wconf 90' lang='lat' dir='ltr'>per</span> <span class='ocrx_word' id='word_1_299' title='bbox 850 1695 924 1725; x_wconf 87' lang='lat' dir='ltr'>iram</span> <span class='ocrx_word' id='word_1_300' title='bbox 940 1694 1071 1730; x_wconf 84' lang='lat' dir='ltr'>necarit,</span> <span class='ocrx_word' id='word_1_301' title='bbox 1081 1693 1234 1725; x_wconf 87' lang='lat' dir='ltr'>adomino</span> <span class='ocrx_word' id='word_1_302' title='bbox 1247 1703 1302 1724; x_wconf 89' lang='lat' dir='ltr'>suo</span> <span class='ocrx_word' id='word_1_303' title='bbox 1310 1691 1467 1723; x_wconf 87' lang='lat' dir='ltr'>interfecti</span> <span class='ocrx_word' id='word_1_304' title='bbox 1479 1689 1618 1731; x_wconf 82' lang='lat' dir='ltr'>cognatis</span> 
     </span>
     <span class='ocr_line' id='line_1_28' title="bbox 148 1748 1620 1791; baseline -0.003 -13"><span class='ocrx_word' id='word_1_305' title='bbox 148 1748 302 1784; x_wconf 77' lang='lat' dir='ltr'>tradatur,</span> <span class='ocrx_word' id='word_1_306' title='bbox 333 1748 398 1790; x_wconf 89' lang='lat' dir='ltr'>qui,</span> <span class='ocrx_word' id='word_1_307' title='bbox 427 1753 586 1790; x_wconf 87' lang='lat' dir='ltr'>utcunque</span> <span class='ocrx_word' id='word_1_308' title='bbox 614 1750 725 1787; x_wconf 84' lang='lat' dir='ltr'>velint,</span> <span class='ocrx_word' id='word_1_309' title='bbox 755 1750 882 1780; x_wconf 89' lang='lat' dir='ltr'>omnino</span> <span class='ocrx_word' id='word_1_310' title='bbox 910 1749 1013 1791; x_wconf 87' lang='lat' dir='ltr'>ipsum</span> <span class='ocrx_word' id='word_1_311' title='bbox 1039 1748 1229 1779; x_wconf 78' lang='lat' dir='ltr'>interimant.</span> <span class='ocrx_word' id='word_1_312' title='bbox 1263 1748 1290 1777; x_wconf 82' lang='lat' dir='ltr'>si</span> <span class='ocrx_word' id='word_1_313' title='bbox 1319 1752 1407 1788; x_wconf 82' lang='lat' dir='ltr'>pater</span> <span class='ocrx_word' id='word_1_314' title='bbox 1437 1750 1491 1776; x_wconf 91' lang='lat' dir='ltr'>aut</span> <span class='ocrx_word' id='word_1_315' title='bbox 1519 1749 1620 1774; x_wconf 87' lang='lat' dir='ltr'>mater</span> 
     </span>
     <span class='ocr_line' id='line_1_29' title="bbox 147 1799 1616 1845; baseline -0.003 -13"><span class='ocrx_word' id='word_1_316' title='bbox 147 1802 285 1844; x_wconf 85' lang='lat' dir='ltr'>(accidit</span> <span class='ocrx_word' id='word_1_317' title='bbox 298 1803 383 1833; x_wconf 90' lang='lat' dir='ltr'>enim</span> <span class='ocrx_word' id='word_1_318' title='bbox 398 1803 541 1844; x_wconf 88' lang='lat' dir='ltr'>quamvis</span> <span class='ocrx_word' id='word_1_319' title='bbox 556 1803 642 1845; x_wconf 91' lang='lat' dir='ltr'>raro)</span> <span class='ocrx_word' id='word_1_320' title='bbox 666 1814 723 1845; x_wconf 89' lang='lat' dir='ltr'>per</span> <span class='ocrx_word' id='word_1_321' title='bbox 744 1804 823 1834; x_wconf 91' lang='lat' dir='ltr'>iram</span> <span class='ocrx_word' id='word_1_322' title='bbox 837 1803 1015 1834; x_wconf 79' lang='lat' dir='ltr'>verberibus</span> <span class='ocrx_word' id='word_1_323' title='bbox 1031 1813 1087 1834; x_wconf 84' lang='lat' dir='ltr'>seu</span> <span class='ocrx_word' id='word_1_324' title='bbox 1102 1802 1212 1844; x_wconf 84' lang='lat' dir='ltr'>quovis</span> <span class='ocrx_word' id='word_1_325' title='bbox 1226 1802 1322 1832; x_wconf 88' lang='lat' dir='ltr'>modo</span> <span class='ocrx_word' id='word_1_326' title='bbox 1338 1801 1437 1831; x_wconf 88' lang='lat' dir='ltr'>filium</span> <span class='ocrx_word' id='word_1_327' title='bbox 1452 1800 1504 1829; x_wconf 88' lang='lat' dir='ltr'>vel</span> <span class='ocrx_word' id='word_1_328' title='bbox 1519 1799 1616 1829; x_wconf 87' lang='lat' dir='ltr'>filiam</span> 
     </span>
     <span class='ocr_line' id='line_1_30' title="bbox 147 1855 1621 1899; baseline -0.003 -12"><span class='ocrx_word' id='word_1_329' title='bbox 147 1855 325 1894; x_wconf 82' lang='lat' dir='ltr'>interficiat,</span> <span class='ocrx_word' id='word_1_330' title='bbox 352 1856 483 1898; x_wconf 85' lang='lat' dir='ltr'>perinde</span> <span class='ocrx_word' id='word_1_331' title='bbox 510 1867 546 1889; x_wconf 89' lang='lat' dir='ltr'>ac</span> <span class='ocrx_word' id='word_1_332' title='bbox 575 1858 672 1890; x_wconf 81' lang='lat' dir='ltr'>ceteri</span> <span class='ocrx_word' id='word_1_333' title='bbox 697 1858 864 1889; x_wconf 86' lang='lat' dir='ltr'>homicidae</span> <span class='ocrx_word' id='word_1_334' title='bbox 891 1862 1042 1899; x_wconf 85' lang='lat' dir='ltr'>purgetur</span> <span class='ocrx_word' id='word_1_335' title='bbox 1070 1863 1103 1888; x_wconf 87' lang='lat' dir='ltr'>et</span> <span class='ocrx_word' id='word_1_336' title='bbox 1133 1857 1301 1887; x_wconf 84' lang='lat' dir='ltr'>triennium</span> <span class='ocrx_word' id='word_1_337' title='bbox 1332 1855 1461 1886; x_wconf 73' lang='lat' dir='ltr'>exsulet.</span> <span class='ocrx_word' id='word_1_338' title='bbox 1485 1863 1521 1884; x_wconf 91' lang='lat' dir='ltr'>ac</span> <span class='ocrx_word' id='word_1_339' title='bbox 1548 1858 1621 1894; x_wconf 86' lang='lat' dir='ltr'>post</span> 
     </span>
     <span class='ocr_line' id='line_1_31' title="bbox 147 1907 1618 1953; baseline -0.004 -11"><span class='ocrx_word' id='word_1_340' title='bbox 147 1911 250 1952; x_wconf 86' lang='lat' dir='ltr'>ipsam</span> <span class='ocrx_word' id='word_1_341' title='bbox 273 1911 508 1942; x_wconf 83' lang='lat' dir='ltr'>restitutionem</span> <span class='ocrx_word' id='word_1_342' title='bbox 535 1912 665 1942; x_wconf 83' lang='lat' dir='ltr'>maritus</span> <span class='ocrx_word' id='word_1_343' title='bbox 695 1913 734 1942; x_wconf 88' lang='lat' dir='ltr'>ab</span> <span class='ocrx_word' id='word_1_344' title='bbox 764 1922 860 1942; x_wconf 81' lang='lat' dir='ltr'>uxore</span> <span class='ocrx_word' id='word_1_345' title='bbox 890 1922 1029 1953; x_wconf 76' lang='lat' dir='ltr'>uxorque</span> <span class='ocrx_word' id='word_1_346' title='bbox 1053 1922 1072 1942; x_wconf 89' lang='lat' dir='ltr'>a</span> <span class='ocrx_word' id='word_1_347' title='bbox 1101 1911 1211 1942; x_wconf 88' lang='lat' dir='ltr'>marito</span> <span class='ocrx_word' id='word_1_348' title='bbox 1242 1914 1435 1951; x_wconf 83' lang='lat' dir='ltr'>separentur,</span> <span class='ocrx_word' id='word_1_349' title='bbox 1451 1919 1511 1939; x_wconf 89' lang='lat' dir='ltr'>nec</span> <span class='ocrx_word' id='word_1_350' title='bbox 1526 1907 1618 1937; x_wconf 85' lang='lat' dir='ltr'>simul</span> 
     </span>
     <span class='ocr_line' id='line_1_32' title="bbox 151 1960 1618 2006; baseline -0.004 -11"><span class='ocrx_word' id='word_1_351' title='bbox 151 1965 286 2006; x_wconf 86' lang='lat' dir='ltr'>amplius</span> <span class='ocrx_word' id='word_1_352' title='bbox 309 1965 417 1996; x_wconf 88' lang='lat' dir='ltr'>liberis</span> <span class='ocrx_word' id='word_1_353' title='bbox 441 1965 647 2006; x_wconf 87' lang='lat' dir='ltr'>procreandis</span> <span class='ocrx_word' id='word_1_354' title='bbox 662 1975 790 2006; x_wconf 88' lang='lat' dir='ltr'>operam</span> <span class='ocrx_word' id='word_1_355' title='bbox 803 1964 882 1995; x_wconf 91' lang='lat' dir='ltr'>dent</span> <span class='ocrx_word' id='word_1_356' title='bbox 899 1976 904 1994; x_wconf 92' lang='lat'>:</span> <span class='ocrx_word' id='word_1_357' title='bbox 930 1971 1101 2005; x_wconf 83' lang='lat' dir='ltr'>neuterque</span> <span class='ocrx_word' id='word_1_358' title='bbox 1117 1965 1224 2004; x_wconf 73' lang='lat' dir='ltr'>horum</span> <span class='ocrx_word' id='word_1_359' title='bbox 1242 1962 1334 1993; x_wconf 87' lang='lat' dir='ltr'>simul</span> <span class='ocrx_word' id='word_1_360' title='bbox 1349 1973 1418 1993; x_wconf 89' lang='lat' dir='ltr'>cum</span> <span class='ocrx_word' id='word_1_361' title='bbox 1435 1972 1473 1992; x_wconf 85' lang='lat' dir='ltr'>eo</span> <span class='ocrx_word' id='word_1_362' title='bbox 1488 1960 1618 1995; x_wconf 86' lang='lat' dir='ltr'>habitet,</span> 
     </span>
     <span class='ocr_line' id='line_1_33' title="bbox 150 2015 1620 2059; baseline -0.003 -10"><span class='ocrx_word' id='word_1_363' title='bbox 150 2019 240 2059; x_wconf 88' lang='lat' dir='ltr'>cujus</span> <span class='ocrx_word' id='word_1_364' title='bbox 255 2019 355 2050; x_wconf 87' lang='lat' dir='ltr'>filium</span> <span class='ocrx_word' id='word_1_365' title='bbox 377 2020 425 2050; x_wconf 90' lang='lat' dir='ltr'>vel</span> <span class='ocrx_word' id='word_1_366' title='bbox 443 2019 571 2051; x_wconf 88' lang='lat' dir='ltr'>fratrem</span> <span class='ocrx_word' id='word_1_367' title='bbox 584 2019 711 2055; x_wconf 88' lang='lat' dir='ltr'>occidit,</span> <span class='ocrx_word' id='word_1_368' title='bbox 725 2030 786 2050; x_wconf 88' lang='lat' dir='ltr'>nec</span> <span class='ocrx_word' id='word_1_369' title='bbox 801 2029 864 2050; x_wconf 91' lang='lat' dir='ltr'>una</span> <span class='ocrx_word' id='word_1_370' title='bbox 879 2029 950 2050; x_wconf 91' lang='lat' dir='ltr'>cum</span> <span class='ocrx_word' id='word_1_371' title='bbox 967 2029 1004 2049; x_wconf 89' lang='lat' dir='ltr'>eo</span> <span class='ocrx_word' id='word_1_372' title='bbox 1020 2018 1117 2049; x_wconf 88' lang='lat' dir='ltr'>sacris</span> <span class='ocrx_word' id='word_1_373' title='bbox 1133 2017 1354 2049; x_wconf 87' lang='lat' dir='ltr'>communicet.</span> <span class='ocrx_word' id='word_1_374' title='bbox 1377 2022 1409 2046; x_wconf 87' lang='lat' dir='ltr'>et</span> <span class='ocrx_word' id='word_1_375' title='bbox 1431 2016 1483 2057; x_wconf 90' lang='lat' dir='ltr'>qui</span> <span class='ocrx_word' id='word_1_376' title='bbox 1508 2015 1620 2055; x_wconf 89' lang='lat' dir='ltr'>impie-</span> 
     </span>
     <span class='ocr_line' id='line_1_34' title="bbox 150 2071 1622 2115; baseline -0.003 -11"><span class='ocrx_word' id='word_1_377' title='bbox 150 2078 215 2104; x_wconf 81' lang='lat' dir='ltr'>tate</span> <span class='ocrx_word' id='word_1_378' title='bbox 230 2074 326 2104; x_wconf 86' lang='lat' dir='ltr'>animi</span> <span class='ocrx_word' id='word_1_379' title='bbox 341 2073 389 2103; x_wconf 80' lang='lat' dir='ltr'>his</span> <span class='ocrx_word' id='word_1_380' title='bbox 403 2073 523 2115; x_wconf 87' lang='lat' dir='ltr'>legibus</span> <span class='ocrx_word' id='word_1_381' title='bbox 536 2085 599 2104; x_wconf 88' lang='lat' dir='ltr'>non</span> <span class='ocrx_word' id='word_1_382' title='bbox 614 2073 763 2115; x_wconf 85' lang='lat' dir='ltr'>paruerit,</span> <span class='ocrx_word' id='word_1_383' title='bbox 788 2081 821 2104; x_wconf 89' lang='lat' dir='ltr'>nt</span> <span class='ocrx_word' id='word_1_384' title='bbox 847 2073 1016 2115; x_wconf 86' lang='lat' dir='ltr'>impietatis</span> <span class='ocrx_word' id='word_1_385' title='bbox 1031 2083 1103 2103; x_wconf 85' lang='lat' dir='ltr'>reus</span> <span class='ocrx_word' id='word_1_386' title='bbox 1117 2083 1135 2103; x_wconf 87' lang='lat' dir='ltr'>a</span> <span class='ocrx_word' id='word_1_387' title='bbox 1151 2073 1278 2103; x_wconf 87' lang='lat' dir='ltr'>volente</span> <span class='ocrx_word' id='word_1_388' title='bbox 1293 2071 1435 2113; x_wconf 85' lang='lat' dir='ltr'>quolibet</span> <span class='ocrx_word' id='word_1_389' title='bbox 1451 2075 1622 2100; x_wconf 80' lang='lat' dir='ltr'>accusetur.</span> 
     </span>
     <span class='ocr_line' id='line_1_35' title="bbox 151 2123 1623 2169; baseline -0.003 -11"><span class='ocrx_word' id='word_1_390' title='bbox 151 2127 174 2158; x_wconf 86' lang='lat' dir='ltr'>si</span> <span class='ocrx_word' id='word_1_391' title='bbox 202 2127 249 2158; x_wconf 85' lang='lat' dir='ltr'>vir</span> <span class='ocrx_word' id='word_1_392' title='bbox 274 2137 401 2158; x_wconf 85' lang='lat' dir='ltr'>uxorem</span> <span class='ocrx_word' id='word_1_393' title='bbox 425 2133 480 2159; x_wconf 89' lang='lat' dir='ltr'>aut</span> <span class='ocrx_word' id='word_1_394' title='bbox 504 2139 582 2159; x_wconf 79' lang='lat' dir='ltr'>uxor</span> <span class='ocrx_word' id='word_1_395' title='bbox 596 2128 697 2159; x_wconf 89' lang='lat' dir='ltr'>virum</span> <span class='ocrx_word' id='word_1_396' title='bbox 721 2138 777 2169; x_wconf 91' lang='lat' dir='ltr'>per</span> <span class='ocrx_word' id='word_1_397' title='bbox 791 2129 871 2159; x_wconf 90' lang='lat' dir='ltr'>iram</span> <span class='ocrx_word' id='word_1_398' title='bbox 900 2128 1072 2163; x_wconf 88' lang='lat' dir='ltr'>necaverit,</span> <span class='ocrx_word' id='word_1_399' title='bbox 1090 2132 1236 2168; x_wconf 85' lang='lat' dir='ltr'>purgetur</span> <span class='ocrx_word' id='word_1_400' title='bbox 1250 2126 1393 2156; x_wconf 87' lang='lat' dir='ltr'>similiter</span> <span class='ocrx_word' id='word_1_401' title='bbox 1407 2131 1441 2155; x_wconf 87' lang='lat' dir='ltr'>et</span> <span class='ocrx_word' id='word_1_402' title='bbox 1455 2123 1623 2154; x_wconf 62' lang='lat' dir='ltr'>triennium</span> 
     </span>
     <span class='ocr_line' id='line_1_36' title="bbox 150 2179 1623 2224; baseline -0.003 -12"><span class='ocrx_word' id='word_1_403' title='bbox 150 2181 307 2223; x_wconf 85' lang='lat' dir='ltr'>integrum</span> <span class='ocrx_word' id='word_1_404' title='bbox 334 2181 475 2213; x_wconf 81' lang='lat' dir='ltr'>exsulet.-</span> <span class='ocrx_word' id='word_1_405' title='bbox 500 2192 633 2224; x_wconf 88' lang='lat' dir='ltr'>cumque</span> <span class='ocrx_word' id='word_1_406' title='bbox 659 2182 800 2218; x_wconf 86' lang='lat' dir='ltr'>redierit,</span> <span class='ocrx_word' id='word_1_407' title='bbox 827 2193 885 2213; x_wconf 84' lang='lat' dir='ltr'>nec</span> <span class='ocrx_word' id='word_1_408' title='bbox 912 2182 1007 2212; x_wconf 84' lang='lat' dir='ltr'>sacris</span> <span class='ocrx_word' id='word_1_409' title='bbox 1035 2192 1107 2213; x_wconf 91' lang='lat' dir='ltr'>cum</span> <span class='ocrx_word' id='word_1_410' title='bbox 1133 2181 1240 2212; x_wconf 88' lang='lat' dir='ltr'>liberis</span> <span class='ocrx_word' id='word_1_411' title='bbox 1255 2181 1318 2211; x_wconf 82' lang='lat' dir='ltr'>suis</span> <span class='ocrx_word' id='word_1_412' title='bbox 1335 2179 1549 2211; x_wconf 89' lang='lat' dir='ltr'>communicet</span> <span class='ocrx_word' id='word_1_413' title='bbox 1563 2188 1623 2208; x_wconf 82' lang='lat' dir='ltr'>nec</span> 
     </span>
     <span class='ocr_line' id='line_1_37' title="bbox 151 2233 1623 2278; baseline -0.003 -13"><span class='ocrx_word' id='word_1_414' title='bbox 151 2245 215 2266; x_wconf 84' lang='lat' dir='ltr'>una</span> <span class='ocrx_word' id='word_1_415' title='bbox 238 2245 349 2266; x_wconf 88' lang='lat' dir='ltr'>mensa</span> <span class='ocrx_word' id='word_1_416' title='bbox 367 2241 483 2267; x_wconf 90' lang='lat' dir='ltr'>utatur.</span> <span class='ocrx_word' id='word_1_417' title='bbox 507 2237 593 2278; x_wconf 87' lang='lat' dir='ltr'>quod</span> <span class='ocrx_word' id='word_1_418' title='bbox 619 2237 645 2268; x_wconf 90' lang='lat' dir='ltr'>si</span> <span class='ocrx_word' id='word_1_419' title='bbox 672 2247 735 2267; x_wconf 88' lang='lat' dir='ltr'>non</span> <span class='ocrx_word' id='word_1_420' title='bbox 751 2242 854 2268; x_wconf 80' lang='lat' dir='ltr'>servet</span> <span class='ocrx_word' id='word_1_421' title='bbox 870 2237 994 2278; x_wconf 81' lang='lat' dir='ltr'>genitor</span> <span class='ocrx_word' id='word_1_422' title='bbox 1009 2244 1063 2267; x_wconf 87' lang='lat' dir='ltr'>aut</span> <span class='ocrx_word' id='word_1_423' title='bbox 1079 2236 1171 2272; x_wconf 89' lang='lat' dir='ltr'>filius,</span> <span class='ocrx_word' id='word_1_424' title='bbox 1189 2234 1361 2276; x_wconf 84' lang='lat' dir='ltr'>impietatis</span> <span class='ocrx_word' id='word_1_425' title='bbox 1376 2243 1449 2264; x_wconf 88' lang='lat' dir='ltr'>reus</span> <span class='ocrx_word' id='word_1_426' title='bbox 1464 2233 1623 2272; x_wconf 29' lang='lat' dir='ltr'>a-volente</span> 
     </span>
     <span class='ocr_line' id='line_1_38' title="bbox 151 2287 1627 2330; baseline -0.003 -11"><span class='ocrx_word' id='word_1_427' title='bbox 151 2289 293 2330; x_wconf 86' lang='lat' dir='ltr'>quolibet</span> <span class='ocrx_word' id='word_1_428' title='bbox 315 2296 488 2322; x_wconf 79' lang='lat' dir='ltr'>accusetur.</span> <span class='ocrx_word' id='word_1_429' title='bbox 504 2291 599 2322; x_wconf 78' lang='lat' dir='ltr'>frater</span> <span class='ocrx_word' id='word_1_430' title='bbox 612 2301 686 2322; x_wconf 90' lang='lat' dir='ltr'>vero</span> <span class='ocrx_word' id='word_1_431' title='bbox 699 2292 725 2322; x_wconf 86' lang='lat' dir='ltr'>si</span> <span class='ocrx_word' id='word_1_432' title='bbox 739 2291 865 2322; x_wconf 86' lang='lat' dir='ltr'>fratrem</span> <span class='ocrx_word' id='word_1_433' title='bbox 880 2297 933 2322; x_wconf 88' lang='lat' dir='ltr'>aut</span> <span class='ocrx_word' id='word_1_434' title='bbox 942 2301 1087 2326; x_wconf 85' lang='lat' dir='ltr'>sororem,</span> <span class='ocrx_word' id='word_1_435' title='bbox 1100 2296 1133 2321; x_wconf 92' lang='lat' dir='ltr'>et</span> <span class='ocrx_word' id='word_1_436' title='bbox 1144 2300 1226 2321; x_wconf 84' lang='lat' dir='ltr'>soror</span> <span class='ocrx_word' id='word_1_437' title='bbox 1241 2290 1266 2319; x_wconf 89' lang='lat' dir='ltr'>si</span> <span class='ocrx_word' id='word_1_438' title='bbox 1282 2298 1421 2320; x_wconf 85' lang='lat' dir='ltr'>sororem</span> <span class='ocrx_word' id='word_1_439' title='bbox 1436 2288 1486 2318; x_wconf 85' lang='lat' dir='ltr'>vel</span> <span class='ocrx_word' id='word_1_440' title='bbox 1500 2287 1627 2317; x_wconf 79' lang='lat' dir='ltr'>fratrem</span> 
     </span>
     <span class='ocr_line' id='line_1_39' title="bbox 151 2343 1626 2388; baseline -0.002 -15"><span class='ocrx_word' id='word_1_441' title='bbox 151 2343 199 2373; x_wconf 85' lang='lat' dir='ltr'>ira</span> <span class='ocrx_word' id='word_1_442' title='bbox 224 2343 383 2380; x_wconf 88' lang='lat' dir='ltr'>occiderit,</span> <span class='ocrx_word' id='word_1_443' title='bbox 409 2354 473 2375; x_wconf 89' lang='lat' dir='ltr'>non</span> <span class='ocrx_word' id='word_1_444' title='bbox 500 2345 590 2376; x_wconf 88' lang='lat' dir='ltr'>aliter</span> <span class='ocrx_word' id='word_1_445' title='bbox 615 2356 710 2387; x_wconf 89' lang='lat' dir='ltr'>quam</span> <span class='ocrx_word' id='word_1_446' title='bbox 736 2351 893 2388; x_wconf 83' lang='lat' dir='ltr'>parentes,</span> <span class='ocrx_word' id='word_1_447' title='bbox 910 2346 964 2387; x_wconf 90' lang='lat' dir='ltr'>qui</span> <span class='ocrx_word' id='word_1_448' title='bbox 980 2345 1092 2375; x_wconf 85' lang='lat' dir='ltr'>liberos</span> <span class='ocrx_word' id='word_1_449' title='bbox 1109 2344 1343 2379; x_wconf 84' lang='lat' dir='ltr'>interfecerunt,</span> <span class='ocrx_word' id='word_1_450' title='bbox 1366 2347 1398 2372; x_wconf 90' lang='lat' dir='ltr'>et</span> <span class='ocrx_word' id='word_1_451' title='bbox 1422 2346 1569 2382; x_wconf 80' lang='lat' dir='ltr'>purgetur</span> <span class='ocrx_word' id='word_1_452' title='bbox 1590 2346 1626 2371; x_wconf 79' lang='lat' dir='ltr'>et</span> 
     </span>
     <span class='ocr_line' id='line_1_40' title="bbox 151 2395 1625 2438; baseline -0.001 -12"><span class='ocrx_word' id='word_1_453' title='bbox 151 2397 277 2427; x_wconf 76' lang='lat' dir='ltr'>exsulet</span> <span class='ocrx_word' id='word_1_454' title='bbox 294 2409 300 2426; x_wconf 73' lang='grc' dir='ltr'><strong><em>ι</em></strong></span> <span class='ocrx_word' id='word_1_455' title='bbox 324 2407 385 2428; x_wconf 86' lang='lat' dir='ltr'>nec</span> <span class='ocrx_word' id='word_1_456' title='bbox 400 2404 473 2438; x_wconf 89' lang='lat' dir='ltr'>post</span> <span class='ocrx_word' id='word_1_457' title='bbox 487 2399 622 2430; x_wconf 85' lang='lat' dir='ltr'>reditum</span> <span class='ocrx_word' id='word_1_458' title='bbox 635 2401 729 2431; x_wconf 78' lang='lat' dir='ltr'>sacris</span> <span class='ocrx_word' id='word_1_459' title='bbox 744 2405 777 2431; x_wconf 87' lang='lat' dir='ltr'>et</span> <span class='ocrx_word' id='word_1_460' title='bbox 794 2410 901 2431; x_wconf 84' lang='lat' dir='ltr'>mensa</span> <span class='ocrx_word' id='word_1_461' title='bbox 915 2410 987 2431; x_wconf 90' lang='lat' dir='ltr'>cum</span> <span class='ocrx_word' id='word_1_462' title='bbox 1003 2399 1067 2430; x_wconf 86' lang='lat' dir='ltr'>illis</span> <span class='ocrx_word' id='word_1_463' title='bbox 1080 2397 1301 2433; x_wconf 84' lang='lat' dir='ltr'>communicet,</span> <span class='ocrx_word' id='word_1_464' title='bbox 1316 2406 1394 2438; x_wconf 91' lang='lat' dir='ltr'>quos</span> <span class='ocrx_word' id='word_1_465' title='bbox 1410 2395 1555 2426; x_wconf 77' lang='lat' dir='ltr'>fratribus</span> <span class='ocrx_word' id='word_1_466' title='bbox 1571 2399 1625 2425; x_wconf 90' lang='lat' dir='ltr'>aut</span> 
     </span>
     <span class='ocr_line' id='line_1_41' title="bbox 151 2449 1625 2496; baseline -0.002 -15"><span class='ocrx_word' id='word_1_467' title='bbox 151 2450 305 2481; x_wconf 89' lang='lat' dir='ltr'>sororibus</span> <span class='ocrx_word' id='word_1_468' title='bbox 320 2450 430 2481; x_wconf 83' lang='lat' dir='ltr'>filiisve</span> <span class='ocrx_word' id='word_1_469' title='bbox 446 2452 590 2492; x_wconf 80' lang='lat' dir='ltr'>privavit.</span> <span class='ocrx_word' id='word_1_470' title='bbox 616 2453 715 2496; x_wconf 83' lang='lat'>[869]</span> <span class='ocrx_word' id='word_1_471' title='bbox 733 2454 787 2495; x_wconf 92' lang='lat' dir='ltr'>qui</span> <span class='ocrx_word' id='word_1_472' title='bbox 802 2455 901 2495; x_wconf 87' lang='lat' dir='ltr'>legem</span> <span class='ocrx_word' id='word_1_473' title='bbox 915 2455 996 2485; x_wconf 89' lang='lat' dir='ltr'>hanc</span> <span class='ocrx_word' id='word_1_474' title='bbox 1014 2453 1270 2493; x_wconf 77' lang='lat' dir='ltr'>transgredietur,</span> <span class='ocrx_word' id='word_1_475' title='bbox 1283 2451 1354 2490; x_wconf 82' lang='lat' dir='ltr'>jure</span> <span class='ocrx_word' id='word_1_476' title='bbox 1370 2455 1405 2480; x_wconf 89' lang='lat' dir='ltr'>ut</span> <span class='ocrx_word' id='word_1_477' title='bbox 1418 2449 1534 2490; x_wconf 86' lang='lat' dir='ltr'>impius</span> <span class='ocrx_word' id='word_1_478' title='bbox 1549 2459 1625 2479; x_wconf 90' lang='lat' dir='ltr'>con-</span> 
     </span>
     <span class='ocr_line' id='line_1_42' title="bbox 151 2503 1622 2548; baseline -0.002 -13"><span class='ocrx_word' id='word_1_479' title='bbox 151 2505 359 2536; x_wconf 90' lang='lat' dir='ltr'>demnabitur.</span> <span class='ocrx_word' id='word_1_480' title='bbox 382 2510 414 2535; x_wconf 85' lang='lat' dir='ltr'>at</span> <span class='ocrx_word' id='word_1_481' title='bbox 434 2515 508 2536; x_wconf 89' lang='lat' dir='ltr'>vero</span> <span class='ocrx_word' id='word_1_482' title='bbox 536 2517 608 2537; x_wconf 89' lang='lat' dir='ltr'>cum</span> <span class='ocrx_word' id='word_1_483' title='bbox 623 2507 692 2548; x_wconf 85' lang='lat' dir='ltr'>quis</span> <span class='ocrx_word' id='word_1_484' title='bbox 707 2509 786 2539; x_wconf 87' lang='lat' dir='ltr'>adeo</span> <span class='ocrx_word' id='word_1_485' title='bbox 799 2509 900 2539; x_wconf 85' lang='lat' dir='ltr'>victus</span> <span class='ocrx_word' id='word_1_486' title='bbox 915 2509 953 2539; x_wconf 89' lang='lat' dir='ltr'>ab</span> <span class='ocrx_word' id='word_1_487' title='bbox 969 2509 1014 2538; x_wconf 90' lang='lat' dir='ltr'>ira</span> <span class='ocrx_word' id='word_1_488' title='bbox 1028 2508 1134 2542; x_wconf 78' lang='lat' dir='ltr'>fuerit,</span> <span class='ocrx_word' id='word_1_489' title='bbox 1153 2512 1187 2537; x_wconf 87' lang='lat' dir='ltr'>ut</span> <span class='ocrx_word' id='word_1_490' title='bbox 1209 2507 1318 2536; x_wconf 76' lang='lat' dir='ltr'>insano</span> <span class='ocrx_word' id='word_1_491' title='bbox 1337 2504 1505 2535; x_wconf 63' lang='lat' dir='ltr'>iracundiae</span> <span class='ocrx_word' id='word_1_492' title='bbox 1521 2503 1622 2533; x_wconf 86' lang='lat' dir='ltr'>surore</span> 
     </span>
     <span class='ocr_line' id='line_1_43' title="bbox 151 2558 1622 2604; baseline -0.004 -13"><span class='ocrx_word' id='word_1_493' title='bbox 151 2565 312 2602; x_wconf 80' lang='lat' dir='ltr'>parentem</span> <span class='ocrx_word' id='word_1_494' title='bbox 338 2559 542 2596; x_wconf 83' lang='lat' dir='ltr'>interemerit,</span> <span class='ocrx_word' id='word_1_495' title='bbox 566 2561 591 2591; x_wconf 86' lang='lat' dir='ltr'>si</span> <span class='ocrx_word' id='word_1_496' title='bbox 619 2571 744 2602; x_wconf 84' lang='lat' dir='ltr'>parens,</span> <span class='ocrx_word' id='word_1_497' title='bbox 772 2568 942 2604; x_wconf 85' lang='lat' dir='ltr'>antequam</span> <span class='ocrx_word' id='word_1_498' title='bbox 967 2567 1095 2593; x_wconf 82' lang='lat' dir='ltr'>mortem</span> <span class='ocrx_word' id='word_1_499' title='bbox 1123 2562 1233 2595; x_wconf 82' lang='lat' dir='ltr'>obiret,</span> <span class='ocrx_word' id='word_1_500' title='bbox 1255 2564 1366 2601; x_wconf 79' lang='lat' dir='ltr'>sponte</span> <span class='ocrx_word' id='word_1_501' title='bbox 1394 2558 1622 2588; x_wconf 79' lang='lat' dir='ltr'>interfectorem</span> 
     </span>
     <span class='ocr_line' id='line_1_44' title="bbox 153 2613 1621 2657; baseline -0.003 -12"><span class='ocrx_word' id='word_1_502' title='bbox 153 2625 243 2645; x_wconf 80' lang='lat' dir='ltr'>suum</span> <span class='ocrx_word' id='word_1_503' title='bbox 265 2623 284 2643; x_wconf 82' lang='lat' dir='ltr'>a</span> <span class='ocrx_word' id='word_1_504' title='bbox 311 2613 398 2644; x_wconf 84' lang='lat' dir='ltr'>caede</span> <span class='ocrx_word' id='word_1_505' title='bbox 415 2613 570 2650; x_wconf 91' lang='lat' dir='ltr'>liberavit,</span> <span class='ocrx_word' id='word_1_506' title='bbox 585 2615 677 2646; x_wconf 85' lang='lat' dir='ltr'>sicuti</span> <span class='ocrx_word' id='word_1_507' title='bbox 692 2617 745 2657; x_wconf 90' lang='lat' dir='ltr'>qui</span> <span class='ocrx_word' id='word_1_508' title='bbox 761 2625 873 2657; x_wconf 83' lang='lat' dir='ltr'>sponte</span> <span class='ocrx_word' id='word_1_509' title='bbox 889 2617 1007 2647; x_wconf 87' lang='lat' dir='ltr'>caedem</span> <span class='ocrx_word' id='word_1_510' title='bbox 1023 2615 1254 2650; x_wconf 76' lang='lat' dir='ltr'>commiserunt,</span> <span class='ocrx_word' id='word_1_511' title='bbox 1270 2619 1421 2655; x_wconf 81' lang='lat' dir='ltr'>purgatus</span> <span class='ocrx_word' id='word_1_512' title='bbox 1446 2613 1621 2652; x_wconf 73' lang='lat' dir='ltr'>ceterisque</span> 
     </span>
     <span class='ocr_line' id='line_1_45' title="bbox 153 2663 1625 2710; baseline -0.001 -12"><span class='ocrx_word' id='word_1_513' title='bbox 153 2668 294 2699; x_wconf 87' lang='lat' dir='ltr'>similiter</span> <span class='ocrx_word' id='word_1_514' title='bbox 317 2667 410 2699; x_wconf 85' lang='lat' dir='ltr'>factis</span> <span class='ocrx_word' id='word_1_515' title='bbox 437 2669 571 2699; x_wconf 90' lang='lat' dir='ltr'>mundus</span> <span class='ocrx_word' id='word_1_516' title='bbox 598 2670 661 2699; x_wconf 83' lang='lat' dir='ltr'>sit:</span> <span class='ocrx_word' id='word_1_517' title='bbox 686 2670 734 2700; x_wconf 85' lang='lat' dir='ltr'>sin</span> <span class='ocrx_word' id='word_1_518' title='bbox 762 2681 832 2702; x_wconf 86' lang='lat' dir='ltr'>vero</span> <span class='ocrx_word' id='word_1_519' title='bbox 862 2681 925 2702; x_wconf 89' lang='lat' dir='ltr'>non</span> <span class='ocrx_word' id='word_1_520' title='bbox 948 2671 1102 2706; x_wconf 72' lang='lat' dir='ltr'>liberavit,</span> <span class='ocrx_word' id='word_1_521' title='bbox 1129 2669 1232 2699; x_wconf 80' lang='lat' dir='ltr'>multis</span> <span class='ocrx_word' id='word_1_522' title='bbox 1253 2669 1375 2710; x_wconf 75' lang='lat' dir='ltr'>legibus</span> <span class='ocrx_word' id='word_1_523' title='bbox 1398 2677 1469 2697; x_wconf 78' lang='lat' dir='ltr'>reus</span> <span class='ocrx_word' id='word_1_524' title='bbox 1496 2667 1546 2701; x_wconf 77' lang='lat' dir='ltr'>sit,</span> <span class='ocrx_word' id='word_1_525' title='bbox 1574 2663 1625 2705; x_wconf 77' lang='lat' dir='ltr'>qui</span> 
     </span>
     <span class='ocr_line' id='line_1_46' title="bbox 152 2720 1628 2766; baseline -0.003 -13"><span class='ocrx_word' id='word_1_526' title='bbox 152 2723 288 2754; x_wconf 85' lang='lat' dir='ltr'>necavit.</span> <span class='ocrx_word' id='word_1_527' title='bbox 318 2731 391 2753; x_wconf 86' lang='lat' dir='ltr'>nam</span> <span class='ocrx_word' id='word_1_528' title='bbox 422 2722 540 2753; x_wconf 84' lang='lat' dir='ltr'>ultimis</span> <span class='ocrx_word' id='word_1_529' title='bbox 564 2724 728 2765; x_wconf 86' lang='lat' dir='ltr'>suppliciis</span> <span class='ocrx_word' id='word_1_530' title='bbox 762 2725 869 2761; x_wconf 82' lang='lat' dir='ltr'>caedis,</span> <span class='ocrx_word' id='word_1_531' title='bbox 895 2726 1077 2766; x_wconf 77' lang='lat' dir='ltr'>impietatis,</span> <span class='ocrx_word' id='word_1_532' title='bbox 1105 2723 1260 2765; x_wconf 76' lang='lat' dir='ltr'>sacrilegii</span> <span class='ocrx_word' id='word_1_533' title='bbox 1287 2723 1445 2764; x_wconf 85' lang='lat' dir='ltr'>subjectus</span> <span class='ocrx_word' id='word_1_534' title='bbox 1470 2722 1538 2756; x_wconf 88' lang='lat' dir='ltr'>erit,</span> <span class='ocrx_word' id='word_1_535' title='bbox 1555 2720 1628 2760; x_wconf 76' lang='lat' dir='ltr'>quia</span> 
     </span>
     <span class='ocr_line' id='line_1_47' title="bbox 153 2773 1627 2820; baseline -0.003 -14"><span class='ocrx_word' id='word_1_536' title='bbox 153 2776 316 2817; x_wconf 87' lang='lat' dir='ltr'>sacrilegio</span> <span class='ocrx_word' id='word_1_537' title='bbox 343 2776 490 2817; x_wconf 86' lang='lat' dir='ltr'>genitoris</span> <span class='ocrx_word' id='word_1_538' title='bbox 515 2777 648 2807; x_wconf 83' lang='lat' dir='ltr'>animam</span> <span class='ocrx_word' id='word_1_539' title='bbox 673 2778 813 2809; x_wconf 82' lang='lat' dir='ltr'>abstulit.</span> <span class='ocrx_word' id='word_1_540' title='bbox 837 2789 932 2820; x_wconf 83' lang='lat' dir='ltr'>quare</span> <span class='ocrx_word' id='word_1_541' title='bbox 950 2780 975 2809; x_wconf 87' lang='lat' dir='ltr'>si</span> <span class='ocrx_word' id='word_1_542' title='bbox 993 2778 1141 2819; x_wconf 89' lang='lat' dir='ltr'>possibile</span> <span class='ocrx_word' id='word_1_543' title='bbox 1157 2784 1240 2808; x_wconf 86' lang='lat' dir='ltr'>esset</span> <span class='ocrx_word' id='word_1_544' title='bbox 1257 2777 1373 2818; x_wconf 76' lang='lat' dir='ltr'>saepius</span> <span class='ocrx_word' id='word_1_545' title='bbox 1387 2776 1524 2816; x_wconf 75' lang='lat' dir='ltr'>aliquem</span> <span class='ocrx_word' id='word_1_546' title='bbox 1543 2773 1627 2806; x_wconf 71' lang='lat' dir='ltr'>mori,</span> 
     </span>
     <span class='ocr_line' id='line_1_48' title="bbox 149 2828 1630 2874; baseline -0.001 -15"><span class='ocrx_word' id='word_1_547' title='bbox 149 2828 357 2869; x_wconf 82' lang='lat' dir='ltr'>justissimum</span> <span class='ocrx_word' id='word_1_548' title='bbox 381 2836 464 2861; x_wconf 88' lang='lat' dir='ltr'>esset</span> <span class='ocrx_word' id='word_1_549' title='bbox 488 2832 601 2873; x_wconf 85' lang='lat' dir='ltr'>saepius</span> <span class='ocrx_word' id='word_1_550' title='bbox 625 2833 809 2874; x_wconf 84' lang='lat' dir='ltr'>parricidam</span> <span class='ocrx_word' id='word_1_551' title='bbox 832 2833 976 2865; x_wconf 84' lang='lat' dir='ltr'>interfici.</span> <span class='ocrx_word' id='word_1_552' title='bbox 1001 2843 1072 2864; x_wconf 85' lang='lat' dir='ltr'>nam</span> <span class='ocrx_word' id='word_1_553' title='bbox 1089 2834 1139 2864; x_wconf 92' lang='lat' dir='ltr'>cui</span> <span class='ocrx_word' id='word_1_554' title='bbox 1155 2843 1214 2863; x_wconf 88' lang='lat' dir='ltr'>nec</span> <span class='ocrx_word' id='word_1_555' title='bbox 1230 2842 1286 2873; x_wconf 89' lang='lat' dir='ltr'>pro</span> <span class='ocrx_word' id='word_1_556' title='bbox 1300 2832 1340 2862; x_wconf 85' lang='lat' dir='ltr'>de</span> <span class='ocrx_word' id='word_1_557' title='bbox 1348 2831 1489 2862; x_wconf 83' lang='lat' dir='ltr'>fensione</span> <span class='ocrx_word' id='word_1_558' title='bbox 1503 2828 1630 2869; x_wconf 77' lang='lat' dir='ltr'>quidem</span> 
     </span>
     <span class='ocr_line' id='line_1_49' title="bbox 153 2882 1631 2929; baseline -0.005 -10"><span class='ocrx_word' id='word_1_559' title='bbox 153 2891 221 2919; x_wconf 69' lang='lat'>8¹¹³·</span> <span class='ocrx_word' id='word_1_560' title='bbox 246 2882 274 2912; x_wconf 76' lang='lat' dir='ltr'>Si</span> <span class='ocrx_word' id='word_1_561' title='bbox 298 2893 317 2914; x_wconf 74' lang='lat' dir='ltr'>a</span> <span class='ocrx_word' id='word_1_562' title='bbox 340 2885 517 2924; x_wconf 83' lang='lat' dir='ltr'>parentibus</span> <span class='ocrx_word' id='word_1_563' title='bbox 543 2886 759 2923; x_wconf 84' lang='lat' dir='ltr'>interficiatur,</span> <span class='ocrx_word' id='word_1_564' title='bbox 786 2888 856 2929; x_wconf 83' lang='lat' dir='ltr'>lege</span> <span class='ocrx_word' id='word_1_565' title='bbox 882 2888 945 2918; x_wconf 79' lang='lat' dir='ltr'>ulla</span> <span class='ocrx_word' id='word_1_566' title='bbox 971 2887 1162 2923; x_wconf 82' lang='lat' dir='ltr'>conceditur,</span> <span class='ocrx_word' id='word_1_567' title='bbox 1189 2892 1224 2917; x_wconf 92' lang='lat' dir='ltr'>ut</span> <span class='ocrx_word' id='word_1_568' title='bbox 1252 2892 1411 2927; x_wconf 82' lang='lat' dir='ltr'>parentes,</span> <span class='ocrx_word' id='word_1_569' title='bbox 1432 2895 1449 2914; x_wconf 76' lang='lat' dir='ltr'>n</span> <span class='ocrx_word' id='word_1_570' title='bbox 1473 2882 1583 2923; x_wconf 75' lang='lat' dir='ltr'>quibus</span> <span class='ocrx_word' id='word_1_571' title='bbox 1600 2882 1631 2911; x_wconf 86' lang='lat' dir='ltr'>in</span> 
     </span>
    </p>
   </div>
   <div class='ocr_carea' id='block_1_3' title="bbox 154 2935 1632 3027">
    <p class='ocr_par' dir='ltr' id='par_1_3' title="bbox 154 2935 1632 3027">
     <span class='ocr_line' id='line_1_50' title="bbox 154 2935 1632 2984; baseline -0.001 -18"><span class='ocrx_word' id='word_1_572' title='bbox 154 2935 255 2967; x_wconf 88' lang='lat' dir='ltr'>lucem</span> <span class='ocrx_word' id='word_1_573' title='bbox 272 2937 376 2968; x_wconf 83' lang='lat' dir='ltr'>editus</span> <span class='ocrx_word' id='word_1_574' title='bbox 400 2943 459 2975; x_wconf 87' lang='lat' dir='ltr'>est,</span> <span class='ocrx_word' id='word_1_575' title='bbox 474 2940 644 2977; x_wconf 82' lang='lat' dir='ltr'>interimat,</span> <span class='ocrx_word' id='word_1_576' title='bbox 661 2941 717 2973; x_wconf 81' lang='lat' dir='ltr'>scd</span> <span class='ocrx_word' id='word_1_577' title='bbox 732 2943 838 2973; x_wconf 79' lang='lat' dir='ltr'>omnia</span> <span class='ocrx_word' id='word_1_578' title='bbox 852 2942 958 2984; x_wconf 85' lang='lat' dir='ltr'>potius</span> <span class='ocrx_word' id='word_1_579' title='bbox 974 2942 1128 2972; x_wconf 74' lang='lat' dir='ltr'>sustinere</span> <span class='ocrx_word' id='word_1_580' title='bbox 1145 2941 1341 2983; x_wconf 63' lang='lat' dir='ltr'>praecipitur,</span> <span class='ocrx_word' id='word_1_581' title='bbox 1356 2948 1448 2979; x_wconf 81' lang='lat' dir='ltr'>quam</span> <span class='ocrx_word' id='word_1_582' title='bbox 1463 2936 1632 2977; x_wconf 78' lang='lat' dir='ltr'>quicquam</span> 
     </span>
     <span class='ocr_line' id='line_1_51' title="bbox 248 2989 1556 3027; baseline -0.002 -6"><span class='ocrx_word' id='word_1_583' title='bbox 248 2990 334 3021; x_wconf 67' lang='lat' dir='ltr'>Plan.</span> <span class='ocrx_word' id='word_1_584' title='bbox 354 2991 412 3022; x_wconf 80' lang='lat' dir='ltr'>Tr.</span> <span class='ocrx_word' id='word_1_585' title='bbox 912 2997 957 3027; x_wconf 83' lang='grc'>11,</span> <span class='ocrx_word' id='word_1_586' title='bbox 1495 2994 1512 3021; x_wconf 66' lang='grc'>’.5</span> <span class='ocrx_word' id='word_1_587' title='bbox 1534 2989 1556 3019; x_wconf 72' lang='grc' dir='ltr'>Ε</span> 
     </span>
    </p>
   </div>
  </div>
 </body>
</html>
