1840 3225
203 248 280 285 250
779 239 1044 281 PLATONJs
1591 247 1660 296 [44

204 348 356 380 inducant
373 359 380 378 ε
405 348 448 378 ita
461 353 496 378 ut
518 347 654 378 ambitus
672 347 744 388 ipsi,
765 346 817 377 vix
830 346 888 377 sibi
900 346 1036 376 invicem
1057 346 1201 381 connexi,
1214 345 1351 377 ferantur
1371 346 1511 388 quidem,
1526 347 1583 378 sed
1594 348 1663 378 sine

203 403 325 434 ratione
337 402 486 436 ferantur,
498 405 566 432 tum
579 406 697 437 contra,
710 405 779 432 tum
790 411 829 432 ex
842 400 980 441 obliquo,
992 405 1058 430 tum
1070 400 1219 441 resupina
1230 400 1366 441 quadam
1378 400 1593 443 dispositione.
1605 411 1664 432 ceu

203 458 230 488 si
242 457 313 498 quis
325 461 420 498 caput
430 465 486 496 pro
498 455 632 497 pedibus
644 455 731 486 humi
743 455 828 496 figat,
841 454 940 496 pedes
952 464 1025 485 vero
1037 464 1093 495 pro
1105 454 1208 495 capite
1221 455 1312 485 tollat
1322 455 1355 485 in
1379 456 1496 485 altum:
1518 459 1595 486 tunc
1616 464 1665 486 ar-

203 511 299 542 bitror
312 515 377 540 tam
392 510 468 552 ejuS,
484 510 536 550 qui
553 510 598 539 sic
614 509 746 540 affectus
761 515 821 545 est,
837 519 930 551 quam
941 519 1058 543 eorum,
1073 508 1126 549 qui
1137 513 1292 549 spectant,
1311 508 1448 539 dexterae
1458 513 1564 550 partes
1574 509 1665 540 sinis-

202 570 269 601 trae,
294 569 327 595 et
350 568 458 595 contra
480 563 612 594 sinistrae
634 562 770 594 dexterae
791 563 852 594 sibi
874 563 1012 594 invicem
1038 572 1107 593 esse
1130 562 1286 593 videntur.
1301 563 1376 606 [44]
1391 564 1499 604 itaque
1518 573 1591 594 cum
1605 564 1667 595 hoc

203 620 308 661 ipsum
323 623 466 649 ceterave
477 617 652 659 hujusmodi
664 617 760 648 animi
773 627 897 658 quoque
910 617 1045 648 ambitus
1054 617 1189 647 maxime
1198 618 1370 658 patiuntur,
1382 618 1408 648 si
1418 622 1493 648 tunc
1503 617 1537 648 in
1549 617 1667 648 extrin-

203 683 312 705 secum
325 672 444 714 aliquid
457 671 598 714 ejusdem
619 671 721 712 ipsius
731 672 781 701 vel
796 671 925 701 alterius
945 671 1069 712 generis
1080 670 1259 706 inciderint,
1280 671 1371 708 falso,
1385 670 1462 712 quid
1473 670 1559 702 idem
1571 671 1667 702 alicui

203 729 245 758 sit
261 727 377 770 quidve
402 727 536 757 alterum
557 726 595 756 ab
619 725 736 767 aliquo,
752 725 897 768 judicant
911 737 917 755 ε
931 725 1066 767 ideoque
1079 725 1248 756 mendaces
1259 731 1334 756 tunc
1345 725 1571 767 dementesque
1583 733 1667 760 sunt,

204 792 263 813 nec
279 782 363 812 ullus
378 781 525 822 princeps
536 785 569 810 et
580 779 644 810 dux
659 780 692 810 in
705 780 752 810 eis
764 784 839 810 tunc
852 785 901 810 est
912 780 1069 810 circuitus.
1081 789 1214 821 cumque
1227 785 1316 810 extra
1328 780 1424 821 positi
1435 789 1546 811 sensus
1558 780 1664 821 pulsa-

204 836 307 867 verint
324 836 462 866 animam
481 834 710 869 vehementius,
733 838 894 875 totamque
907 844 977 864 eam
989 833 1196 875 possederint,
1208 840 1284 865 tunc
1295 834 1355 870 illi,
1369 834 1524 876 subjugati
1536 833 1666 876 quidem

205 895 237 920 et
248 890 430 926 servientes,
451 888 605 919 dominari
617 888 775 918 videntur.
807 897 885 928 quas
896 888 935 919 ob
947 899 997 918 res
1013 888 1052 918 ab
1064 889 1153 918 initio
1166 889 1281 924 anima,
1292 899 1364 919 cum
1379 889 1520 919 mortalis
1531 889 1670 930 corporis

205 944 319 976 vinclis
351 943 532 979 includitur,
563 952 672 973 amens
696 941 839 972 efficitur.
883 947 916 971 at
938 948 1104 983 postquam
1125 943 1308 973 nutritionis
1330 948 1363 973 et
1390 943 1552 984 augmenti
1583 943 1670 974 rivus

205 998 310 1029 lenius
331 998 497 1038 minusque
517 996 596 1031 fluit,
617 996 792 1037 animaeque
816 995 964 1026 circuitus
985 996 1199 1037 tranquilliore
1214 1003 1302 1027 motu
1317 997 1376 1028 iter
1394 1007 1486 1028 suum
1504 1003 1671 1039 peragunt,

207 1063 418 1094 processuque
427 1051 577 1093 temporis
586 1050 758 1081 sedatiores
771 1050 861 1086 fiunt,
877 1055 910 1081 et
920 1051 954 1080 in
967 1051 1030 1092 ligu
1046 1061 1096 1080 am
1107 1056 1225 1081 naturae
1239 1062 1303 1082 suae
1317 1061 1486 1093 congruam
1499 1051 1669 1082 restituun-

205 1116 274 1138 tur:
299 1112 374 1138 tunc
387 1106 580 1147 singulorum
595 1105 782 1136 circulorum
794 1104 921 1135 directae
940 1105 1158 1135 conversiones
1177 1105 1321 1145 ejusdem
1335 1111 1369 1136 et
1380 1105 1510 1136 alten‘us
1526 1110 1671 1136 naturam

205 1162 300 1204 probe
318 1161 510 1195 discernunt,
522 1159 742 1200 hominemque
756 1159 800 1189 sic
813 1159 991 1189 institutum
1003 1158 1191 1200 prudentem
1203 1159 1352 1190 efficiunt.
1375 1158 1460 1200 quod
1472 1159 1498 1189 si
1510 1159 1582 1200 quis
1593 1158 1671 1190 edu-

205 1216 323 1247 cationi
331 1220 488 1256 rectaeque
500 1213 664 1245 nutritioni
673 1212 872 1254 disciplinam
883 1223 1008 1254 quoque
1023 1218 1055 1243 et
1066 1212 1276 1244 eruditionem
1287 1213 1529 1244 convenientem
1538 1212 1671 1254 adjunx-

205 1270 276 1306 erit,
288 1270 394 1300 morbo
408 1269 587 1310 gravissimo
601 1267 740 1298 devitato
748 1276 844 1297 sanus
855 1272 887 1297 et
898 1266 1021 1307 integer
1032 1277 1156 1308 prorsus
1168 1267 1298 1298 evadet:
1310 1268 1358 1298 sin
1369 1272 1476 1298 autem
1486 1267 1672 1309 neglexerit,

207 1324 356 1356 claudum
368 1324 441 1354 vitae
460 1324 518 1353 iter
531 1323 699 1364 ingressuS,
718 1326 870 1362 tanquam
888 1331 1018 1352 mancus
1040 1327 1072 1352 et
1092 1323 1220 1353 omnino
1241 1322 1363 1353 inutilis
1379 1332 1485 1353 rursus
1503 1321 1544 1352 ad
1555 1321 1673 1352 inferos

208 1378 337 1410 decidit.
361 1377 418 1409 sed
436 1378 503 1407 haec
517 1376 646 1418 quidem
664 1381 736 1418 post
747 1381 849 1407 ortum
866 1376 1062 1417 contingunt.
1090 1386 1175 1407 nunc
1188 1386 1261 1407 vero
1274 1376 1313 1406 de
1328 1377 1428 1418 prima
1440 1376 1575 1407 hominis
1587 1386 1672 1407 com-

208 1433 364 1474 positione
377 1431 517 1462 exactius
529 1430 757 1466 disserendum,
771 1440 806 1461 ac
821 1429 973 1471 probabili
986 1431 1104 1460 ratione
1118 1430 1364 1467 monstrandum,
1379 1441 1440 1472 qua
1451 1440 1546 1461 causa
1557 1435 1589 1461 et
1601 1440 1672 1472 pro-

208 1488 350 1518 videntia
366 1486 503 1517 Deorum
516 1486 641 1526 singula
651 1484 790 1515 membra
801 1484 937 1525 corporis
951 1483 989 1514 ad
1006 1485 1129 1525 singula
1142 1485 1254 1515 animre
1271 1485 1372 1516 officia
1379 1485 1443 1515 sint
1456 1482 1674 1515 accommoda-

207 1546 252 1572 ta.
275 1541 435 1581 Principio
446 1540 502 1570 Dii
514 1541 643 1581 figuram
656 1539 769 1580 capitis
783 1538 823 1569 ad
831 1537 1055 1569 rotunditatem
1070 1538 1180 1569 mundi
1197 1540 1325 1575 finxere,
1341 1539 1375 1570 in
1390 1549 1491 1581 eoque
1505 1538 1584 1569 duos
1601 1539 1679 1569 illos

210 1596 322 1627 animae
333 1595 455 1625 divinos
466 1594 614 1624 circuitus
625 1598 815 1624 statuerunt.
827 1600 875 1623 est
885 1597 991 1623 autem
1003 1598 1098 1634 caput
1113 1593 1286 1624 membrum
1297 1593 1432 1635 corporis
1444 1592 1674 1623 divinissimum

209 1650 461 1692 reliquorumque
470 1648 677 1678 membrorum
689 1648 851 1688 princeps:
868 1647 919 1677 cui
929 1652 1029 1678 totum
1042 1657 1154 1688 corpus
1169 1657 1344 1678 connexum
1365 1647 1420 1678 Dii
1433 1647 1562 1677 subesse
1574 1651 1607 1677 et
1617 1655 1678 1688 pa-

212 1704 456 1745 rerejusserunt.
478 1703 735 1743 excogitaverunt
745 1703 829 1732 enim
840 1706 981 1732 motuum
990 1702 1139 1737 omnium,
1151 1706 1352 1743 quotcunque
1365 1711 1438 1732 esse⁴
1446 1706 1574 1742 queant,
1590 1710 1675 1731 com-

211 1769 269 1800 pos
280 1758 313 1788 id
325 1759 400 1789 fore.
422 1768 494 1788 cum
510 1768 584 1787 vcro
602 1757 766 1797 inaequalis
779 1761 812 1786 et
833 1765 943 1796 aspera
959 1765 995 1786 ac
1004 1756 1119 1797 parlim
1131 1755 1258 1797 quidem
1271 1756 1410 1791 acclivis,
1420 1755 1534 1797 partim
1546 1754 1679 1786 declivis

212 1819 293 1844 terra
301 1812 352 1848 sit,
363 1812 387 1842 si
400 1813 483 1842 humi
494 1816 589 1852 caput
600 1817 752 1852 serperet,
773 1821 890 1852 perque
901 1815 989 1840 terrae
1000 1810 1198 1851 superficiem
1206 1810 1393 1846 volveretur,
1403 1810 1460 1840 hos
1469 1809 1625 1840 anfractus
1634 1810 1677 1840 si-

214 1877 253 1898 ne
265 1867 436 1897 offensione
446 1866 574 1896 transire
587 1875 650 1896 non
660 1869 777 1906 posset.
791 1864 874 1905 quod
888 1874 963 1894 sane
976 1864 1094 1894 malum
1106 1869 1141 1894 ut
1150 1864 1481 1905 vitaretur,procerum
1494 1864 1578 1894 hunc
1589 1863 1676 1893 habi-

215 1930 280 1953 tum
294 1921 430 1962 corporis
443 1919 483 1950 ati
500 1920 674 1950 faciliorem
685 1929 882 1960 progressum
898 1918 952 1948 Dii
971 1928 1030 1959 pro·
1039 1918 1185 1949 vehiculo
1200 1918 1297 1959 capiti
1315 1916 1528 1959 subjecerunt.
1555 1917 1676 1958 corpori

215 1981 365 2017 praeterea
376 1980 508 2016 quatuor
517 1975 548 2004 in
564 1975 694 2014 longum
707 1978 851 2014 porrecta
867 1978 899 2003 et
911 1973 1060 2003 flexibilia
1070 1972 1210 2003 membra
1222 1977 1448 2007 annexuerunt,
1461 1971 1575 2013 quibus
1583 1971 1677 2003 facile

215 2030 322 2060 divina
334 2029 530 2070 providentia
538 2032 724 2062 moveretur,
734 2027 985 2069 apprehenderet
994 2027 1142 2059 videlicet
1154 2026 1278 2067 objecta
1287 2036 1430 2068 quaeque,
1440 2031 1534 2056 staret
1544 2030 1577 2056 et
1587 2025 1678 2056 siste-

215 2090 263 2115 ret
281 2094 398 2125 perque
421 2083 526 2113 omnia
542 2081 730 2123 graderetur,
744 2087 840 2122 caput
862 2092 996 2123 superne
1010 2082 1191 2112 substruens
1207 2081 1393 2112 divinissimi
1415 2079 1678 2120 sacratissimique

215 2138 440 2168 habitaculum.
475 2137 550 2178 [45]
575 2137 655 2166 hanc
668 2135 763 2176 igitur
774 2135 813 2165 ob
829 2146 955 2166 causam
968 2136 1057 2166 nobis
1069 2146 1156 2166 crura
1168 2145 1342 2176 manusque
1360 2134 1488 2165 dedere.
1509 2133 1679 2164 anteriores

217 2197 322 2223 autem
333 2196 437 2233 partes
446 2189 668 2231 posterioribus
676 2190 904 2230 praestantiores
914 2194 946 2219 et
955 2189 994 2219 ad
1005 2189 1221 2230 imperandum
1233 2190 1371 2231 aptiores
1382 2187 1531 2223 arbitrati,
1544 2187 1576 2217 in
1589 2192 1679 2218 ante-

217 2247 329 2278 riorem
345 2255 468 2287 quoque
481 2248 602 2286 partem
614 2245 730 2274 moveri
746 2255 803 2275 nos
819 2249 853 2274 ut
865 2244 1034 2285 plurimum
1050 2245 1224 2274 voluerunt.
1247 2242 1409 2284 oportebat
1422 2251 1512 2283 porro
1525 2241 1680 2272 anteriora

219 2301 353 2332 discreta
366 2308 397 2330 et
411 2299 577 2329 dissimilia
590 2309 671 2329 esse.
693 2304 882 2339 quapropter
894 2298 1028 2339 primum
1040 2298 1131 2339 globo
1145 2297 1257 2339 capitis
1270 2297 1386 2328 faciem
1403 2295 1557 2336 adjecere,
1570 2295 1678 2326 faciei-

219 2366 279 2397 que
294 2356 510 2388 instrumenta,
523 2364 592 2395 quse
606 2352 903 2383 adminicularentur
915 2352 999 2382 omni
1013 2353 1125 2382 animm
1138 2351 1352 2393 providentiae,
1366 2350 1612 2391 assignaverunt,
1623 2348 1678 2380 de-

219 2414 442 2450 creveruntque
455 2407 604 2438 naturalae
619 2407 752 2437 hominis
767 2407 933 2448 imperium
946 2407 976 2437 in
994 2407 1051 2437 liae
1067 2412 1154 2448 parte
1172 2406 1316 2436 anteriori
1332 2405 1487 2446 priorique
1500 2403 1680 2435 consistere.

219 2464 277 2495 sed
289 2474 326 2495 ex
340 2462 482 2494 omnibus
498 2461 589 2492 faciei
604 2461 744 2502 partibus
759 2461 848 2502 primi
866 2461 986 2491 luciferi
999 2461 1159 2500 oculorum
1171 2460 1260 2491 orbes
1271 2464 1445 2494 coruscant,
1462 2459 1519 2489 hac
1531 2457 1571 2488 de
1585 2467 1680 2488 causa

220 2519 298 2550 dati.
320 2518 401 2560 ignis
413 2522 496 2548 certe
513 2517 611 2552 illius,
625 2516 679 2557 qui
701 2526 764 2546 non
787 2516 847 2546 urit
864 2515 1002 2556 quidem,
1019 2515 1075 2545 sed
1093 2514 1298 2545 illuminando
1314 2513 1450 2545 suaviter
1465 2511 1550 2542 diem
1562 2512 1681 2542 invehit

221 2572 350 2610 mundo,
370 2572 539 2613 participes
561 2571 720 2602 oculorum
742 2570 832 2600 orbes
858 2570 912 2600 Dii
935 2570 1084 2600 fecerunt.
1098 2570 1240 2599 intimum
1255 2567 1413 2610 siquidem
1429 2566 1525 2597 nostri
1543 2565 1680 2606 corporis

221 2628 338 2668 ignem,
352 2627 441 2668 hujus
450 2626 534 2666 ignis
549 2635 730 2666 germanum
743 2625 970 2665 sincerumque,
989 2635 1042 2665 per
1056 2625 1163 2655 oculos
1177 2633 1322 2654 emanare
1335 2622 1510 2655 voluerunt,
1523 2619 1556 2650 in
1566 2619 1681 2660 quibus

221 2681 302 2712 lenis
318 2685 546 2721 congestusque
569 2680 685 2721 ubique
710 2679 791 2720 ignis
810 2678 989 2719 hujusmodi
1011 2679 1062 2717 sit,
1075 2678 1130 2709 sed
1145 2688 1200 2719 per
1215 2687 1324 2708 eorum
1336 2675 1489 2706 duntaxat
1502 2673 1678 2704 solidiorem

222 2740 448 2776 angustamque
468 2733 672 2764 medietatem
693 2734 774 2775 ignis
787 2733 891 2775 purior
906 2733 1020 2769 evolet,
1044 2733 1172 2764 crassior
1187 2741 1257 2762 vero
1274 2730 1464 2762 cohibeatur.
1477 2729 1584 2769 itaque
1606 2737 1678 2757 cum

222 2789 367 2821 diurnum
379 2789 486 2818 lumen
496 2788 635 2829 applicat
645 2797 679 2819 se
693 2789 776 2819 visus
788 2787 885 2822 radio,
895 2792 969 2818 tunc
983 2797 1022 2818 ea
1031 2787 1092 2818 duo
1103 2787 1184 2817 inter
1193 2796 1226 2816 se
1236 2784 1347 2816 similia
1360 2782 1575 2814 concurrentia
1584 2786 1681 2822 atque

222 2843 399 2878 commixta,
420 2852 481 2883 quo
510 2843 670 2873 oculorum
692 2843 776 2873 acies
800 2842 983 2883 diriguntur,
1019 2841 1059 2872 ibi
1083 2841 1115 2872 in
1127 2841 1220 2872 unius
1229 2839 1296 2882 jam
1307 2836 1470 2869 domestici
1488 2835 1610 2876 coporis
1626 2844 1678 2865 co-

221 2898 342 2929 haerent
355 2896 503 2939 speciem,
517 2896 696 2938 ubicunque
711 2896 858 2928 videlicet
870 2902 934 2927 tum
953 2896 1054 2927 intimi
1068 2905 1162 2937 quam
1175 2893 1294 2926 externi
1304 2891 1435 2923 ‘luminis
1450 2889 1485 2921 fit
1499 2897 1680 2921 concursus-

221 2957 321 2984 totum
334 2952 428 2994 igitur
440 2952 498 2982 hoc
515 2956 642 2993 propter
654 2951 889 2983 similitudinem
903 2952 1078 2993 passionem
1093 2949 1227 2982 eandem
1240 2947 1399 2984 sortitum,
1412 2955 1484 2977 cum
1498 2942 1581 2986 quid
1590 2941 1679 2974 aliud
