1840 3225
277 193 352 232 136
868 189 1133 227 PLATONIS
1641 193 1738 244 [426

270 300 391 341 signare
406 298 642 340 aggrediemur?
692 297 773 327 ΑΜ.
798 294 1050 338 Haudquaquam
1077 297 1169 327 decet
1194 296 1266 327 virts
1290 295 1381 327 bonis
1398 297 1614 340 praeclarisque
1629 299 1738 340 praeci-

268 364 352 395 pere.
375 354 443 384 haec
458 352 540 383 enim
567 350 744 393 plurimum,
759 349 864 391 qualia
887 355 918 380 et
942 350 1100 391 quomodo
1116 350 1286 380 statuenda·
1297 350 1371 387 sint,
1386 350 1480 382 facile
1492 351 1554 392 ipsi
1570 352 1736 393 reperient.

266 408 322 439 So.
347 407 516 446 Nimirum,
531 417 550 436 o
575 405 686 442 amice,
702 405 727 435 si
754 402 844 435 Deus
858 403 919 434 illis
935 404 1036 444 legum
1065 403 1198 440 illarum,
1214 414 1292 445 quas
1307 414 1400 446 supra
1415 405 1587 446 posuimus,
1601 405 1734 437 salutem

264 461 452 504 praestiterit.
491 460 575 492 Am.
597 460 654 491 Sin
669 459 783 496 minus,
799 458 842 489 ita
859 457 952 488 vitam
969 459 1097 494 ducent,
1115 463 1149 488 ut
1165 457 1260 488 multa
1276 457 1430 499 ejusmodi
1447 457 1569 500 legibus
1583 464 1736 496 statuant,

264 515 481 558 corrigantque
496 525 619 556 semper
641 519 673 544 et
696 513 858 549 innovent,
876 517 1023 553 putantes
1047 512 1091 542 ita
1112 521 1143 542 se
1160 512 1245 553 quod
1266 517 1313 542 est
1329 511 1482 553 optimum
1497 514 1632 555 assequi.
1677 514 1734 545 So.

265 569 355 600 Dicis
371 579 485 610 nempe
500 569 575 600 istos
599 567 729 610 perinde
752 567 888 598 victuros
911 577 947 596 ac
973 566 1056 602 illos,
1073 566 1126 607 qui
1156 576 1226 597 cum
1251 572 1415 607 aegrotent,
1431 572 1559 608 propter
1581 569 1736 609 intempe-

265 621 395 653 rantiam
425 622 611 653 insalubrem
642 620 757 653 victum
789 625 906 651 mutare
938 620 1060 650 nolunt.
1106 619 1187 650 Aur.
1220 619 1271 651 Sic
1302 630 1436 661 prorsus.
1479 622 1533 653 So.
1566 621 1734 653 Enimvero

267 676 366 719 [426]
384 677 515 708 ridiculo
532 676 668 718 quodam
696 677 788 706 modo
811 675 862 705 isti
890 674 923 705 in
949 674 1063 704 morbis
1080 683 1272 714 perseverare
1290 674 1444 711 videntur,
1459 675 1734 717 curationibusque

265 730 328 761 suis
344 730 421 761 nihil
438 730 523 762 aliud
540 734 758 771 assequuntur,
774 739 866 771 quam
883 729 967 771 quod
986 729 1089 770 plures
1105 729 1415 770 vehementioresque
1433 730 1555 760 morbos
1570 729 1709 761 efficiunt
1724 741 1732 760 :

265 785 493 827 confiduntque
517 794 650 826 semper,
678 784 702 815 si
727 784 795 825 quis
821 782 995 824 pharmacis
1023 782 1073 824 agi
1099 783 1255 818 consulat,
1282 783 1362 814 bene
1389 793 1421 814 se
1445 783 1603 815 valituros.
1647 783 1733 815 Am.

266 838 404 870 Omnino
429 838 506 870 tales
532 843 604 869 sunt
628 838 671 868 ita
696 837 901 868 laborantium
925 836 1032 866 morbi.
1078 836 1133 867 So.
1159 837 1247 873 Quid
1274 837 1370 873 vero?
1395 847 1500 868 nonne
1525 838 1585 869 hoc
1612 838 1644 868 in
1672 838 1734 868 illis

265 893 446 933 gratiosum,
462 893 546 934 quod
571 892 709 923 omnium
726 890 969 921 inimicissimum
993 900 1063 920 eum
1081 894 1204 931 putent,
1221 890 1274 932 qui
1293 901 1361 921 vera
1379 896 1495 927 monet,
1511 891 1651 932 dicitque
1667 901 1732 922 non

265 946 348 987 prius
360 947 536 989 pharmaca,
549 946 698 981 ustiones,
709 944 886 979 incisiones,
897 943 1138 979 incantationes,
1149 953 1224 974 eave
1234 954 1304 986 quae
1316 946 1505 976 extrinsecus
1516 946 1734 981 admoventur,

266 1005 320 1030 aut
342 999 498 1042 ejusmodi
521 1000 635 1041 aliqua,
651 998 823 1040 profutura,
839 1007 931 1038 quarn
949 997 1071 1028 desinat
1095 997 1164 1038 quis
1181 998 1336 1034 ebrietati,
1359 999 1510 1039 voragini,
1535 999 1652 1035 veneri,
1669 999 1735 1029 otio

265 1053 451 1095 indulgere?
497 1054 578 1084 Anr.
602 1053 698 1083 Haud
722 1052 890 1082 admodum
908 1051 1074 1092 gratiosum
1096 1051 1193 1082 istud.
1219 1061 1290 1082 nam
1314 1051 1469 1093 indignari
1488 1053 1634 1083 adversus
1649 1063 1733 1088 eum,

266 1107 319 1148 qui
346 1108 433 1138 utilia
456 1107 602 1143 consulit,
619 1106 747 1148 gratiam
771 1105 867 1136 habet
890 1104 1021 1135 nullam·⁷
1063 1104 1119 1135 So.
1143 1104 1226 1146 Ergo
1252 1105 1331 1136 viros
1356 1105 1548 1147 hujusmodi,
1562 1111 1598 1137 ut
1612 1107 1737 1143 videris,

266 1171 463 1203 nequaquam
488 1161 611 1202 probas.
654 1159 735 1190 Aur.
756 1159 891 1190 Minime
917 1170 972 1200 per
998 1158 1120 1189 Jovem.
1167 1160 1223 1190 So.
1248 1159 1362 1200 Neque
1385 1159 1491 1197 etiam,
1507 1160 1531 1190 si
1546 1159 1656 1191 civitas
1671 1165 1738 1191 tota

266 1216 297 1246 id
325 1219 408 1257 agat,
434 1214 519 1257 quod
546 1214 639 1245 modo
667 1212 862 1249 dicebamus,
890 1212 1045 1252 laudabis.
1091 1212 1143 1242 An
1169 1222 1232 1243 non
1248 1213 1343 1249 idem,
1372 1214 1457 1255 quod
1482 1214 1546 1253 isti,
1561 1214 1661 1245 facere
1678 1213 1736 1244 tibi

265 1269 408 1301 civitates
428 1269 585 1304 videntur,
602 1277 801 1309 quaecunque
825 1266 905 1296 male
924 1266 1075 1296 institutae
1098 1266 1218 1296 civibus
1239 1267 1444 1303 interdicunt,
1460 1277 1501 1298 ne
1516 1274 1615 1298 totum
1630 1268 1735 1309 ipsum

267 1323 308 1354 rei
325 1323 460 1365 publicae
476 1326 589 1353 statum
615 1325 764 1352 moveant
778 1332 785 1351 :
810 1319 950 1361 alioquin
973 1320 1076 1361 capite
1093 1320 1280 1350 damnentur
1293 1320 1475 1362 quicunque
1496 1331 1542 1352 res
1555 1321 1710 1352 innovant
1725 1323 1735 1352 ?

267 1380 375 1408 eontra
400 1375 541 1418 quisquis
565 1378 746 1416 praesentem
772 1373 1029 1415 gubernationem
1056 1375 1209 1415 approbat
1235 1374 1471 1416 confirmatque,
1496 1374 1737 1416 voluntatesque

268 1429 506 1472 gubernantium
531 1433 706 1470 aucupatus
730 1429 906 1467 assentitur,
931 1427 1115 1469 suffragatur
1137 1433 1170 1458 et
1193 1429 1309 1469 explet,
1332 1429 1383 1460 hic
1407 1430 1532 1459 demum
1556 1429 1658 1460 bonus
1680 1429 1740 1470 vir,

268 1485 319 1515 hic
334 1483 365 1514 in
382 1485 472 1515 rebus
493 1483 632 1514 maximis
657 1483 792 1524 sapiens,
808 1482 859 1514 hic
886 1483 1002 1513 honore
1027 1481 1140 1523 dignus
1156 1482 1357 1513 existimetur.
1402 1482 1483 1514 Am.
1508 1482 1598 1513 Idem
1613 1492 1737 1524 prorsus

270 1536 372 1568 facere
387 1537 463 1568 mihi
487 1537 652 1568 videntur:
677 1547 779 1578 neque
803 1537 868 1567 ullo
884 1541 978 1578 pacto
999 1535 1181 1576 hujusmodi
1200 1546 1246 1566 res
1262 1537 1404 1578 publicas
1419 1536 1525 1567 laudo.
1567 1536 1625 1568 So.
1649 1536 1738 1574 Quid

270 1591 400 1622 autem?
430 1601 535 1622 nonne
561 1600 665 1622 eorum
694 1589 910 1621 fortitudinem
941 1588 1236 1630 propensioremque
1267 1589 1415 1621 affectum
1444 1589 1572 1626 miraris,
1599 1589 1654 1631 qni
1684 1590 1740 1620 bas

271 1645 413 1676 civitates
435 1655 541 1676 curare
564 1643 788 1676 contendunt?
832 1642 915 1675 Am.
938 1641 1086 1673 Admiror
1111 1642 1278 1684 equidem:
1304 1643 1351 1673 his
1371 1643 1521 1685 exceptis,
1535 1643 1589 1685 qui
1606 1644 1646 1674 ab
1661 1643 1738 1686 ipsis

270 1699 432 1737 falluntur,
448 1703 621 1740 putantque
637 1707 740 1729 revera
763 1697 871 1728 civiles
887 1707 966 1736 esse,
982 1696 1066 1737 quod
1084 1695 1178 1737 vulgo
1202 1696 1380 1728 laudentur.
1425 1697 1480 1728 So.
1503 1696 1591 1734 Quid
1607 1697 1673 1728 ais?
1697 1707 1739 1728 an

270 1753 428 1788 non,istis
454 1752 615 1794 ignoscis?
638 1751 781 1792 nunquid
809 1750 966 1781 existimas
993 1761 1076 1787 eum,
1100 1750 1154 1791 qui
1182 1750 1330 1781 metiendi
1355 1751 1394 1781 sit
1417 1750 1554 1792 ignarus,
1569 1751 1739 1793 siquando

270 1808 365 1839 ceteri
383 1806 472 1838 multi
496 1806 573 1838 tales
588 1805 839 1848 quadricubitum
866 1814 934 1835 esse
960 1815 1030 1835 eum
1048 1804 1229 1845 praedicent,
1246 1804 1383 1845 effugere
1399 1815 1502 1846 posse,
1517 1804 1592 1846 quin
1616 1810 1649 1835 et
1671 1805 1740 1846 ipse

270 1862 311 1893 de
327 1873 360 1893 se
384 1863 464 1893 idem
489 1860 670 1892 existimet?
717 1859 799 1893 Am.
822 1859 897 1890 Non
919 1859 1001 1889 istud
1018 1859 1158 1900 quidem.
1203 1858 1257 1890 So.
1281 1859 1333 1890 Ne
1348 1860 1442 1900 igitur
1456 1869 1536 1901 aegre
1552 1859 1644 1890 seras.
1666 1864 1740 1890 sunt

271 1916 355 1948 enim
380 1917 410 1947 hi
426 1915 553 1958 quidem
578 1914 717 1945 omnium
742 1913 838 1944 modo
862 1914 999 1955 quodam
1022 1912 1155 1944 ridiculo
1172 1912 1395 1954 gratiosissimi,
1410 1913 1464 1955 qui
1489 1913 1574 1954 leges
1588 1913 1691 1944 ferunt
1705 1913 1738 1943 in

272 1971 330 2007 his,
347 1980 417 2011 quae
442 1970 589 2010 diximus,
603 1969 835 2009 emendantque
859 1978 990 2008 semper,
1013 1968 1207 1998 confidentes
1233 1977 1264 1998 se
1287 1967 1381 1998 finem
1406 1966 1543 2009 aliquem
1567 1971 1740 2008 reperturos

270 2022 354 2054 circa
369 2031 417 2060 ea,
434 2033 504 2064 quae
520 2023 626 2063 inique
641 2022 674 2051 in
697 2021 887 2052 commerciis
903 2021 1152 2057 committuntur,
1168 2026 1200 2051 et
1216 2021 1298 2052 circa
1314 2020 1379 2056 illa,
1395 2030 1464 2061 quae
1480 2030 1540 2061 ego
1554 2020 1650 2061 paulo
1665 2025 1738 2051 ante

269 2076 436 2107 dicebam:
461 2077 638 2117 ignorantes
661 2075 744 2115 quod
761 2084 866 2104 revera
889 2079 1036 2115 tanquam
1059 2075 1168 2115 hydrae
1189 2075 1294 2115 capita
1319 2079 1495 2115 amputant.
1539 2073 1623 2104 ΑΜ.
1645 2073 1739 2105 Certe

271 2129 370 2171 [427]
394 2130 471 2160 nihil
487 2128 571 2160 aliud
595 2128 725 2159 faciunt.
770 2128 826 2158 So.
850 2126 1006 2167 Equidem
1023 2127 1159 2167 speciem
1182 2129 1262 2158 hanc
1284 2127 1515 2158 institutionum
1542 2127 1624 2158 circ·
1652 2127 1738 2168 leges

271 2194 308 2215 ac
324 2183 513 2225 respublicas
535 2181 664 2213 arbitror
677 2191 782 2212 verum
809 2181 1002 2211 conditorem
1020 2180 1123 2221 legum
1141 2191 1243 2221 neque
1260 2181 1291 2210 in
1318 2180 1398 2211 male
1420 2181 1571 2221 disposita
1587 2191 1690 2222 neque
1705 2182 1738 2212 in

271 2239 351 2269 bene
378 2237 548 2269 constituta
570 2236 697 2268 civitate
719 2235 839 2266 curiose
864 2240 1016 2265 tractare:
1042 2234 1074 2264 in
1099 2234 1153 2264 illa
1180 2234 1320 2276 quidem,
1346 2235 1493 2276 quoniam
1517 2234 1642 2264 inutilia
1666 2239 1740 2265 sunt

266 2291 447 2333 hujusmodi
471 2290 624 2326 instituta,
640 2299 743 2330 neque
764 2294 890 2319 movent
911 2288 1099 2329 quicqunm3
1124 2288 1155 2318 in
1180 2289 1237 2319 hac
1253 2294 1370 2325 autem,
1387 2289 1460 2329 quia
1476 2288 1587 2329 partim
1602 2288 1737 2330 quisque

269 2345 414 2386 reperiet,
429 2344 541 2386 partim
567 2348 677 2384 suapte
697 2348 806 2373 natura
828 2353 864 2373 ex
886 2342 1095 2383 superioribus
1111 2342 1222 2372 studiis
1247 2342 1496 2383 proficiscuntur.
1541 2341 1623 2373 Am.
1647 2342 1736 2379 Quid

269 2403 417 2440 praeterea
445 2403 539 2429 restat
566 2397 656 2428 nobis
681 2397 750 2438 lege
779 2396 1050 2438 praecipiendum?
1095 2396 1151 2426 So.
1174 2395 1276 2426 Nobis
1307 2396 1435 2437 quidem
1464 2396 1566 2426 nihil:
1591 2395 1739 2437 Apollini

268 2458 371 2483 autem
404 2451 562 2494 Delphico
593 2451 736 2488 maxima,
763 2450 1004 2492 praeclarissima,
1036 2451 1133 2491 prima
1162 2450 1314 2482 instituta.
1360 2449 1442 2481 Am.
1466 2450 1619 2487 Quaenam
1647 2450 1737 2481 ista?

269 2506 326 2537 So.
348 2506 551 2547 Templorum
576 2505 814 2536 constitutiones
830 2510 863 2535 ct
878 2504 1029 2535 sacrificia
1056 2505 1213 2545 ceterique
1237 2505 1364 2535 deorum
1390 2509 1424 2535 et.
1447 2504 1624 2535 daemonum
1641 2510 1737 2545 atque

269 2559 397 2589 heroum
426 2559 550 2598 cultus;
587 2559 728 2601 sepulcra
759 2563 908 2600 praeterea
939 2563 971 2589 et
994 2558 1103 2589 funera
1133 2559 1351 2590 defunctorum
1378 2563 1410 2589 et
1441 2567 1638 2600 quaecuuque
1666 2563 1740 2588 sunt

269 2612 309 2642 ad
341 2622 394 2642 eos
416 2613 587 2653 placandos
610 2612 778 2644 ministeria
804 2612 976 2643 subeunda.
1001 2611 1073 2642 talia
1100 2612 1242 2654 profecto
1272 2623 1374 2654 neque
1404 2611 1466 2654 ipsi
1495 2611 1621 2647 scimus,
1650 2617 1683 2643 et
1706 2611 1738 2641 in

271 2664 447 2696 ordinanda
468 2666 592 2697 civitate
618 2667 696 2697 nulli
718 2666 880 2698 credemus
903 2665 1004 2704 alteri,
1019 2665 1042 2696 si
1072 2666 1238 2707 sapiemus,
1254 2666 1404 2707 nulloque
1419 2665 1482 2696 alio
1508 2670 1630 2696 utemur
1644 2665 1739 2696 inter-

271 2724 370 2760 prete,
386 2719 446 2750 nisi
473 2721 570 2761 patrio
596 2720 680 2751 Deo.
711 2721 760 2751 hic
785 2730 898 2761 nempe
923 2719 1011 2751 Deus
1027 2720 1058 2750 in
1083 2720 1173 2751 rebus
1199 2720 1380 2761 hujusmodi
1405 2720 1538 2750 cunctis.
1562 2718 1739 2749 hominibus

271 2772 388 2813 patrius
411 2772 575 2814 interpres,
601 2774 634 2804 in
660 2774 763 2805 media
791 2779 868 2806 terra
893 2784 986 2814 super
1012 2774 1190 2806 umbilicum
1216 2775 1341 2811 sedens,
1366 2773 1508 2814 exponit.
1551 2773 1633 2804 Am.
1655 2772 1743 2803 Scite

273 2826 408 2867 loqueris
423 2838 431 2857 ε
455 2832 548 2868 atque
565 2828 607 2858 ita
630 2829 799 2869 agendum.
843 2829 899 2859 So.
923 2827 1101 2859 constituta
1113 2829 1178 2869 jam
1198 2828 1268 2865 tibi,
1283 2839 1302 2859 ο
1318 2826 1474 2858 Aristonis
1489 2826 1546 2864 fili,
1561 2826 1602 2857 sit
1615 2825 1740 2861 civitas,

272 2881 422 2924 deinceps
439 2886 542 2912 autem
558 2887 589 2913 et
605 2882 672 2923 ipse
687 2883 846 2923 speculare
862 2893 916 2924 per
938 2882 1050 2924 ipsam,
1067 2883 1222 2914 sufficiens
1238 2883 1386 2914 alicunde
1403 2882 1508 2913 lumen
1522 2881 1695 2923 porrigens,
1709 2884 1742 2911 et

272 2928 395 2968 fratrem
412 2936 531 2968 advoca
545 2941 632 2968 tuum
649 2942 680 2968 et
702 2937 940 2970 Polemarchum
956 2943 988 2969 ct
1003 2937 1080 2970 alios
1103 2938 1241 2980 insuper.
1259 2943 1293 2969 ut
1306 2937 1512 2979 experiamur,
1526 2936 1550 2967 si
1564 2945 1628 2978 quo
1644 2941 1737 2977 pacto
