1840 3225
167 231 263 277 901]
605 235 681 272 DE
714 232 943 272 LEGIBUS
975 233 1075 272 LIB.
1104 235 1154 271 X.
1538 229 1617 268 417

164 336 199 367 in
214 342 372 378 posterum
388 339 482 375 vivat,
495 344 529 369 ut
545 337 630 369 Deos
655 348 724 370 esse
746 347 811 369 non
830 336 979 378 ambigat.
1000 347 1109 368 verum
1135 335 1368 368 consideremus
1393 344 1491 373 nunc,
1518 337 1621 364 utrum

165 391 364 428 sufficienter,
378 392 465 424 Deos
479 403 557 429 esse,
573 394 720 423 adversus
733 397 883 433 negantes
910 391 1115 428 ostendimus,
1143 402 1182 421 an
1212 402 1286 422 non.
1329 390 1406 422 CLr.
1428 387 1625 419 Sufficienter

167 444 286 476 dictum
302 452 360 483 est,
378 447 500 489 hospes.
538 446 676 477 Arni-:su
691 446 873 487 Disputatio
885 445 981 487 igitur
997 445 1144 476 adversus
1160 445 1235 476 istos
1249 445 1344 475 finem
1358 443 1483 474 habeat.
1497 442 1551 472 sed
1568 441 1622 471 ille

163 499 243 541 jam,
258 500 323 542 qui,
339 501 481 542 quamvis
501 500 587 532 Deos
602 511 671 531 esse
688 500 783 536 dicat,
800 510 906 531 curam
921 508 1027 530 tamen
1043 501 1246 530 humanarum
1267 509 1369 529 rerum
1382 502 1479 538 negat
1494 496 1622 531 habere,

166 553 213 584 sic
244 564 263 585 a
286 554 378 586 nobis
405 560 452 586 est
478 555 668 586 suadendus.
713 555 742 585 O
767 555 816 585 vir
836 553 959 590 eximie,
988 554 1139 589 dicamus,
1166 559 1277 584 natura
1301 551 1446 594 quaedam
1464 550 1626 581 divinitati

167 614 300 649 cognata
316 610 356 640 ad
369 620 436 640 rem
447 609 503 640 tibi
519 609 718 651 conjunctam
733 609 945 639 affirmandam
960 609 1188 648 colendamque
1204 607 1300 643 ducit,
1310 605 1437 648 quando
1452 606 1540 637 Deos
1555 614 1625 634 esse

168 663 290 694 asseris.
335 664 397 694 Sed
421 663 630 705 improborum
653 663 898 705 injustorumque
914 662 1074 693 hominum
1088 662 1214 703 publice
1228 661 1435 702 privatimque
1451 668 1625 695 successus,

167 717 232 757 qui,
259 717 333 748 licet
356 728 463 749 revera
492 718 601 749 felices
627 728 692 748 non
719 718 790 754 sint,
810 717 904 758 vulgo
929 703 1034 747 tamen
1059 716 1167 747 felices
1193 716 1358 751 habentur,
1384 719 1416 745 et
1436 712 1626 745 carminibus

164 770 344 812 frequenter
365 772 539 813 ceterisque
553 772 746 802 sermonibus
761 771 962 806 extolluntur,
979 776 1097 801 temere
1113 771 1154 801 ad
1170 770 1365 811 impietatem
1379 774 1411 799 te
1427 767 1623 809 praecipitem

167 829 264 865 agtmt
279 837 286 854 :
311 830 365 855 aut
379 826 485 862 etiam,
502 837 571 857 cum
595 827 744 857 scelestos
767 826 913 856 homines
928 824 1038 855 videas
1052 824 1093 855 ad
1108 825 1231 855 senium
1245 834 1344 865 usque
1360 823 1403 853 ita
1417 821 1576 857 devenire,
1590 826 1627 851 ut

165 877 246 909 filios
261 884 355 921 atque
374 886 504 921 nepotes
519 880 551 910 in
565 880 709 911 maximis
723 880 901 921 relinquant
916 879 1095 914 honoribus,
1111 878 1205 910 valde
1228 877 1367 908 turbaris.
1392 877 1487 918 [900]
1512 874 1629 906 audisti

167 932 302 965 fortassis
317 942 372 965 aut
387 935 482 965 etiam
495 935 564 976 ipse
579 935 685 966 vidisti
701 935 880 970 nonnullos,
896 933 1038 975 quamvis
1053 932 1171 975 injuste
1185 938 1218 963 et
1231 933 1328 973 impie
1343 932 1440 962 multa
1463 930 1627 971 gesserint,

167 992 294 1029 propter
308 988 379 1030 ipsa
394 993 497 1020 tamen
513 990 633 1020 scelera
648 1000 684 1020 ex
699 999 733 1019 re
749 999 846 1029 parva
860 988 894 1018 in
906 998 1051 1029 magnam
1067 995 1099 1018 et
1112 998 1151 1018 ex
1166 987 1275 1017 infimo
1294 986 1390 1027 gradu
1420 984 1461 1015 ad
1486 983 1626 1026 tyranni·

167 1042 238 1072 dem
265 1044 458 1084 pervenisse.
479 1049 646 1085 propterea
671 1054 742 1074 cum
768 1043 857 1073 Deos
885 1043 991 1072 harum
1014 1052 1115 1072 rerum
1143 1048 1286 1072 auctores
1300 1050 1367 1071 esse
1383 1043 1509 1080 propter
1523 1039 1625 1079 ipsam

165 1106 238 1127 cum
252 1096 315 1127 illis
327 1097 581 1139 conjunctionem
594 1098 737 1128 incusare
752 1103 784 1127 et
810 1096 959 1127 adversus
985 1106 1038 1126 eos
1063 1105 1196 1137 peccare
1222 1095 1313 1130 nolis,
1334 1093 1486 1124 nonnulla
1514 1091 1627 1123 duetus

167 1149 372 1189 absurditate,
389 1162 424 1183 ac
439 1151 515 1182 Diis
529 1152 607 1193 ipsis
622 1161 807 1183 succensere
821 1161 884 1181 non
896 1151 1018 1186 valens,
1044 1151 1105 1181 hnc
1121 1149 1251 1180 tandem
1265 1149 1415 1190 delapsus
1429 1158 1472 1184 es,
1488 1151 1535 1186 ut,
1550 1146 1627 1177 licet

167 1203 256 1235 Deos
271 1215 340 1236 esse
351 1205 522 1248 arbstren‘s,
532 1207 685 1237 humanas
694 1211 800 1237 tamen
817 1216 864 1236 res
879 1205 917 1236 ab
932 1205 993 1236 illis
1003 1205 1122 1246 negligi
1137 1204 1258 1237 credas.
1268 1213 1309 1233 ne
1324 1202 1420 1244 igitur
1434 1203 1501 1232 haec
1518 1200 1626 1242 opinio

167 1259 207 1290 ad
225 1260 397 1300 grav-iorem
412 1266 443 1291 te
456 1261 561 1291 trudat
574 1261 745 1302 impietatis
759 1261 912 1297 morbum,
926 1260 1100 1290 remedium
1122 1269 1178 1300 pro
1203 1258 1332 1293 viribus,
1347 1256 1528 1298 opinionem
1543 1255 1625 1285 hanc

165 1314 346 1355 refutantes,
376 1310 591 1347 adhibeamus.
615 1315 761 1356 quocirca
787 1320 971 1356 sequentem
997 1314 1239 1354 disputationem
1258 1322 1330 1343 cum
1356 1309 1555 1352 praecedente
1571 1308 1628 1339 illa.

167 1368 288 1399 ratione
305 1370 484 1411 jungemus,
501 1380 562 1411 qua
577 1370 727 1400 adversus
742 1380 798 1400 eos
812 1370 918 1406 etiam,
935 1369 988 1411 qui
1004 1368 1094 1399 Deos
1106 1378 1173 1398 esse
1187 1367 1356 1408 negabant,
1378 1365 1426 1395 usi
1449 1373 1567 1394 sumus.
1588 1368 1624 1393 tu

165 1432 252 1460 vero,
270 1421 376 1454 Clinia
390 1429 424 1454 et
438 1424 585 1465 Megille,
602 1434 658 1465 pro
674 1424 888 1460 adolescente,
914 1429 950 1454 ut
973 1423 1090 1454 fecistis
1112 1423 1278 1457 hactenuS,
1304 1419 1504 1460 respondete.
1527 1423 1623 1458 atque

164 1486 235 1518 ego,
262 1476 286 1507 si
303 1478 434 1508 arduum
460 1478 537 1519 quid
566 1477 724 1515 inciderit,
745 1489 800 1509 vos
815 1478 1001 1519 suscipiens,
1017 1483 1052 1508 ut
1065 1487 1149 1508 nunc
1163 1476 1238 1512 feci,
1253 1480 1339 1505 trans
1352 1473 1483 1505 fluvium
1499 1471 1624 1503 ducam.

165 1530 243 1562 Cu.
267 1530 370 1562 Recte
386 1531 487 1562 dicis:
511 1536 544 1562 et
558 1531 604 1562 ita
617 1532 725 1562 facito.
747 1543 804 1563 nos
826 1542 951 1574 quoque
973 1542 1029 1572 pro
1054 1531 1166 1562 viribus
1181 1529 1343 1561 faciemus.
1386 1527 1524 1558 ATHEN.
1550 1525 1625 1556 Non

165 1584 225 1615 erit
238 1585 341 1616 forsan
356 1585 484 1617 difficile
499 1587 711 1617 demonstrare
723 1586 811 1617 Deos
825 1596 888 1617 non
902 1586 1006 1616 minus
1022 1586 1218 1616 minimarum
1240 1594 1342 1614 rerum
1358 1592 1451 1624 quam
1472 1581 1626 1611 maxima-

167 1648 237 1669 rum
260 1649 365 1670 curam
384 1640 518 1670 habere:
543 1641 716 1681 praesertim
745 1651 814 1671 cum
840 1640 937 1682 paulo
960 1645 1034 1671 ante
1056 1640 1177 1670 dictum
1202 1638 1295 1669 fuerit
1321 1647 1376 1668 eos
1402 1636 1487 1667 omni
1513 1635 1627 1666 virtute

167 1693 298 1724 refertos
309 1694 540 1735 providentiam
554 1694 691 1725 omnium
708 1694 767 1725 sibi
778 1695 936 1736 propriam
948 1694 1128 1725 vendicare.
1172 1693 1249 1725 Cn.
1272 1692 1313 1722 Et
1338 1690 1472 1722 maxime
1488 1688 1628 1731 quidem.

167 1746 306 1779 Arnen.
329 1748 425 1785 Quod
453 1749 602 1790 sequitur,
625 1748 829 1779 communiter
844 1749 1079 1789 investigemus,
1096 1758 1165 1790 quae
1181 1748 1223 1778 sit
1236 1748 1333 1777 virtus
1341 1755 1463 1782 eorum,
1479 1754 1539 1785 qua
1552 1743 1627 1774 boni

167 1811 237 1832 esse
262 1802 485 1834 conceduntur.
508 1813 578 1844 age,
604 1813 710 1833 nonne
735 1808 941 1844 temperatum
956 1813 1024 1833 esse
1038 1807 1237 1843 mentemque
1253 1801 1365 1831 habere
1378 1798 1484 1829 virtuti
1500 1798 1626 1832 dantur,

167 1861 201 1886 et
222 1858 376 1888 contraria
399 1858 503 1888 vitio?
549 1857 627 1889 Cm.
651 1857 754 1889 Certe.
798 1856 936 1888 ΑΤΗΕΝ.
960 1856 1047 1894 Quid
1076 1857 1190 1898 porro?
1212 1866 1317 1887 nonne
1345 1852 1494 1885 fortitudo
1520 1852 1629 1882 virtuti

166 1910 260 1941 etiam
285 1911 386 1949 datur,
413 1912 568 1943 timiditas
592 1912 694 1942 vitio?
741 1911 816 1942 CLr.
840 1911 956 1942 Valde.
1001 1911 1138 1942 Arnen.
1162 1910 1204 1941 Et
1227 1911 1335 1941 horum
1356 1908 1417 1939 alia
1434 1906 1547 1948 turpia,
1564 1905 1628 1936 alia

163 1963 298 1995 honesta
323 1965 492 1997 dicuntur?
538 1967 614 1998 Cu.
637 1965 779 1997 Necesse
803 1971 860 1997 est.
904 1966 1045 1996 Arnim.
1068 1965 1110 1996 Et
1136 1975 1206 2006 quae
1230 1964 1263 1994 in
1278 1963 1328 1994 his
1344 1963 1419 1992 vitia
1434 1968 1516 1996 sunt,
1536 1960 1627 1991 nobis

166 2017 293 2059 quidem
319 2019 424 2050 inesse
450 2030 565 2061 posse:
591 2019 680 2050 Deos
707 2029 780 2050 vero
808 2029 912 2050 eorum
940 2019 1110 2060 participes
1125 2018 1213 2049 nullo
1228 2017 1322 2048 modo
1337 2015 1501 2047 dicemus?
1549 2013 1627 2045 CLr.

169 2071 249 2104 Haec
274 2073 370 2104 etiam
395 2074 498 2115 quivis
526 2074 724 2105 concederet.
767 2073 906 2105 Arnim.
931 2073 1086 2115 Nunquid
1109 2071 1346 2114 negligentiam,
1361 2070 1501 2106 delicias,
1515 2068 1629 2103 otium,

170 2125 267 2157 animi
282 2127 428 2158 virtutem
443 2128 620 2169 putabimus
631 2128 641 2158 ‚²
651 2142 654 2145 “
665 2138 706 2158 an
721 2128 812 2158 aliter
826 2128 836 2158 ?
875 2128 953 2159 CLr.
967 2128 1012 2158 At
1025 2126 1180 2169 quomodo
1195 2127 1206 2157 ?
1244 2125 1382 2156 Arnen.
1394 2123 1479 2155 Num
1495 2121 1626 2154 contra?

171 2180 270 2223 [901]
316 2181 391 2214 CLr.
413 2182 464 2213 Ita
486 2192 574 2213 sane.
616 2181 754 2213 Aram.
777 2182 897 2213 Horum
920 2192 994 2223 ergo
1020 2181 1175 2213 contraria
1187 2182 1220 2211 in
1235 2179 1433 2211 contrarium.
1479 2177 1555 2209 Cm.
1577 2176 1631 2208 Sic

169 2236 290 2277 utique.
333 2235 472 2268 Anum.
495 2238 560 2274 Qui
585 2237 718 2273 deliciis,
747 2236 948 2278 negligentiae
977 2236 1103 2277 otioque
1133 2235 1260 2265 deditus
1281 2239 1341 2269 est,
1362 2243 1453 2274 quem
1471 2230 1632 2262 Hesiodus

168 2289 294 2331 ignavis
307 2291 440 2322 maxime
454 2291 534 2322 fucis
547 2291 680 2323 similem
697 2290 786 2332 dicit,
801 2301 907 2322 nonne
924 2290 997 2321 odio
1021 2291 1111 2321 nobis
1138 2289 1268 2319 habetur
1284 2288 1295 2317 ?
1341 2287 1417 2318 cm.
1441 2284 1632 2316 Rectissime

170 2344 312 2385 profecto
337 2345 435 2386 poe'ta
459 2345 513 2375 ille
543 2346 670 2376 cecinit.
715 2345 855 2376 Aruns.
878 2345 951 2376 Non
967 2354 1041 2386 ergo
1057 2343 1209 2375 dicendus
1225 2342 1314 2372 Deus
1328 2351 1380 2371 eos
1394 2350 1494 2371 mores
1507 2339 1632 2375 habere,

172 2409 252 2440 quos
274 2398 358 2430 odit:
382 2410 442 2430 nec
467 2400 697 2440 permittendus
717 2405 766 2430 est
788 2400 870 2431 ullus
898 2399 943 2430 ita
966 2398 1084 2430 dicere.
1128 2397 1205 2429 Cu.
1228 2395 1326 2427 Nullo
1340 2394 1446 2426 modo.
1492 2394 1633 2424 Arnen.

171 2453 224 2483 An
238 2453 304 2488 ille,
322 2452 362 2483 ad
376 2463 471 2494 quem
485 2453 588 2494 operis
604 2453 735 2495 alicujus
751 2454 878 2485 effectio
904 2459 938 2484 et
963 2463 1039 2484 cura
1064 2452 1198 2483 maxime
1223 2450 1366 2492 pertinet,
1395 2457 1510 2489 magna
1533 2447 1565 2478 in
1593 2457 1633 2478 eo

171 2517 268 2548 opere
285 2507 416 2544 curabit,
431 2517 523 2548 parva
539 2513 721 2538 contemnet
736 2508 746 2538 ?
770 2507 938 2549 quomodo,
964 2508 991 2538 si
1017 2508 1098 2537 hanc
1113 2505 1294 2547 opinionem
1309 2502 1551 2539 laudaverimus,
1566 2511 1632 2532 non

172 2561 343 2592 errabimus
361 2562 372 2591 ?
396 2561 452 2592 sed
467 2562 513 2593 ita
527 2561 612 2592 istud
627 2561 863 2593 consideremus
879 2573 886 2591 ε
910 2572 1026 2597 nonne,
1054 2563 1119 2591 sive
1146 2561 1238 2590 homo
1257 2558 1324 2588 sive
1341 2557 1443 2593 Deus,
1458 2556 1580 2587 duabus
1593 2555 1634 2586 de

173 2615 276 2646 causis
290 2616 423 2657 negligit
437 2616 448 2646 ?
496 2615 573 2647 Cm.
597 2616 743 2653 Quibus?
788 2617 926 2648 Arnen.
950 2615 1013 2646 Vel
1030 2615 1103 2656 quia
1118 2614 1196 2644 nihil
1212 2613 1362 2643 interesse
1376 2611 1474 2642 totius
1490 2615 1591 2652 putat,
1608 2610 1635 2641 si

173 2678 270 2710 parva
297 2670 522 2711 negliguntur:
546 2670 596 2700 vel
627 2670 710 2712 quia,
740 2671 816 2702 licet
840 2671 989 2701 interesse
1015 2669 1168 2711 opinetur,
1181 2666 1306 2709 pigritia
1321 2671 1425 2697 tamen
1438 2665 1634 2706 mollitieque

173 2723 322 2755 detentus
343 2724 488 2766 negligit.
512 2724 601 2755 aliter
629 2725 714 2755 enirn
741 2725 938 2766 negligentia
963 2733 1026 2754 non
1047 2722 1211 2764 contingit.
1233 2732 1306 2752 uam
1321 2719 1447 2762 quando
1472 2720 1540 2761 quis
1566 2729 1631 2749 non

172 2781 276 2817 potest
298 2779 435 2809 omnium
459 2789 565 2809 curam
589 2789 695 2820 gerere
725 2789 907 2820 magnorum
934 2787 1174 2820 parvorumque,
1203 2781 1298 2817 atque
1324 2774 1396 2806 ideo
1415 2774 1632 2805 imbecillitate

175 2831 345 2872 impeditus
356 2842 419 2863 non
435 2838 532 2870 curat,
548 2833 740 2875 negligentia
753 2841 828 2864 tunc
843 2833 876 2864 in
900 2843 938 2863 eo
962 2842 1030 2863 esse
1049 2841 1114 2862 non
1141 2829 1270 2861 dicitur:
1300 2830 1366 2860 sive
1389 2830 1482 2859 homo
1505 2826 1634 2868 quidam

177 2885 207 2915 si
231 2885 397 2926 impotens,
421 2887 486 2918 sive
512 2887 602 2918 Deus
624 2888 735 2928 aliquis
761 2897 823 2918 non
851 2896 942 2928 posse
972 2886 1116 2927 fingatur.
1160 2885 1236 2916 Cu.
1259 2883 1334 2915 Non
1360 2888 1453 2914 certe.
1496 2881 1636 2911 Arnen.

174 2939 235 2970 Sed
253 2950 336 2970 nunc
349 2941 394 2971 illi
411 2941 475 2973 duo
490 2941 586 2974 tribus
603 2942 692 2975 nobis
705 2941 926 2984 respondeant,
943 2941 1008 2982 qui,
1031 2941 1106 2974 licet
1138 2939 1225 2972 Deos
1251 2949 1317 2969 csse
1345 2935 1529 2970 concedant,
1557 2933 1634 2964 alter

263 2994 350 3028 Piae.
372 2995 427 3027 Tr.
917 2995 964 3027 11.
1498 2992 1515 3019 3
1536 2988 1562 3019 Ο
