1840 3225
260 209 336 250 :334
838 209 1101 247 PLATONIS
1617 214 1713 265 [722

258 313 313 344 nia
345 312 473 355 quidem
499 313 596 343 tanta*
621 310 670 342 vel
708 316 806 347 tanta,
841 304 995 343 dedecore
1021 317 1125 343 autem
1155 311 1210 342 tali
1236 312 1374 353 quodam
1398 312 1447 344 vel
1479 313 1545 344 tali.
1577 319 1609 345 et
1639 314 1713 345 sim-

256 367 329 408 plex
357 366 484 408 quidem
500 367 552 396 lex
582 364 621 396 de
649 365 767 406 nuptiis
794 365 866 396 talis
888 366 940 397 sit.
961 365 1077 407 duplex
1107 371 1211 396 autem
1223 367 1320 397 talis:
1344 377 1467 398 uxorem
1491 367 1605 399 ducere
1628 369 1715 410 quis-

254 431 315 461 que
338 420 433 451 debet
462 420 501 451 ab
522 429 605 450 anno
634 419 814 460 trigesimo:
839 419 879 451 ad
909 421 1101 462 trigesimum
1125 420 1294 462 quintum:
1319 421 1472 462 cogitans,
1496 422 1578 463 quod
1603 429 1714 454 natura

254 472 389 514 quadam
418 474 588 503 humanum
617 483 717 513 genus
744 473 972 514 quodammodo
1002 474 1263 505 immortalitatem
1294 475 1519 516 consequitur:
1549 476 1637 517 cujus
1665 475 1713 507 rei

252 527 385 569 quisque
413 532 525 558 natura
553 536 748 568 summopere
776 527 909 568 cupidus
923 532 982 558 est.
1004 537 1097 558 nemo
1121 527 1207 558 enim
1222 533 1281 564 est,
1296 528 1351 569 qui
1372 539 1436 559 non
1457 528 1617 559 desideret
1639 539 1711 570 per-

252 586 383 622 petuum
397 581 480 622 apud
495 586 636 623 posteros
659 590 772 611 nomen
788 581 913 612 habere.
937 592 1034 623 genus
1054 582 1161 622 itaque
1178 582 1335 613 hominum
1352 582 1525 614 immortale
1538 583 1598 613 hoc
1617 582 1712 614 modo

249 635 282 665 in
299 636 524 676 sempiternum
549 635 707 676 perdurat,
722 636 805 676 quod
832 635 964 667 filiorum
979 636 1059 667 filios
1081 635 1288 677 relinquendo
1313 646 1411 666 unum
1432 641 1465 666 et
1486 636 1571 667 idem
1587 646 1710 677 semper

248 698 306 730 per
335 689 567 730 generationem
595 689 862 720 immortalitatem
891 689 1091 730 adipiscatur.
1114 690 1203 720 nefas
1228 695 1333 720 autem
1360 695 1409 720 est
1424 690 1657 720 immortalitate
1673 700 1708 720 se

247 742 350 784 ipsum
366 748 477 784 sponte
490 743 623 785 privare.
645 744 705 774 hac
718 753 791 774 vero
806 754 843 774 ex
859 744 964 775 animo
979 745 1034 775 ille
1060 755 1093 775 se
1109 745 1220 786 privat,
1236 744 1290 786 qui
1318 744 1399 775 filios
1413 749 1447 775 et
1460 754 1591 774 uxorem
1603 744 1707 784 negli-

247 797 304 838 git.
327 798 506 839 quicunque
532 797 594 838 legi
619 797 691 828 huic
717 798 987 839 obtemperaverit,
1011 797 1170 829 indemnis
1188 807 1284 841 esto:
1310 798 1364 839 qui
1384 808 1458 829 vero
1479 808 1544 828 non
1559 797 1708 839 paruerit,

246 857 280 882 et
294 853 432 893 quinque
447 862 483 882 ac
499 852 625 892 triginta
640 861 739 882 annos
762 857 855 882 natus
880 862 1007 882 uxorem
1021 863 1086 882 non
1112 852 1247 888 duxerit,
1264 862 1304 883 ne
1320 852 1494 883 solitariam
1508 852 1603 882 vitam
1620 851 1708 882 lucro

245 906 304 936 sibi
320 913 353 937 et
377 906 529 947 voluptati
545 905 611 936 fore
638 910 776 941 censeat,
804 910 892 936 tanta
905 905 938 936 in
963 916 1061 936 annos
1077 906 1216 947 singulos
1240 906 1407 936 mulctetur
1422 906 1580 947 pecunia;
1602 915 1707 946 neque

243 970 348 990 eorum
361 960 519 1001 particeps
533 961 683 990 honorum
697 959 748 995 sit,
764 970 843 1000 quos
858 959 999 1001 juniores
1014 960 1154 1001 quotidie
1168 960 1201 990 in
1215 960 1341 991 civitate
1359 959 1532 990 senioribus
1545 959 1708 991 exhibent.

243 1013 365 1044 duabus
376 1015 426 1044 his
450 1014 573 1055 legibus
586 1013 722 1045 invicem
737 1015 936 1054 comparatis,
954 1013 993 1044 de
1017 1014 1149 1055 singulis
1163 1013 1305 1055 judicare
1331 1013 1418 1050 licet,
1443 1019 1544 1044 utrum
1561 1020 1706 1055 oporteat

242 1078 296 1098 eas
311 1067 454 1109 duplices
467 1068 665 1109 longitudine
693 1078 788 1109 quam
814 1067 994 1098 brevissima
1020 1068 1229 1104 conscribere,
1243 1073 1279 1098 ut
1307 1067 1526 1110 persuasiones
1548 1067 1642 1099 simul
1654 1067 1706 1098 in-

239 1127 442 1164 terponantur
456 1129 489 1153 et
501 1123 595 1153 minae
611 1134 617 1152 :
642 1133 682 1153 an
703 1122 796 1153 minis
811 1123 857 1153 uti
872 1123 973 1154 solum
990 1127 1022 1153 et
1048 1122 1207 1163 simplices
1232 1121 1427 1164 longitudine
1453 1122 1542 1163 leges
1554 1120 1703 1155 condere.

240 1176 337 1208 Meo.
361 1177 510 1209 Laconici
533 1177 623 1208 moris
651 1182 710 1213 est,
735 1177 860 1219 hospes,
884 1176 1026 1207 breviora
1040 1187 1163 1218 semper
1187 1175 1316 1218 eligere.
1339 1176 1366 1207 si
1392 1175 1462 1217 quis
1486 1181 1593 1207 autem
1607 1175 1640 1206 in
1655 1175 1708 1206 his

239 1242 288 1262 me
297 1231 438 1274 judicem
463 1232 590 1268 faceret,
607 1236 642 1261 ut
664 1231 781 1272 eligere
811 1231 889 1262 mihi
913 1231 1022 1262 liceret
1051 1240 1088 1261 ex
1104 1231 1152 1261 his
1172 1236 1274 1262 utram
1289 1230 1382 1261 velim
1399 1231 1503 1271 legem
1516 1230 1550 1260 in
1564 1229 1706 1265 civitate,

237 1281 411 1326 longiorem
426 1286 574 1327 eligerem
588 1296 595 1316 :
622 1285 719 1327 [722]
743 1284 774 1315 in
788 1285 959 1325 ceterisque
976 1284 1098 1325 legibus
1111 1285 1266 1319 omnibus,
1280 1284 1308 1315 si
1321 1283 1384 1315 duo
1399 1284 1466 1315 haec
1481 1289 1706 1325 proponantur,

237 1339 346 1370 adhoc
361 1341 464 1380 ipsum
487 1340 646 1378 exemplar
669 1339 752 1368 idem
780 1338 926 1367 facerem.
949 1342 1075 1376 oportet
1099 1342 1206 1367 tamen
1232 1343 1401 1378 praesentes
1427 1337 1511 1378 leges
1527 1342 1560 1368 et
1588 1337 1702 1369 Cliuiae

237 1394 309 1424 huie
338 1393 472 1435 probari.
493 1392 583 1434 liujus
612 1390 696 1421 enim
723 1399 761 1420 ea
787 1390 896 1420 civitas
925 1395 985 1426 est,
1000 1389 1091 1431 cujus
1114 1390 1185 1420 usui
1211 1391 1298 1431 leges
1310 1391 1378 1422 istae
1391 1390 1580 1422 conduntur.
1623 1390 1704 1422 Cu.

237 1447 337 1478 Probe
354 1453 389 1478 tu
405 1446 543 1488 quidem,
561 1444 705 1486 Megille.
749 1443 888 1474 Arnen.
913 1443 964 1474 De
977 1444 1156 1485 prolixitate
1171 1443 1299 1485 quidem
1314 1445 1364 1475 vel
1377 1445 1527 1476 brevitate
1541 1445 1698 1476 scribendi

236 1512 340 1532 curare
355 1501 447 1532 nimis
472 1501 615 1541 ineptum
635 1504 694 1529 est.
717 1508 780 1528 non
806 1498 891 1528 enim
915 1497 1097 1528 brevissima
1124 1503 1178 1528 aut
1201 1498 1394 1539 longissima,
1409 1497 1465 1529 sed
1479 1498 1597 1540 optima
1613 1504 1698 1535 sunt,

235 1560 272 1586 ut
284 1555 421 1591 arbitror,
437 1553 596 1595 eligenda.
619 1558 713 1594 atque
736 1558 768 1584 et
795 1551 827 1582 in
852 1551 972 1593 legibus
1000 1552 1096 1593 paulo
1123 1557 1195 1582 ante
1222 1552 1392 1593 propositis
1419 1562 1485 1583 non
1514 1551 1699 1593 duplicitate

235 1610 334 1641 solum
350 1609 448 1640 altera
459 1609 570 1650 magiS‚
586 1617 680 1649 quam
707 1606 814 1643 altera,
828 1605 869 1637 ad
898 1607 1041 1637 virtutem
1067 1606 1189 1637 confert
1205 1618 1212 1636 :
1237 1606 1294 1636 sed
1310 1606 1393 1647 quod
1411 1605 1450 1637 de
1465 1605 1586 1648 duplici
1601 1606 1700 1637 medi-

235 1675 342 1696 corum
366 1674 478 1705 genere
504 1663 624 1693 dictum
653 1666 711 1698 est,
727 1661 897 1692 rectissime
925 1665 974 1691 est
1002 1660 1193 1701 appositum.
1216 1658 1300 1701 quod
1330 1659 1460 1701 quidem
1485 1660 1698 1701 legislatorum

234 1719 340 1750 nullus
356 1728 494 1760 unquam
517 1717 667 1759 cogitasse
683 1714 816 1746 videtur.
837 1725 911 1746 nam
936 1725 1009 1746 cum
1024 1714 1120 1746 liceat
1141 1714 1262 1745 duobus
1287 1714 1472 1755 quibusdam
1489 1713 1531 1744 ad
1551 1713 1698 1745 ferendas

235 1774 345 1815 leges,'
361 1774 391 1805 vi
419 1773 679 1815 persuasioneque
695 1770 763 1801 uti:
787 1769 828 1801 ad
854 1770 975 1800 turbam
996 1768 1171 1810 disciplinae
1187 1773 1358 1809 expertem,
1375 1768 1477 1808 quoad
1498 1773 1639 1809 possunt,
1652 1768 1698 1799 al-

233 1833 301 1860 tero
329 1828 428 1859 solum
457 1833 595 1859 utuntur.
616 1836 679 1858 non
704 1824 788 1857 enim
817 1825 1018 1867 persuasione
1045 1823 1144 1854 minas
1169 1822 1375 1864 conjungunt,
1400 1821 1458 1853 sed
1486 1821 1550 1852 vim
1582 1832 1695 1863 puram

235 1882 429 1914 solummodo
456 1883 605 1914 inserunt.
638 1881 710 1923 Ego
739 1884 858 1916 autem,
874 1890 892 1909 o
921 1878 978 1910 viri
992 1878 1087 1914 beati,
1103 1877 1229 1908 tertium
1240 1875 1389 1918 quiddam
1404 1876 1498 1907 etiam
1513 1875 1696 1907 faciundum

232 1937 265 1968 in
281 1937 401 1979 legibus
425 1937 530 1973 video,
545 1935 631 1978 quod
654 1936 720 1966 fieri
733 1943 886 1976 nusquam
900 1932 1054 1964 videmus.
1097 1932 1174 1963 Cu.
1204 1930 1392 1968 Quidnam?
1437 1929 1575 1961 Arnas.
1597 1930 1694 1967 Quod

233 2002 291 2033 per
319 2002 367 2028 ea,
392 1991 431 2022 de
456 1991 568 2033 quibus
593 1990 804 2024 disseruimus,
825 1987 915 2019 nobis
937 1987 1012 2019 Deo
1037 1985 1174 2028 quodam
1197 1985 1379 2027 adspirante
1391 1983 1578 2015 factumest.
1600 1993 1695 2015 mane

233 2046 320 2076 enim
332 2046 490 2086 disputare
506 2046 546 2075 de
572 2045 691 2086 legibus
717 2043 878 2084 coepimus,
904 2047 937 2073 et
957 2042 1024 2084 jam
1051 2040 1194 2072 meridies
1223 2045 1282 2075 est,
1297 2045 1330 2070 et
1355 2039 1415 2070 hoc
1440 2038 1606 2069 amoenoin
1622 2038 1692 2070 loco

235 2099 484 2131 commodissime
499 2099 732 2140 requiescimus,
747 2097 786 2128 de
808 2096 931 2138 legibus
957 2095 1152 2126 solummodo
1175 2094 1383 2135 disputantes.
1404 2098 1440 2123 et
1459 2102 1542 2122 nunc
1557 2092 1692 2132 primum

233 2154 464 2185 tractandarum
480 2153 584 2194 legum
607 2152 799 2194 p1incipium
828 2151 930 2181 facere
954 2149 1032 2180 mihi
1059 2149 1221 2179 videmur:
1246 2146 1403 2188 superiora
1425 2156 1498 2176 vero
1511 2150 1625 2176 cuncta
1637 2155 1691 2175 ex-

234 2208 323 2240 ordia
335 2209 441 2250 legum
452 2213 552 2238 erant.
576 2216 721 2248 quorsum
744 2204 836 2236 haec?
861 2204 933 2245 quia
960 2203 1104 2234 volebam
1117 2202 1236 2242 dicere,
1251 2199 1339 2242 quod
1364 2209 1538 2230 sermonum
1552 2198 1690 2229 omnium

234 2267 480 2303 ceterorumque,
493 2261 605 2303 quibus
619 2260 704 2291 vocis
730 2258 864 2289 imitatio
880 2263 938 2292 est,
954 2256 1082 2288 exordia
1097 2261 1169 2286 sunt
1194 2261 1227 2286 et
1249 2254 1339 2295 quasi
1360 2253 1505 2295 quaedam
1526 2251 1691 2294 praeludia,

233 2327 303 2359 quae
318 2317 513 2348 artificiosam
532 2315 669 2356 aliquam
694 2319 726 2344 et
741 2313 850 2344 utilem
865 2313 903 2343 ad
928 2322 994 2342 rem
1009 2310 1174 2342 dicendam
1190 2308 1408 2340 tractationem
1428 2307 1556 2338 habent.
1577 2317 1690 2348 nempe

230 2371 307 2411 illis,
331 2381 401 2412 quae
424 2369 616 2402 citharoedici
637 2373 748 2400 cantus
771 2368 855 2408 leges
887 2371 1043 2399 vocantur,
1067 2372 1101 2394 et
1129 2364 1254 2404 reliquae
1281 2362 1397 2398 Musae,
1426 2360 1575 2402 prooemia
1611 2360 1690 2392 mire

233 2426 402 2457 adinventa
426 2429 648 2466 proponuntur.
669 2431 810 2453 verarum
834 2426 939 2451 autem
968 2419 1082 2460 legum,
1109 2427 1188 2459 quas
1211 2416 1318 2448 civiles
1341 2425 1411 2446 esse
1437 2414 1583 2451 dicimus,
1594 2423 1689 2446 nemo

234 2490 374 2521 unquam
390 2478 572 2520 prooemium
594 2475 722 2518 aliquod
748 2482 801 2506 aut
825 2473 1039 2516 pronuntiavit
1063 2477 1117 2503 aut
1142 2471 1354 2511 conscriptum
1378 2469 1412 2499 in
1427 2469 1532 2499 lucem
1546 2468 1689 2509 protulit,

233 2535 322 2575 quasi
336 2534 458 2564 nullum
472 2537 582 2563 natura
597 2531 647 2562 sit.
668 2530 761 2561 uobis
786 2534 892 2560 autem
915 2536 999 2558 mora
1021 2527 1088 2557 haec
1113 2531 1146 2556 et
1169 2524 1342 2566 disputatio
1365 2528 1471 2553 nostra
1484 2531 1554 2552 esse
1569 2521 1687 2562 aliquid

231 2587 407 2628 significare
422 2587 557 2617 videtur.
578 2586 664 2627 leges
679 2589 796 2622 autem,
810 2593 880 2624 quae
906 2581 1002 2612 modo
1027 2580 1172 2621 duplices
1185 2578 1353 2620 appellatae
1368 2581 1452 2613 sunt,
1466 2585 1529 2606 non
1542 2574 1688 2616 duplices

232 2646 306 2672 sunt
320 2641 502 2682 simpliciter
520 2651 527 2669 ι
553 2639 607 2670 sed
623 2639 685 2670 duo
708 2637 863 2680 quaedam,
878 2637 927 2667 lex
956 2645 992 2666 ac
1008 2635 1087 2676 legis
1102 2632 1274 2664 exordimn.
1297 2630 1396 2672 [723]
1418 2634 1511 2670 atque
1526 2638 1576 2665 ea,
1591 2638 1685 2670 quam

232 2695 393 2738 tyrannico
409 2699 441 2724 et
456 2693 648 2725 medicorum
664 2692 822 2723 servilium
833 2690 967 2731 imperio
981 2687 1241 2730 comparavimus,
1256 2686 1303 2716 lex
1320 2693 1406 2715 mera
1420 2688 1489 2719 est;
1511 2682 1595 2723 quod
1611 2692 1685 2713 vero

231 2753 305 2781 ante
321 2748 456 2790 positum
476 2748 546 2783 fuit,
563 2748 681 2779 dictum
705 2746 744 2777 ab
768 2746 827 2776 hoc
854 2743 1091 2785 persuaserim,
1116 2750 1221 2772 revera
1233 2739 1272 2770 ad
1284 2735 1538 2780 persuadendum
1562 2741 1685 2777 spectat

230 2803 369 2846 quidem,
385 2801 439 2833 sed
453 2802 517 2832 vim
539 2802 633 2832 habet
655 2799 786 2832 exordii.
807 2809 880 2830 nam
894 2803 930 2829 ut
944 2796 1176 2828 benivolentius
1201 2793 1329 2825 audiant
1348 2790 1534 2832 legislatoris
1554 2790 1682 2831 imperi-

231 2868 294 2894 um,
310 2867 379 2898 quoe
395 2857 443 2887 lex
467 2860 526 2892 est,
547 2860 580 2885 et
602 2860 728 2896 propter
749 2854 809 2885 hoc
826 2852 957 2884 ‘facilius
979 2850 1151 2893 suscipiant
1171 2849 1268 2883 cives,
1290 2845 1403 2877 iccirco
1426 2850 1493 2875 tota
1514 2844 1570 2874 illa
1583 2843 1683 2874 oratio

229 2912 335 2943 habita
350 2916 409 2948 est,
424 2920 492 2953 quae
515 2909 554 2941 ad
581 2908 828 2951 persuadendum
851 2912 900 2939 est
924 2906 1063 2940 inducta.
1085 2908 1285 2946 quapropter,
1298 2905 1333 2931 ut
1355 2908 1427 2930 mea
1441 2897 1596 2949 sententia
1610 2896 1682 2934 fert,
