1840 3225
238 186 315 223 248
843 182 1107 222 PLATONIS
1618 185 1685 241 [41

229 289 374 330 milis-que
391 287 542 329 vertigine
560 287 757 317 ducerentur.
777 286 915 328 reliquos
928 292 1031 317 autem
1047 287 1185 328 quinque
1202 291 1303 316 motus
1315 286 1354 316 ab
1369 287 1408 317 iis
1419 295 1488 317 esse
1501 287 1599 318 voluit
1611 288 1690 319 alie-

230 353 298 378 nos,
311 348 347 372 ut
360 341 602 383 unumquodque
614 341 749 376 illomm,
763 339 866 382 quoad
882 340 949 371 fieri
962 346 1075 382 potest,
1089 340 1242 381 optimum
1256 346 1350 371 esset.
1373 350 1435 382 qua
1447 350 1488 371 ex
1500 350 1595 372 causa
1606 341 1690 372 facta

229 402 302 427 sunt
319 402 402 427 astra
416 397 472 427 illa
492 395 602 426 erroris
626 395 778 436 expertia,
794 405 863 436 quae
880 394 988 425 divina
1005 395 1153 425 animalia
1171 401 1263 425 suut:
1282 401 1509 436 proptereaque
1528 396 1563 426 iu
1579 395 1691 427 eodem

227 460 352 491 semper
372 451 501 481 circuitu
529 455 738 490 perseverant.
762 459 831 490 quae
847 459 921 479 vero
937 459 1016 490 vaga
1037 454 1156 479 suntet
1171 449 1313 480 mutabili
1333 450 1453 480 ratione
1474 449 1629 486 labuntur,
1647 450 1694 480 ita

227 504 389 545 deinceps,
409 510 444 535 ut
459 513 552 544 supra
575 503 721 539 diximus,
739 503 891 544 disposita
906 509 989 533 sunt.
1021 509 1135 533 terram
1152 510 1266 540 autem,
1283 503 1425 534 altricem
1443 510 1592 540 nostram,
1609 504 1693 534 circa

225 559 332 598 polum
352 569 409 599 per
429 558 607 589 universum
625 563 788 588 extensum
809 557 980 598 alligatam,
1005 556 1068 588 diei
1090 558 1254 598 noctisque
1272 558 1465 589 effectricem
1481 563 1515 588 et
1531 557 1693 589 custodem

226 622 295 643 esse
314 613 422 648 voluit,
444 623 504 643 nec
521 623 584 643 non
605 613 738 653 primam
757 611 1067 652 antiquissimamque
1099 611 1239 643 Deorum
1257 613 1406 649 omnium,
1421 612 1475 654 qui
1487 612 1570 643 intra
1581 612 1694 643 coelum

225 673 298 697 sunt
310 667 418 708 geniti.
440 668 549 697 horum
561 677 633 697 vero
658 666 796 697 Deorum
809 667 947 702 choreas,
961 671 994 696 et
1005 666 1088 696 inter
1097 666 1183 707 ipsos
1201 667 1432 703 concursiones,
1446 666 1693 707 circulorumque

225 721 363 762 ipsorum
376 721 586 752 revolutiones
600 721 702 751 varias
713 725 746 750 et
761 730 914 757 accessuS,
932 721 1041 761 quales
1053 727 1205 762 praeterea
1218 722 1294 751 fiant
1306 721 1464 763 conjuncti
1478 720 1537 751 sibi
1555 719 1692 751 invicem

226 776 277 806 vel
287 776 433 817 oppositi,
444 775 509 805 sive
526 782 598 806 ante
608 775 690 806 inter
703 785 735 805 se
745 775 810 805 sive
820 781 912 810 retm,
923 775 1037 815 quidve
1056 785 1095 806 ex
1107 776 1232 806 illorum
1245 776 1324 806 serie
1337 775 1429 806 nobis
1440 775 1614 816 proveniat,
1624 774 1692 816 qui·

224 830 282 860 bus
306 830 497 870 temporibus
516 837 549 860 et
565 839 625 870 quo
643 838 736 871 pacto
753 829 942 859 delitescant
961 829 1077 870 singuli
1092 829 1142 859 vel
1158 836 1330 870 emergant,
1351 829 1466 871 quidve
1491 828 1691 870 portendant,

225 884 350 925 quando
372 884 509 914 orientes
532 884 709 914 hominibus
723 884 832 913 harum
850 893 953 913 rerum
966 883 1075 924 peritis
1095 885 1238 914 timorem
1259 883 1426 920 incutiunt,
1449 884 1527 919 haec,
1552 883 1693 924 inquam,

223 939 329 968 onmia
341 937 457 978 absque
474 937 619 978 diligenti
634 938 868 968 simulacrorum
886 938 1024 978 ipsorum
1045 938 1241 978 inspectione
1258 938 1417 979 explicare
1431 937 1515 968 velle
1528 937 1632 967 inanis
1644 942 1694 967 est

227 992 325 1022 labor.
341 991 397 1022 sed
411 991 452 1021 de
467 992 516 1022 his
528 991 622 1022 satis:
641 996 674 1021 et
683 992 760 1033 jam,
775 1002 844 1032 quoe
858 991 898 1022 de
909 997 1021 1022 natura
1037 992 1179 1022 Deorum
1192 991 1327 1027 illorum,
1339 992 1393 1033 qui
1409 992 1490 1022 tales
1502 991 1602 1032 geniti
1610 996 1693 1026 sunt,

228 1050 263 1076 ut
274 1051 449 1082 cernantur,
462 1045 598 1076 dicenda
609 1051 708 1080 erant,
723 1045 817 1075 finem
827 1045 974 1076 habeant.
1001 1044 1184 1076 Ceterorum
1197 1056 1284 1082 vero,
1296 1046 1350 1088 qui
1359 1046 1520 1077 daemones
1531 1045 1695 1087 appellan-

226 1105 287 1137 tur,
308 1105 341 1130 et
361 1110 548 1141 cognoscere
569 1105 603 1130 et
624 1100 788 1130 enuntiare
806 1106 907 1130 ortum
926 1100 1025 1142 majus
1045 1105 1094 1130 est
1115 1110 1204 1141 opuS,
1219 1110 1312 1142 quam
1339 1101 1419 1131 ferre
1438 1106 1578 1131 nostrum
1591 1099 1698 1130 valeat

227 1154 399 1195 ingenium.
412 1153 524 1194 priscis
537 1154 645 1195 itaque
660 1154 734 1184 viris
749 1155 808 1184 hac
826 1153 858 1184 in
872 1164 906 1184 re
923 1153 1115 1184 credendum
1129 1160 1187 1190 est,
1205 1154 1260 1195 qui
1274 1154 1346 1185 Diis
1358 1155 1468 1195 geniti,
1483 1159 1519 1184 ut
1530 1154 1593 1195 ipsi
1609 1153 1694 1184 dice-

229 1208 316 1244 bant,
332 1213 479 1249 parentes
494 1218 566 1239 suos
585 1209 703 1249 optime
717 1214 880 1238 noverant.
891 1207 1086 1248 impossibile
1103 1218 1179 1238 sane
1212 1208 1353 1239 Deorum
1367 1209 1440 1239 filiis
1454 1208 1550 1239 fidem
1563 1217 1626 1238 non
1639 1208 1695 1238 ha-

229 1262 314 1298 bere,
335 1262 411 1292 licet
427 1272 486 1292 nec
509 1263 695 1293 necessariis
716 1272 776 1292 nec
802 1262 1025 1292 verisimilibus
1043 1262 1216 1293 rationibus
1237 1272 1344 1293 eorum
1365 1264 1464 1293 oratio
1488 1262 1698 1294 confirmetur.

230 1325 338 1346 verum
351 1316 425 1357 quia
442 1316 482 1346 de
498 1315 679 1347 domesticis
693 1316 785 1346 rebus
805 1316 890 1356 loqui
904 1326 938 1346 se
961 1316 1165 1352 affirmabant,
1180 1326 1247 1352 nos,
1264 1317 1368 1357 legem
1386 1317 1496 1352 secuti,
1510 1315 1606 1346 fidem
1616 1325 1698 1357 prae-

230 1370 390 1400 stabimus.
405 1371 450 1400 sic
462 1370 566 1410 igitur,
577 1375 613 1400 ut
624 1370 663 1399 ab
672 1370 721 1399 his
736 1375 785 1400 est
795 1369 957 1405 traditum,
971 1371 1081 1400 horum
1104 1370 1246 1401 Deorum
1262 1371 1423 1411 generatio
1436 1370 1586 1401 habeatur
1603 1375 1698 1411 atque

230 1423 362 1454 dicatur.
384 1423 489 1454 Terrae
506 1422 650 1464 Coelique
673 1423 730 1454 filii
743 1423 890 1454 Oceanus
912 1431 945 1454 et
959 1423 1079 1466 Tethys
1097 1424 1193 1454 fuisse
1212 1424 1397 1455 traduntur:
1420 1424 1458 1455 ab
1479 1425 1519 1455 iis
1537 1425 1695 1466 Phorcyn,

231 1477 382 1508 Saturnus
398 1481 431 1507 et
443 1475 538 1507 Rhea
549 1477 659 1518 geniti,
673 1483 706 1507 et
716 1478 830 1518 reliqui
846 1478 956 1507 horum
971 1477 1090 1508 fratres.
1104 1487 1143 1508 ex
1167 1477 1301 1509 Saturno
1316 1478 1390 1521 [41]
1408 1485 1441 1509 et
1453 1479 1556 1515 Rhea,
1572 1478 1592 1510 J
1595 1479 1699 1520 upiter

230 1535 265 1561 et
277 1530 298 1562 J
301 1541 362 1561 uno
377 1535 411 1561 et
419 1530 545 1571 reliqui,
562 1541 639 1571 quos
654 1541 761 1562 eorum
773 1531 884 1562 fratres
896 1530 1037 1573 quotidie
1054 1532 1219 1562 memorari
1235 1532 1391 1568 audimus,
1403 1533 1470 1563 nati
1483 1532 1641 1564 dicuntur.
1656 1543 1697 1564 ex

230 1585 281 1615 his
293 1584 454 1626 deinceps,
469 1590 504 1614 ut
516 1584 659 1621 traditur,
672 1586 738 1616 alii.
762 1585 934 1626 Postquam
946 1585 1004 1616 orti
1021 1591 1094 1616 sunt
1105 1595 1225 1621 omnes,
1240 1592 1274 1617 et
1285 1587 1339 1628 qui
1352 1587 1432 1618 coelo
1444 1588 1611 1618 volvuntur
1625 1586 1694 1623 Dii,

231 1639 346 1670 nostris
360 1639 460 1669 oculis
478 1639 648 1675 manifesti,
666 1639 763 1680 etqui
782 1644 914 1669 eatenus
927 1639 1018 1670 nobis
1033 1640 1195 1681 conspicui
1213 1640 1302 1676 fiunt,
1322 1646 1477 1681 quatenus
1492 1641 1555 1682 ipsi
1573 1641 1697 1675 volunt,

231 1698 299 1723 tum
312 1693 353 1723 ad
365 1703 420 1723 eos
442 1692 552 1723 mundi
567 1693 690 1734 genitor
703 1693 749 1724 ita
767 1693 849 1723 fatur
861 1704 867 1722 :
893 1692 952 1723 Dii
966 1692 1106 1729 deorum,
1126 1704 1257 1734 quorum
1269 1695 1376 1736 opifex
1393 1705 1454 1737 ego
1464 1701 1497 1726 et
1511 1700 1602 1737 pater
1615 1704 1696 1731 smn,

232 1747 301 1778 haec
321 1746 486 1785 attendite.
509 1757 577 1789 quae
591 1757 611 1778 a
621 1757 671 1777 me
690 1747 774 1778 facta
786 1751 870 1783 sunt,
885 1756 935 1777 me
951 1747 996 1777 ita
1012 1747 1139 1778 volente
1153 1747 1384 1780 indissolubilia
1399 1755 1481 1780 sunt.
1493 1758 1586 1780 omne
1598 1750 1696 1791 siqui-

233 1800 317 1837 dem,
331 1800 416 1843 quod
427 1801 568 1832 vinctum
579 1806 639 1837 est,
653 1801 732 1832 solvi
747 1807 854 1843 potest
867 1812 876 1839 3
891 1800 948 1831 sed
959 1801 1035 1832 mali
1050 1806 1109 1837 est,
1125 1801 1210 1843 quod
1221 1803 1351 1843 pulchre
1363 1804 1570 1845 compositum
1583 1808 1632 1834 est
1645 1813 1695 1834 se-

234 1865 296 1896 que
307 1855 402 1885 habet
412 1855 505 1892 bene,
515 1856 598 1886 velle
609 1854 790 1886 dissolvere.
813 1863 1012 1897 quapropter,
1027 1856 1102 1897 quia
1111 1857 1252 1897 generati
1262 1857 1350 1893 estis,
1363 1858 1556 1889 immortales
1564 1857 1692 1899 quidem

236 1914 269 1939 et
287 1909 522 1940 indissolubiles
536 1910 663 1941 omnino
682 1920 746 1941 non
761 1910 848 1941 estis.
864 1919 924 1941 nec
939 1915 1046 1941 tamen
1057 1920 1196 1952 unquam
1213 1909 1439 1948 dissolvemini,
1454 1922 1515 1942 nec
1529 1912 1638 1943 mortis
1648 1911 1695 1942 fa-

235 1967 303 1994 tum
323 1962 477 1994 subibitis.
497 1973 572 1994 nam
589 1965 735 1995 voluntas
753 1974 825 1995 mea
836 1964 936 2007 majus
952 1965 1216 2007 praestantiusque
1232 1965 1321 1996 vobis
1333 1971 1382 1996 est
1396 1967 1556 1997 vinculum
1567 1965 1608 1996 nd
1625 1965 1698 1996 vitae

237 2016 413 2047 custodiam
425 2026 519 2058 quam
530 2027 630 2048 nexus
642 2018 701 2053 illi,
715 2019 827 2059 quibus
841 2019 919 2049 estis
933 2023 1018 2055 tunc,
1032 2029 1103 2049 cum
1116 2019 1341 2060 gignebamini,
1358 2020 1509 2061 colligati.
1543 2019 1600 2051 sed
1613 2029 1699 2051 nunc

231 2067 309 2108 jam,
323 2070 399 2111 quid
410 2070 549 2111 jubeam,
564 2071 754 2112 cognoscite.
766 2072 827 2102 tria
838 2072 940 2103 adhuc
954 2083 1069 2113 genera
1079 2074 1257 2104 mortalium
1265 2074 1357 2105 nobis
1368 2073 1548 2115 generanda
1560 2079 1696 2105 restant:

237 2124 353 2164 absque
367 2125 477 2154 homm
490 2125 692 2165 generatione
705 2125 817 2155 coelum
828 2123 1046 2166 imperfectum
1058 2128 1128 2157 erit.
1149 2127 1255 2158 omnia
1268 2128 1354 2158 enim
1365 2128 1570 2159 animantium
1581 2137 1699 2169 genera

239 2177 358 2209 ambitu
369 2187 424 2208 suo
436 2187 499 2208 non
511 2178 695 2209 continebit.
717 2180 876 2209 contineat
889 2185 994 2210 autem
1006 2186 1140 2220 oportet,
1154 2181 1180 2210 si
1193 2187 1243 2211 est
1255 2181 1391 2212 mundus
1399 2182 1526 2213 omnino
1539 2181 1698 2223 perfectus

239 2231 370 2262 futinus.
390 2232 458 2262 haec
471 2241 544 2261 vero
560 2231 587 2262 si
601 2241 621 2262 a
633 2242 683 2262 me
697 2232 773 2262 fiant
785 2233 851 2263 solo
859 2233 990 2274 vitaque
1006 2233 1172 2270 donentur,
1189 2234 1262 2265 Diis
1273 2235 1530 2277 adaequabuntur.
1542 2245 1699 2277 quaprop-

238 2290 285 2316 ter
298 2285 439 2316 accedite
455 2295 510 2316 vos
521 2285 694 2316 secundum
706 2292 849 2316 naturam
860 2286 901 2317 ad
915 2287 1098 2317 animalium
1109 2289 1354 2329 generationem,
1366 2290 1412 2320 ita
1423 2294 1457 2320 ut
1471 2290 1536 2320 vim
1547 2290 1697 2321 imitemi-

241 2339 275 2370 ni
287 2348 401 2375 meam,
416 2340 522 2381 quain
538 2345 606 2370 ortu
622 2346 726 2371 vestro
747 2350 816 2370 sum
839 2350 923 2371 usus.
956 2346 1049 2382 atque
1071 2341 1139 2383 ejus
1151 2342 1280 2383 quidem
1300 2343 1456 2380 animalis,
1470 2343 1556 2385 quod
1573 2344 1606 2375 in
1621 2343 1700 2385 ipsis

241 2393 304 2424 tale
320 2393 458 2424 futurum
472 2398 531 2430 est,
545 2400 580 2425 ut
595 2404 667 2425 cum
678 2394 905 2425 immortalibus
917 2395 1129 2436 appellatione
1144 2398 1322 2433 conveniat,
1339 2397 1543 2440 divinumque
1559 2403 1698 2434 vocetur.

241 2447 511 2488 principatumque
524 2453 642 2484 teneat,
655 2454 687 2479 et
693 2448 847 2491 justitiam
861 2449 954 2479 simul
970 2459 1007 2480 ac
1019 2459 1074 2480 vos
1090 2450 1172 2480 ultro
1185 2451 1278 2487 colat,
1291 2461 1351 2493 ego
1365 2452 1453 2483 vobis
1467 2461 1575 2483 semen
1590 2457 1624 2483 et
1634 2452 1695 2483 ini-

240 2501 319 2531 tium
331 2501 470 2532 tradam:
488 2512 544 2532 vos
555 2507 660 2533 cetera
672 2503 801 2544 exsequi
815 2512 872 2544 par
886 2509 944 2539 est,
959 2510 994 2534 ut
1009 2505 1176 2535 immortali
1195 2511 1315 2536 naturae
1331 2507 1495 2538 mortalem
1508 2512 1699 2542 attexentes,

241 2554 363 2585 faciatis
375 2556 593 2598 generetisque
610 2557 767 2594 animalia,
783 2557 1115 2600 subministrantesque
1131 2559 1283 2590 alimenta
1301 2561 1451 2601 augeatis,
1467 2565 1501 2591 et
1513 2565 1701 2602 consumpta

241 2616 362 2639 rursum
375 2609 546 2649 recipiatis.
568 2609 648 2641 Haec
664 2611 746 2642 fatus
756 2611 790 2642 in
806 2611 917 2643 eodem
931 2623 1034 2643 rursus
1052 2618 1182 2650 emtore,
1197 2614 1230 2644 iu
1242 2624 1306 2655 quo
1317 2614 1428 2646 mundi
1441 2615 1538 2646 tou'us
1558 2615 1697 2645 animam

241 2663 434 2703 permiscens
442 2668 679 2704 temperaverat,
690 2666 856 2707 superioris
867 2667 1103 2708 temperationis
1114 2665 1263 2709 reliquias
1274 2667 1438 2700 miscendo
1445 2668 1593 2710 perfudit,
1604 2669 1700 2699 modo

242 2715 379 2759 quodam
391 2717 488 2747 ferme
502 2718 624 2749 eodem.
646 2729 709 2750 non
724 2725 829 2751 tamen
846 2721 1002 2761 perfectas
1013 2722 1167 2758 similiter,
1181 2721 1237 2752 sed
1252 2727 1285 2752 et
1299 2722 1438 2754 secundo
1448 2728 1481 2753 et
1493 2723 1586 2753 tertio
1599 2722 1698 2764 gradu

242 2780 261 2802 a
272 2770 381 2811 primis
396 2770 590 2802 deficientes.
612 2773 748 2815 denique
761 2784 832 2805 cum
855 2775 1032 2806 universum
1058 2776 1282 2817 constituisset,
1295 2777 1386 2807 astris
1410 2785 1517 2818 parem
1533 2785 1697 2807 numerum

243 2824 402 2855 distribuit
414 2825 596 2862 animarum,
611 2827 742 2868 singulis
756 2829 895 2870 singulas
916 2828 1078 2865 adhibens,
1097 2830 1204 2872 eisque
1219 2836 1367 2872 tanquam
1386 2831 1531 2861 vehiculo
1545 2830 1702 2872 impositis

242 2878 426 2910 monstravit
447 2879 582 2910 universi
609 2887 761 2918 naturam,
777 2893 812 2914 ac
837 2884 924 2924 leges
947 2883 1058 2915 fatales
1078 2884 1200 2923 edixit3
1222 2883 1392 2916 ostendens
1417 2884 1544 2926 quidem
1564 2884 1696 2925 primam
