1840 3225
209 199 307 251 717]
658 197 732 235 DE
762 193 992 232 LEGIBUS
1023 193 1123 234 LIB.
1155 193 1221 232 IV.
1588 197 1660 234 331

208 303 414 336 communiter
429 302 522 334 totius
536 300 672 332 civitatis
686 298 784 341 gratia
798 298 920 339 positae.
943 297 997 338 qui
1019 303 1121 328 autem
1137 297 1310 338 aliquarum
1323 297 1456 339 partium
1467 298 1565 341 gratia
1580 298 1666 341 leges

209 358 362 393 condunt,
385 368 437 388 eos
459 366 523 387 non
546 355 630 387 cives
651 353 706 384 sed
729 352 895 383 seditiosos
911 356 1068 392 putamus,
1081 357 1114 382 et
1122 351 1194 392 jura
1208 362 1262 382 sua
1275 352 1389 383 frustra
1400 352 1443 384 sic
1455 353 1494 384 ab
1508 353 1553 384 eis
1564 354 1667 384 vocan'

209 421 385 443 censemus.
409 412 476 442 haec
499 414 604 440 autem
626 418 693 438 eam
716 407 756 438 ob
779 416 904 437 causam
928 405 1079 437 dicimus:
1105 406 1179 447 quia
1191 417 1247 437 nos
1263 407 1500 438 tuaincivitate
1515 418 1578 438 non
1593 408 1667 439 ideo

209 466 406 506 magistratus
428 464 523 496 alicui
545 462 702 498 dabimus,
724 461 808 502 quod
833 460 922 491 dives
945 460 996 497 sit,
1012 467 1066 490 aut
1077 460 1253 502 hujusmodi
1269 461 1434 502 quicquam
1447 461 1617 503 possideat,
1632 468 1668 493 ut

209 519 314 556 robur,
339 517 594 560 magnitudinem,
618 515 740 557 generis
756 515 939 546 claritatem.
962 514 992 545 ei
1016 513 1424 556 vero,quipositislegibus
1438 515 1557 556 parebit
1566 516 1665 549 maxi-

209 584 274 614 me,
295 578 328 604 et
350 574 408 604 hac
429 583 462 604 re
485 570 594 603 ceteris
612 571 646 601 in
665 570 792 601 civitate
805 568 974 611 praestabit,
992 568 1129 599 Deorum
1146 578 1270 609 quoque
1281 569 1401 600 cultum
1413 574 1445 600 et
1458 570 1664 602 ministerium

209 627 352 658 dabimus
365 638 375 666 3
396 626 565 657 maximum
587 624 717 667 quidem
738 624 850 665 primo,
873 624 1045 654 secundum
1059 633 1132 654 vero
1147 623 1206 659 illi,
1222 623 1274 664 qui
1288 622 1426 654 secundo
1438 624 1506 655 loco
1519 626 1665 657 excellet.

207 680 381 721 eademque
403 680 523 711 ratione
546 679 748 721 sequentibus
771 677 895 719 singula
926 687 983 719 pro
1011 677 1165 718 dignitate
1189 676 1419 709 distribuemus.
1462 678 1667 719 Magistratus

207 739 313 765 autem
334 735 439 775 legum
461 734 622 764 ministros
644 732 817 774 appellavi,
841 742 906 762 non
929 731 1004 773 quia
1025 732 1175 763 innovare
1198 732 1349 763 vocabula
1371 732 1508 774 cupiam,
1523 734 1578 763 sed
1592 735 1667 775 quia

204 794 313 829 putem
335 788 470 818 salutem
492 788 565 819 hinc
589 788 721 818 maxime
745 787 864 817 civitati
886 786 964 822 fore,
987 791 1020 816 et
1042 786 1231 817 contrarium
1253 797 1289 817 ex
1317 787 1482 818 contrario.
1505 787 1664 819 interitum

205 842 289 874 enim
312 848 455 883 paratum
477 842 525 873 illi
547 842 668 873 civitati
689 841 793 877 video,
813 841 846 871 in
861 851 923 881 qua
935 850 998 871 non
1013 840 1062 870 lex
1080 840 1308 880 magistratibus
1322 840 1376 871 sed
1393 841 1455 882 legi
1471 842 1668 882 magistratus

203 902 342 938 praesunt
360 908 367 926 :
392 896 525 927 salutem
545 906 619 927 vero
641 895 703 932 illi,
727 895 780 925 ubi
803 895 852 925 lex
875 895 1083 925 servientibus
1097 894 1328 936 magistratibus
1341 894 1531 927 dominatur.
1552 902 1667 928 cuncta

204 955 288 982 certe
303 950 396 988 bona,
413 961 483 992 quae
497 950 542 983 dii
556 949 734 981 civitatibus
749 950 901 991 praebent,
914 949 988 980 huic
1003 949 1099 980 affore
1114 959 1219 982 cerno,
1265 948 1342 981 Cu.
1365 949 1426 980 Per
1446 949 1465 982 J
1469 959 1571 987 ovem,
1592 952 1665 982 hos-

204 1015 271 1046 pes,
294 1009 395 1040 acute,
419 1010 454 1035 ut
475 1011 550 1035 aetas
573 1009 628 1035 tua
648 1004 799 1045 postulat,
822 1003 985 1045 perspicis.
1003 1002 1132 1044 juvenis
1153 1004 1237 1034 enim
1259 1003 1327 1034 haec
1348 1003 1458 1035 obtuse
1480 1004 1663 1047 admodum,

202 1069 300 1090 senex
323 1059 503 1090 acutissime
526 1059 638 1090 cernit.
683 1058 782 1089 Mne.
805 1057 889 1088 Vera
910 1058 1058 1099 loqueris.
1109 1057 1250 1088 Arnen.
1274 1057 1363 1095 Quid
1386 1068 1458 1089 vero
1480 1059 1663 1101 deinceps?

202 1124 307 1144 nonne
322 1114 444 1144 venisse
455 1113 522 1155 jam
537 1124 574 1145 ac
590 1114 700 1144 adesse
715 1112 843 1143 colonos
857 1112 998 1143 arbitrari
1014 1111 1176 1152 debemus,
1191 1111 1409 1154 reliquumque
1424 1112 1465 1143 ad
1479 1122 1537 1143 eos
1548 1124 1664 1145 sermo-

201 1178 273 1199 nem
290 1179 436 1210 peragere
451 1169 462 1198 ?
497 1167 573 1200 CLr.
598 1167 685 1205 Quid
699 1166 865 1209 prohibet?
899 1166 1043 1198 Arrii-m.
1062 1165 1115 1197 Sic
1128 1166 1234 1207 itaque
1250 1166 1288 1196 ad
1304 1176 1356 1197 eos
1371 1165 1512 1197 dicamus
1529 1179 1538 1197 :
1562 1167 1668 1209 Deus,

201 1233 221 1254 o
243 1222 313 1262 viri,
336 1223 418 1254 sicut
438 1223 584 1265 antiquus
607 1231 733 1264 quoque
755 1231 859 1252 sermo
881 1226 1024 1256 testatur,
1046 1219 1249 1261 principium,
1272 1219 1372 1252 finem
1393 1226 1426 1251 et
1442 1222 1546 1253 media
1559 1233 1660 1254 rerum

202 1276 342 1308 omnium
367 1277 545 1313 continens,
571 1276 668 1318 [716]
691 1280 778 1307 recta
793 1274 914 1317 peragit
928 1273 1101 1306 secundum
1113 1279 1256 1305 naturam
1268 1274 1419 1306 circuens.
1442 1276 1526 1307 bunc
1542 1286 1666 1319 semper

194 1330 350 1372 judicium
365 1331 542 1367 comitatur,
557 1341 621 1367 eos,
638 1330 693 1372 qui
707 1340 726 1360 a
741 1329 848 1360 divina
862 1329 932 1370 lege
947 1328 1146 1366 desciverint,
1154 1328 1301 1370 puniens.
1322 1329 1372 1360 cui
1384 1329 1514 1371 quidem
1530 1330 1666 1371 judicio,

199 1385 380 1427 quicunque
402 1385 478 1416 felix
500 1385 623 1416 futurus
642 1389 701 1421 est,
725 1383 896 1420 adhaerens,
918 1383 1043 1414 humilis
1062 1383 1259 1424 subsequitur
1278 1387 1372 1425 atque
1387 1384 1587 1425 compositus.
1609 1387 1665 1427 qui

198 1443 306 1469 autem
331 1438 479 1481 superbia
504 1439 604 1470 elatus
632 1443 691 1474 est,
715 1437 803 1479 quod
827 1438 963 1479 pecunia
991 1437 1042 1469 vel
1070 1437 1244 1468 honoribus
1265 1437 1444 1474 antecellat,
1457 1439 1508 1469 vel
1524 1440 1664 1481 eorporis

198 1491 297 1523 forma
319 1494 449 1534 polleat,
477 1503 608 1535 quacum
622 1492 774 1534 juvenilis
788 1492 912 1523 animus
927 1491 1087 1522 dementia
1102 1491 1193 1522 simul
1205 1492 1313 1522 ardeat
1325 1497 1359 1523 et
1372 1493 1559 1533 petulantia,
1576 1495 1667 1535 quasi

198 1555 258 1576 nec
273 1546 415 1587 principe
430 1556 488 1577 nec
500 1546 581 1577 duce
596 1545 652 1577 illo
665 1545 817 1587 indigeat,
834 1544 891 1575 sed
901 1545 1033 1574 aliorum
1049 1544 1118 1585 ipse
1131 1545 1286 1576 sufficiens
1301 1545 1412 1577 ductor
1436 1546 1476 1577 sit
1489 1559 1497 1577 :
1521 1547 1549 1578 is
1572 1549 1666 1590 peni-

198 1604 251 1630 tus
275 1609 295 1630 a
317 1599 390 1630 Deo
419 1599 580 1631 deseritur.
603 1599 744 1630 desertus
770 1603 876 1629 autern
901 1603 935 1628 et
961 1597 1040 1628 alios
1064 1597 1243 1638 hujusmodi
1264 1604 1378 1630 nactus
1397 1602 1544 1637 exsultat,
1559 1603 1665 1634 omnia

198 1653 394 1694 perturbans,
418 1653 585 1694 multisque
612 1652 736 1682 videtur
749 1652 879 1682 minime
895 1651 1155 1682 contemnendus.
1177 1651 1264 1682 brevi
1276 1657 1380 1683 tamen
1397 1659 1504 1694 postea
1518 1655 1663 1698 inculpa-

195 1707 253 1740 bili
268 1707 331 1738 Dei
345 1708 475 1749 punitus
481 1706 615 1749 judicio,
632 1715 665 1736 se
675 1705 789 1746 ipsum,
802 1704 930 1736 domum
939 1714 1028 1734 suam
1040 1704 1263 1746 civitatemque
1274 1706 1448 1737 universam
1462 1707 1557 1739 simul
1569 1720 1661 1742 ever-

196 1762 247 1793 tit.
270 1772 342 1792 cum
357 1762 424 1793 haec
437 1761 534 1802 igitur
543 1761 589 1791 ita
605 1758 757 1801 disposita
769 1759 843 1795 sint,
856 1758 932 1800 quid
947 1757 1053 1789 facere
1064 1763 1097 1789 et
1106 1758 1256 1800 cogitare,
1271 1759 1390 1800 quidve
1403 1771 1512 1793 cavere
1522 1765 1661 1804 pruden-

199 1821 262 1846 tem
278 1820 402 1856 oportet
415 1815 426 1846 ?
460 1815 590 1846 Nemini
602 1814 743 1850 dubium,
757 1813 833 1854 quin
849 1812 987 1854 cogitare
1003 1812 1135 1854 quisque
1149 1812 1275 1850 debeat,
1290 1824 1355 1854 qua
1369 1816 1488 1846 ratione
1504 1827 1541 1847 ex
1554 1828 1661 1850 eorum

197 1879 329 1900 numero
343 1868 397 1906 sit,
411 1868 465 1911 qui
488 1868 593 1899 Deum
615 1873 797 1909 sequantur.
841 1867 997 1904 Quaenam
1018 1866 1111 1906 igitur
1126 1866 1209 1897 actio
1223 1876 1242 1897 a
1256 1866 1329 1898 Deo
1345 1873 1477 1907 amatur,
1494 1870 1662 1915 Deumque

199 1922 363 1964 sequitur?
376 1933 439 1953 una
450 1928 546 1959 certe,
559 1922 712 1953 rationem
726 1931 818 1952 unam
833 1920 994 1962 antiquam
1005 1920 1121 1951 habens
1137 1926 1230 1962 atque
1246 1923 1446 1964 praecspuam,
1461 1925 1546 1966 quod
1559 1927 1663 1958 simile

199 1976 302 2011 simili,
325 1977 410 2017 quod
434 1975 626 2007 moderatum
649 1975 701 2012 sit,
724 1975 858 2006 amicum
880 1979 938 2005 est.
960 1973 1166 2006 immoderata
1188 1985 1262 2006 vero
1284 1986 1387 2018 neque
1409 1978 1543 2010 invicem
1557 1990 1662 2022 neque

200 2030 368 2061 moderatis
391 2037 465 2061 sunt
489 2030 601 2061 amica.
645 2028 735 2060 Deus
761 2028 901 2071 profecto
925 2028 1014 2059 nobis
1039 2038 1140 2059 rerum
1151 2029 1292 2061 omnium
1304 2031 1439 2062 maxime
1451 2033 1491 2064 sit
1505 2044 1663 2072 mensura,

199 2084 361 2125 multoque
387 2084 498 2125 magis,
522 2093 615 2126 quam
642 2083 755 2125 quivis,
777 2088 814 2114 ut
839 2082 955 2120 ferunt,
981 2083 1085 2114 hom0.
1107 2082 1162 2124 qui
1181 2083 1277 2124 igitur
1299 2084 1371 2117 huic
1385 2086 1442 2117 tali
1463 2088 1583 2119 amicus
1596 2089 1663 2121 fore

198 2137 316 2174 studet,
339 2147 412 2168 eum
432 2148 562 2169 necesse
585 2143 644 2175 est,
659 2143 694 2168 ut
709 2147 801 2179 quam
819 2136 954 2168 maxime
970 2147 1027 2178 pro
1039 2136 1156 2168 viribus
1172 2137 1247 2168 talis
1261 2138 1424 2174 efficiatur.
1447 2142 1533 2183 atqui
1549 2153 1664 2175 secun-

200 2191 274 2222 dum
298 2192 379 2224 hanc
402 2192 566 2229 rationem,
592 2192 735 2234 quisquis
759 2192 924 2223 hominum
947 2196 1140 2233 temperatus
1165 2196 1225 2229 est,
1250 2191 1323 2224 Deo
1338 2198 1387 2225 est
1401 2195 1530 2228 amicus.
1553 2197 1663 2229 similis

198 2246 294 2277 enim.
336 2246 560 2289 intemperatus
584 2252 686 2278 autem
710 2245 882 2283 dissimilis,
906 2246 1056 2279 differens
1079 2251 1111 2278 et
1136 2245 1291 2288 injustus:
1317 2252 1483 2290 ceteraque
1506 2250 1659 2285 similiter,

199 2299 257 2331 sed
270 2299 483 2341 intelligamus
503 2300 545 2332 ad
566 2302 634 2332 haec
659 2302 811 2332 rationem
834 2301 920 2332 illam
935 2300 1035 2342 sequi,
1050 2300 1188 2331 omnium
1205 2300 1369 2339 rationum,
1386 2308 1419 2333 ut
1433 2303 1573 2341 arbitror,
1587 2306 1660 2347 pul-

199 2353 382 2385 cherrimam
406 2359 499 2396 atque
525 2355 728 2392 verissimam,
741 2355 823 2397 quod
840 2355 956 2386 bonum
969 2355 1069 2386 virum
1083 2354 1176 2386 decet
1191 2356 1364 2387 sacrifich
1378 2356 1451 2387 Diis
1464 2364 1497 2388 et
1511 2357 1661 2391 interesse

201 2407 326 2438 divinis.
350 2418 464 2449 nempe
490 2409 565 2440 illos
586 2409 735 2451 prosequi
748 2409 952 2449 orationibus,
964 2409 1143 2440 muneribus
1156 2409 1280 2451 alioque
1296 2410 1381 2441 cultu
1392 2410 1500 2443 divino
1515 2412 1659 2453 pulcher-

198 2461 322 2498 rimum,
338 2462 502 2503 optimum,
516 2462 801 2496 commodissimum
818 2464 857 2494 ad
873 2463 996 2494 beatam
1011 2463 1118 2499 vitam,
1133 2462 1227 2504 idque
1243 2474 1307 2504 prae
1317 2465 1430 2496 ceteris
1441 2470 1488 2496 est
1500 2465 1662 2499 decorum.

200 2515 283 2547 malo
297 2520 402 2547 autem
416 2525 524 2548 contra
537 2517 723 2558 contingunt
738 2517 852 2548 omnia.
864 2517 1003 2558 impurus
1018 2517 1103 2548 enim
1119 2517 1194 2548 mali
1214 2523 1261 2548 est
1283 2518 1405 2549 animus
1420 2530 1429 2549 z
1454 2519 1526 2551 boni
1553 2526 1657 2553 autem

199 2579 304 2610 punis.
326 2570 366 2600 ab
389 2570 509 2611 impuro
533 2575 635 2609 autem
661 2580 771 2612 capere
796 2581 937 2608 munera,
953 2581 1057 2612 neque
1070 2571 1187 2602 bonum
1200 2571 1299 2602 virum
1316 2582 1415 2614 neque.
1431 2571 1537 2604 Deum
1554 2574 1658 2608 decet.

200 2623 298 2665 [717]
321 2623 432 2654 frustra
453 2624 561 2665 itaque
584 2624 666 2656 cirea
689 2624 776 2656 Deos
801 2625 921 2667 profani
936 2625 1099 2656 laborant:
1124 2624 1210 2666 quod
1232 2632 1404 2667 opportune
1420 2626 1538 2659 faciunt
1551 2638 1659 2659 omnes

198 2677 310 2708 sancti.
332 2677 420 2718 atqui
442 2677 566 2718 signum
587 2678 714 2720 quidem
737 2679 797 2710 hoc
818 2685 878 2715 est,
893 2689 956 2720 quo
969 2679 1070 2710 aciem
1085 2679 1235 2711 debemus
1250 2679 1426 2711 intendere-
1448 2681 1569 2722 sagittae
1583 2692 1657 2713 vero

201 2729 241 2760 ad
254 2729 334 2761 illud
347 2741 491 2772 quaenam
505 2731 515 2761 ?
539 2737 571 2762 et
584 2732 655 2773 quis
668 2734 810 2774 proprius
825 2733 958 2774 ipsarum
975 2734 1109 2774 impetus
1123 2734 1293 2765 rectissime
1309 2734 1488 2766 diceretur?
1503 2736 1657 2777 principio

200 2787 272 2824 post
294 2784 466 2816 caelestium
489 2786 672 2827 civitatique
687 2787 921 2828 praesidentium
938 2787 1078 2818 Deorum
1094 2788 1236 2824 honores,
1248 2788 1274 2818 si
1288 2788 1356 2829 quis
1373 2789 1568 2820 terrestribus
1583 2789 1657 2820 Diis

201 2835 300 2877 paria,
315 2838 464 2874 secunda,
480 2839 638 2882 praecipua
653 2851 781 2872 munem
792 2841 919 2878 tribuat,
934 2842 1106 2872 rectissime
1123 2841 1246 2883 signum
1261 2842 1365 2888 ipsum
1375 2842 1499 2883 pietatis
1513 2843 1658 2884 attinget.

201 2898 272 2930 quae
287 2899 360 2922 vero
375 2892 483 2924 horum
497 2903 591 2936 supra
611 2895 780 2936 positorum
796 2894 941 2936 imparia,
957 2900 990 2927 et
1002 2895 1122 2927 alterna
1134 2906 1210 2928 voce
1222 2895 1442 2938 respondentia
1451 2906 1542 2938 supra
1552 2896 1656 2930 dictis.
