1840 3225
76 222 173 273 519]
477 222 549 260 DE
580 220 887 260 REPUBLICA
920 222 1019 261 LIB.
1053 223 1143 261 VH.
1460 224 1532 262 183

73 328 166 360 risum
192 333 370 370 prorumpet
385 339 392 367 ;
417 327 471 358 sed
486 324 652 367 diligenter
667 325 814 367 inquiret,
833 331 932 356 utrum
958 337 975 357 a
1002 326 1145 358 lucidiori
1161 327 1224 357 vita
1238 326 1430 358 descendens
1443 327 1536 358 novis

74 383 208 414 tenebris
223 384 379 419 obruatur,
396 382 443 413 vel
466 383 505 412 ab
528 381 706 421 insipientia
722 380 852 422 plurima
868 381 906 411 ad
923 380 1074 422 fulgidum
1092 381 1303 422 spectaculum
1327 391 1453 423 surgens
1475 381 1532 413 sub

74 448 201 469 corusco
217 438 346 468 nimium
361 436 525 478 splendore
553 435 689 466 deficiat.
713 439 745 465 et
769 435 860 465 unius
885 435 1011 476 quidem
1035 435 1181 466 affectum
1206 435 1362 495 Hyaablt’
1378 434 1533 476 vitamque

75 491 144 532 ejus
160 492 280 523 beatam
306 491 371 522 fore
394 490 555 521 censebit:
581 488 706 519 alterius
727 488 944 519 miserebitur:
967 499 1003 519 ac
1029 489 1054 519 si
1076 489 1154 519 forte
1169 490 1268 518 ridere
1294 489 1435 530 coeperit,
1450 488 1533 519 baud

75 550 137 576 tam
154 546 260 588 inepte
276 546 356 576 hunc
371 544 484 575 ridebit
499 554 590 585 quam
608 553 691 579 eum,
709 543 762 583 qui
778 554 796 573 a
811 542 927 573 lumine
943 553 1076 583 superno
1092 542 1266 573 deciderit?
1312 542 1424 573 GLAu.
1448 541 1535 573 Con-

74 605 268 631 sentaneum.
312 599 367 630 So.
393 599 425 629 Si
448 599 515 629 haec
540 598 632 639 igitur
653 607 724 627 vera
748 601 830 634 sunt,
846 597 890 627 ita
905 597 944 627 de
967 596 1014 627 his
1030 596 1230 638 cogitandum
1244 602 1302 632 est,
1318 596 1532 627 Eruditionem

74 665 136 684 non
152 664 219 685 esse
241 653 345 690 talem,
360 652 482 693 qualem
506 653 600 694 aliqui
626 652 808 692 praedicant.
832 650 1021 692 pollicentur
1039 651 1122 681 enim
1138 650 1242 681 animo
1258 651 1395 681 scientiae
1411 661 1533 692 prorsus

73 707 191 749 experti
206 717 239 738 se
254 707 413 738 scientiam
430 706 605 742 tradituros,
621 705 708 746 quasi
723 705 821 736 oculis
837 704 924 736 caesis
937 703 1046 736 visum.
1094 703 1208 735 Guu.
1231 703 1424 735 Profitentur
1439 709 1534 736 certe.

73 761 129 794 So.
155 761 294 792 Praesens
308 766 411 792 autem
427 761 503 791 ratio
520 760 609 791 nobis
619 759 775 800 significat
786 759 858 794 vim,
875 768 945 799 quae
960 764 1007 789 est
1022 758 1054 788 in
1066 757 1169 788 animo
1191 757 1419 799 cujuscunque,
1434 768 1470 788 ac
1486 757 1534 788 in-

71 820 286 855 strumentum„
301 825 363 857 quo
375 825 421 846 res
437 815 556 846 discere
571 814 703 856 quisque
714 818 818 855 potest
833 824 839 842 :
865 813 996 854 perinde
1012 823 1047 844 ac
1069 813 1093 843 si
1110 812 1234 843 oculum
1246 811 1435 853 impossibile
1451 817 1532 842 esset

70 869 159 900 aliter
176 879 268 911 quam
289 869 379 900 simul
397 880 467 900 cum
485 873 551 899 toto
569 878 698 909 corpore
713 868 752 898 ad
770 867 885 899 clarum
902 866 1061 906 objectum
1073 877 1110 898 ex
1122 867 1252 898 obscuro
1267 872 1445 898 convertere
1462 879 1468 896 :
1486 867 1530 897 ita

71 933 143 955 curn
155 928 221 954 tota
230 924 332 954 anima
345 923 434 954 simul
448 934 465 954 e
475 923 674 965 generatione
690 923 920 954 circumducere
937 926 1078 963 oportere
1090 932 1188 963 usque
1202 921 1242 951 ad
1251 920 1296 957 id,
1314 921 1401 962 quod
1411 931 1466 951 ens
1482 921 1531 952 di-

72 976 162 1017 citur,
174 984 208 1008 ut
219 977 315 1018 ipsius
330 976 530 1008 clarissimum
545 976 642 1018 possit
654 976 845 1018 speculando
862 976 1090 1007 transcendere.
1103 976 1161 1007 hoc
1178 980 1280 1006 autem
1297 975 1397 1016 ipsum
1414 975 1529 1006 bonum

75 1041 142 1061 esse
160 1031 303 1062 dicimus.
359 1031 472 1063 GLAu.
498 1031 633 1072 Nempe.
678 1031 733 1063 So.
757 1030 807 1061 Ad
823 1031 882 1062 hoc
897 1030 991 1071 igitur
1012 1030 1115 1071 ipsum
1131 1029 1264 1061 eruditio
1279 1034 1460 1071 competens
1475 1029 1532 1060 erit

72 1084 204 1116 facultas
219 1085 362 1127 quaedam
388 1085 483 1116 animi
496 1085 664 1127 dirigendi,
680 1090 715 1116 ut
741 1085 837 1126 ipsius
864 1085 972 1116 oculus
995 1094 1088 1127 quam
1112 1083 1259 1115 facillime
1274 1089 1306 1115 et
1320 1082 1530 1115 efficacissime

72 1144 280 1171 convertatur.
302 1150 372 1181 quae
397 1140 469 1172 huic
493 1139 584 1171 oculo
607 1140 706 1171 aciem
733 1140 894 1181 visumque
918 1149 982 1170 non
1008 1139 1117 1170 dabit:
1142 1139 1196 1170 sed
1222 1148 1292 1169 eum
1318 1138 1432 1179 potius,
1457 1148 1527 1169 cum

72 1193 171 1224 visum
186 1193 312 1236 quidem
327 1194 452 1231 habeat,
467 1204 569 1236 neque
592 1200 695 1225 tamen
720 1200 803 1225 recte
827 1205 991 1226 conversus
1006 1193 1046 1225 sit
1059 1204 1173 1235 neque,
1188 1203 1250 1235 quo
1266 1193 1369 1229 decet,
1385 1191 1529 1233 aspiciat,

70 1252 248 1278 convertere
261 1249 346 1279 omni
362 1248 590 1279 machinatione
606 1249 786 1281 contendet.
832 1248 945 1280 GLAu.
967 1249 1018 1279 Ita
1032 1249 1165 1280 videtur.
1209 1247 1266 1278 SO-
1289 1247 1409 1279 Ceterae
1424 1247 1531 1288 igitur,

69 1312 139 1344 quae
156 1303 283 1334 virtutes
298 1304 410 1334 animae
425 1308 655 1344 nuncupantur,
672 1304 703 1334 in
719 1304 779 1335 boc
803 1303 946 1334 videntur
967 1303 1131 1334 virtutibus
1145 1302 1282 1344 corporis
1296 1301 1418 1334 similes,
1443 1312 1527 1339 nam,

70 1367 141 1387 cum
157 1361 265 1388 natura
279 1368 343 1388 non
358 1357 465 1394 insint,
488 1358 636 1399 paulatim
652 1358 879 1390 consuetudine
902 1363 934 1389 et
948 1357 1169 1389 exercitatione
1184 1356 1356 1398 comparari
1372 1357 1526 1388 videntur.

69 1410 231 1452 Sapientia
245 1422 315 1442 vero
330 1412 461 1444 maxime
474 1412 611 1443 omnium
627 1412 787 1443 divinioris
801 1412 964 1454 cujusdam
981 1412 1076 1442 virtus
1091 1411 1221 1448 exsistit,
1231 1411 1315 1453 quod
1328 1411 1388 1441 vim
1398 1410 1524 1452 quidem

69 1475 155 1496 suam
172 1476 329 1508 nunquam
352 1466 477 1502 amittit,
500 1467 539 1497 ab
554 1466 623 1508 ipsa
646 1477 717 1498 vero
740 1465 1006 1498 circumductione
1032 1465 1129 1508 [519]
1156 1466 1231 1497 utile
1246 1470 1278 1497 et
1293 1465 1467 1502 conferens,
1490 1475 1528 1497 ac

69 1519 180 1551 inutile
204 1531 305 1551 rursus
327 1520 516 1563 noxiumque
530 1521 647 1552 evadit.
684 1531 724 1551 an
753 1521 891 1551 nondum
923 1521 1180 1561 animadvertisti,
1208 1530 1300 1561 quarn
1325 1525 1417 1551 acute
1442 1520 1529 1551 videt

69 1574 271 1616 celeriterque
286 1575 434 1606 discernit
448 1575 571 1606 illorum
587 1575 737 1616 animula,
760 1576 824 1617 qui,
841 1575 913 1607 licet
927 1575 1001 1606 mali
1024 1574 1098 1612 sint,
1116 1580 1220 1606 tamen
1235 1575 1392 1616 sapientes
1406 1574 1525 1605 haben-

70 1633 130 1667 tur,
156 1639 194 1659 ea
219 1629 260 1660 ad
283 1639 354 1671 quae
379 1639 527 1661 conversa
552 1634 621 1660 est:
648 1633 795 1670 tanquam
821 1629 918 1660 aciem
943 1629 1056 1659 babeat
1079 1639 1275 1671 nequaquam
1298 1628 1454 1664 hebetem,
1470 1628 1525 1658 sed

69 1683 215 1723 pravitati
232 1684 343 1714 servire
365 1689 474 1715 coacta
501 1683 561 1715 sit?
594 1688 688 1725 atque
705 1684 831 1721 iccirco,
858 1694 921 1726 quo
945 1683 1067 1714 acutius
1090 1683 1227 1725 inspicit,
1251 1694 1288 1714 eo
1304 1683 1391 1724 plura
1408 1682 1528 1724 peragit

69 1735 161 1769 mala.
206 1737 319 1768 Gmu.
344 1737 483 1769 Omnino
498 1737 636 1779 quidem.
680 1737 735 1769 So.
758 1737 790 1768 Si
808 1739 846 1768 ab
862 1739 922 1770 hoc
938 1737 1064 1779 ingenio
1078 1739 1180 1769 statim
1191 1737 1351 1779 apueritia
1363 1742 1528 1779 amputen—

70 1794 130 1827 tur,
147 1801 216 1832 quae
233 1797 304 1822 sunt
319 1792 525 1832 generationis
541 1792 655 1827 affinia,
672 1802 729 1823 ceu
746 1791 892 1833 plumbea
906 1793 1056 1834 pondera,
1072 1802 1142 1833 quae
1158 1791 1357 1823 comestionis
1372 1797 1404 1823 et
1419 1791 1526 1832 hujus-

69 1844 153 1875 modi
171 1845 382 1887 voluptatibus
398 1853 429 1876 et
442 1845 621 1876 libidinibus
646 1851 739 1887 atque
755 1846 877 1876 deliciis
891 1846 1074 1877 inhaerentia
1089 1847 1202 1877 mentis
1214 1847 1311 1877 aciem
1327 1846 1366 1876 ad
1382 1846 1528 1877 inferiora

70 1899 257 1941 detorquent
272 1911 280 1938 3
304 1900 466 1930 confestim
483 1900 648 1941 expeditus
672 1899 740 1939 ejus
757 1899 889 1929 intuitus
910 1900 994 1929 etad
1011 1910 1059 1936 ea,
1076 1909 1146 1940 quae
1161 1910 1232 1931 vera
1248 1905 1332 1936 sunt,
1349 1910 1526 1937 conversus,

70 1953 137 1994 ipse
153 1953 273 1984 scilicet
288 1954 369 1984 idem
385 1959 417 1984 et
431 1954 462 1984 in
478 1953 595 1984 eisdem
611 1953 788 1983 horninibus
805 1958 867 1983 tam
883 1958 974 1984 acute
987 1953 1040 1983 illa
1055 1954 1210 1984 discernet
1225 1965 1317 1995 quam
1329 1955 1400 1991 ista,
1414 1955 1526 1996 quibus

69 2007 101 2036 iu
119 2007 283 2047 praesentia
297 2013 343 2038 est
356 2007 505 2038 intentus.
552 2007 664 2038 GLAu.
689 2006 855 2038 Probabile
871 2012 930 2038 est.
975 2008 1031 2039 So.
1055 2008 1139 2045 Quid
1164 2008 1271 2039 istud?
1296 2019 1400 2039 nonne
1418 2009 1527 2049 proba-

68 2060 131 2091 bile
157 2070 193 2091 ac
217 2061 423 2092 necessarium
449 2073 485 2092 ex
514 2061 681 2102 praedictis,
710 2072 812 2103 neque
837 2062 928 2092 rudes
951 2062 1091 2093 homines
1115 2068 1146 2093 et
1162 2063 1298 2094 veritatis
1320 2063 1445 2105 ignaros
1460 2074 1522 2094 rem

69 2114 226 2156 publicam
242 2115 428 2146 sufficienter
439 2116 663 2153 administrare,
674 2126 776 2157 neque
792 2127 859 2155 e05,
875 2116 927 2158 qui
945 2127 1066 2158 semper
1079 2117 1112 2148 iu
1123 2117 1233 2148 studiis
1246 2118 1399 2148 literarum
1415 2117 1526 2149 versati

69 2169 162 2199 sunt?
185 2174 347 2210 propterea
362 2170 445 2211 quod
463 2170 508 2200 illi
525 2170 653 2212 quidem
670 2170 762 2201 finem
789 2170 848 2201 sibi
871 2176 987 2202 certum
1012 2182 1075 2202 non
1091 2178 1317 2213 proposuerunt
1340 2173 1371 2203 in
1390 2174 1463 2213 vita,
1486 2173 1526 2204 ad

68 2233 159 2264 quem
176 2223 377 2265 respicientes
394 2230 518 2266 oportet
540 2225 644 2255 omnia
667 2235 768 2266 agere,
791 2236 988 2267 quaecunque
1011 2232 1106 2267 agant
1121 2231 1153 2257 et
1169 2227 1309 2267 privatim
1327 2232 1358 2257 et
1375 2226 1500 2268 publice
1516 2239 1522 2256 ε

67 2276 119 2308 isti
134 2282 237 2308 autem
254 2278 336 2309 haud
353 2284 464 2319 sponte
480 2280 656 2310 tractabunt
671 2280 786 2317 civilia,
804 2280 1016 2312 existimantes
1031 2291 1064 2312 se
1077 2282 1168 2312 etiam
1186 2283 1244 2313 hac
1261 2282 1291 2312 in
1307 2282 1380 2318 vita,
1394 2292 1411 2312 a
1428 2292 1526 2322 nego-

68 2330 121 2361 tiis
149 2332 290 2363 humanis
319 2338 466 2370 semotos,
493 2334 524 2364 in
548 2335 707 2365 beatorum
734 2334 843 2365 insulis
867 2335 1017 2366 habitare.
1064 2335 1136 2367 Gn
1144 2347 1176 2367 υ.
1200 2336 1284 2368 Vera
1308 2347 1423 2369 narras.
1467 2337 1526 2368 So.

70 2384 219 2416 Nostrum
235 2386 338 2427 igitur,
362 2387 414 2428 qui
429 2388 626 2420 condidimus
650 2389 822 2428 civitatem,
838 2389 895 2420 erit
912 2389 1046 2421 officium
1063 2390 1197 2432 optimas
1220 2391 1379 2421 hominum
1404 2397 1527 2422 naturas

67 2438 226 2480 impellere
241 2441 279 2470 ad
297 2451 376 2477 eam,
392 2451 484 2482 quam
497 2453 589 2484 supra
598 2443 731 2474 diximus
743 2444 918 2481 maximam,
931 2445 1125 2486 disciplinam
1143 2446 1320 2486 bonumque
1335 2455 1527 2486 cognoscen-

67 2492 141 2523 dum
157 2504 164 2522 :
190 2493 269 2524 adeo
285 2499 320 2524 ut
334 2500 365 2524 et
380 2505 496 2526 sursum
513 2498 696 2538 ascendant,
724 2503 756 2529 et
779 2504 943 2539 postquam
968 2499 1166 2530 ascenderint
1181 2510 1216 2530 ac
1233 2499 1306 2530 satis
1322 2500 1525 2540 inspexerint,

70 2558 109 2578 ne
125 2548 213 2589 ipsis,
228 2549 312 2590 quod
328 2559 410 2580 nunc
425 2550 618 2588 conceditur,
635 2553 857 2593 permittamus.
903 2553 1018 2584 GLau.
1042 2553 1127 2590 Quid
1150 2553 1257 2584 istud?
1303 2553 1358 2584 So.
1382 2553 1472 2585 Utin
1488 2564 1524 2585 ea

71 2601 214 2633 videlicet
228 2603 492 2643 contemplatione
511 2612 721 2646 permaneant,
745 2617 847 2648 neque
865 2608 962 2639 velint
985 2618 1086 2638 rursus
1102 2608 1140 2638 ad
1157 2608 1299 2638 homines
1314 2608 1387 2638 istos
1402 2618 1522 2639 carcere

67 2655 188 2686 clausos
214 2657 274 2688 huc
290 2658 491 2694 descendere,
505 2670 606 2701 neque
630 2661 769 2692 laborum
794 2662 921 2693 istorum
944 2663 1168 2703 honorumque,
1193 2662 1258 2692 sive
1273 2662 1395 2693 viliores
1410 2663 1524 2693 fuerint

68 2719 121 2740 seu
139 2710 345 2750 pretiosiores,
361 2722 426 2742 esse
443 2713 623 2755 participes.
669 2715 781 2748 Grau.
804 2716 858 2746 An
875 2716 949 2757 ipsis
965 2716 1107 2757 injuriam
1120 2716 1298 2753 inferemus,
1315 2726 1523 2758 cogemusque

70 2774 124 2795 eos
139 2764 320 2796 deteriorem
336 2765 430 2796 vitam
457 2766 570 2804 subire,
593 2778 663 2798 curn
686 2769 746 2799 frui
770 2769 895 2801 meliore
912 2771 1054 2811 possint?
1100 2770 1155 2802 So.
1179 2770 1304 2802 Oblitus
1319 2781 1364 2807 es,
1379 2782 1396 2802 o
1412 2771 1522 2807 amice,

70 2818 130 2848 hoc
145 2818 206 2860 legi
220 2830 300 2850 curae
316 2830 380 2850 non
403 2831 481 2857 esse,
505 2825 542 2851 ut
556 2833 651 2853 unum
675 2823 824 2864 quiddam
848 2835 946 2866 genus
969 2825 999 2854 in
1015 2824 1140 2856 civitate
1162 2826 1193 2856 in
1209 2825 1315 2867 primis
1330 2826 1369 2856 sit
1385 2826 1520 2861 beatum,

71 2871 125 2902 sed
151 2877 185 2902 ut
200 2878 265 2904 tota
280 2874 399 2905 civitas.
414 2875 562 2916 profecto
578 2877 617 2907 ad
634 2877 693 2908 hoc
709 2878 792 2909 cives
815 2879 899 2919 ipsos
926 2879 1124 2920 persuasione
1147 2885 1179 2910 et
1201 2879 1388 2921 impulsione
1415 2879 1520 2910 conci-

71 2923 137 2961 Ιὶὸἲι
158 2925 294 2968 ficitque
310 2933 343 2958 ut
359 2933 465 2960 mutuo
482 2939 548 2961 sese
564 2930 715 2970 adjuvent
736 2943 994 2975 communemque
1019 2944 1074 2975 pro
1097 2934 1209 2964 viribus
1225 2934 1386 2964 utilitatem
1403 2933 1519 2964 colant.
