1840 3225
150 211 248 261 746]
621 208 694 246 DE
723 205 952 246 LEGIBUS
984 205 1082 245 ΜΒ.
1112 205 1162 243 V.
1550 204 1628 241 345

147 313 290 345 nientem
314 316 540 354 pertranseant.
565 310 605 342 ad
636 312 704 342 haec
734 310 812 351 legis
836 309 978 350 figuram,
1008 318 1077 349 quae
1106 307 1258 349 sequitur,
1274 316 1332 348 ego
1347 314 1476 347 ponam.
1500 315 1618 345 nempe

149 374 293 409 oportere
309 367 451 403 dicimus,
465 372 501 397 ut
525 366 560 396 in
575 365 713 400 civitate,
730 374 799 406 quae
824 363 937 394 summi
961 362 1061 393 morbi
1089 373 1200 403 expers
1226 361 1329 392 futura
1351 360 1402 396 sit,
1416 358 1499 402 quod
1516 358 1614 389 disci-

148 422 236 452 dium
250 427 304 453 aut
319 422 506 452 seditionem
531 419 647 450 rectius
676 418 873 459 appellarim,
898 427 957 447 nec
987 422 1126 447 extrema
1152 417 1187 447 in
1202 415 1359 457 aliquibus
1375 414 1490 445 civium
1507 413 1615 452 inopia

147 475 208 507 sit:
234 486 293 507 nec
309 476 454 516 ingentes
468 473 596 504 divitiae.
620 483 690 502 nam
708 478 835 512 utraque
861 471 916 501 illa
932 471 970 501 ab
988 471 1127 511 utrisque
1151 470 1198 500 his
1213 470 1385 511 pariuntur.
1408 477 1502 509 quare
1519 477 1616 508 opor-

146 535 203 566 tet,
220 536 255 561 ut
270 541 288 561 a
315 529 491 570 legislatore
517 527 658 568 utrisque
682 526 834 556 terminus
863 530 1028 556 statuatur.
1051 525 1094 555 sit
1118 524 1224 565 itaque
1250 523 1445 564 paupertatis
1463 522 1616 553 terminus

149 595 262 616 census
276 584 378 621 sortis,
394 593 486 624 quarn
510 581 652 612 stabilem
670 591 738 612 esse
762 584 894 621 oportet,
911 589 1044 621 quamve
1061 579 1212 609 minorem
1234 577 1330 608 alicui
1342 587 1411 607 esse
1427 586 1484 607 nec
1502 575 1618 616 magis-

143 644 243 670 tratus
259 639 340 669 ullus
354 637 490 678 patietur
517 645 576 666 nec
599 635 679 666 alius
706 634 880 676 quisquam,
908 634 958 665 cui
986 644 1067 664 cui-ee
1092 634 1133 663 sit
1159 633 1266 663 virtus.
1292 642 1361 663 cum
1389 630 1550 671 legislator
1566 630 1616 660 his

145 701 318 724 mensuram
348 701 438 721 suam
461 690 697 731 praescripserit,
718 689 852 730 duplum
879 689 919 719 ad
947 689 1028 719 hanc
1045 693 1078 718 et
1091 687 1219 729 triplum
1237 692 1270 717 et
1284 684 1491 727 quadruplum
1507 684 1616 714 haberi

143 746 311 788 permittet.
327 745 416 786 plura
429 754 503 775 vero
518 745 544 775 si
560 744 629 785 quis
645 745 758 775 habeat
773 744 837 774 sive
849 749 974 785 reperta
989 754 1043 774 seu
1059 742 1175 773 donata
1190 746 1313 783 quaestu
1328 745 1419 782 parta
1433 750 1488 770 seu
1504 739 1613 780 quavis

143 799 204 831 alia
217 799 342 830 fortuna
356 799 532 840 hujusmodi
558 804 736 839 comparata
754 810 760 828 z
787 798 884 840 [745]
910 799 935 829 si
959 808 1062 834 omne,
1080 796 1164 838 quod
1179 801 1333 837 superest,
1349 793 1471 826 civitati
1486 800 1518 825 et
1541 792 1616 823 Diis

141 854 278 886 civitatis
291 853 448 884 tutoribus
474 853 608 890 dederit,
625 853 782 884 indemnis
809 858 842 883 et
868 852 1038 883 laudabilis
1062 852 1114 882 sit.
1138 851 1187 881 sin
1211 856 1318 881 autem
1333 850 1395 890 legi
1412 859 1476 879 non
1491 848 1614 878 obtem-

141 908 309 950 peraverit,
325 907 464 949 quisquis
481 908 541 937 hoc
568 907 727 942 detulerit,
745 905 909 936 dimidium
933 910 1142 946 consequatur
1161 916 1168 935 ι
1192 904 1358 935 dimidium
1372 902 1434 933 diis
1448 911 1615 933 consecre-

139 967 214 994 tur:
239 962 295 993 ille
325 967 428 992 autern
460 961 575 1002 aequali
610 972 732 992 suorum
772 961 921 991 bonorum
953 964 1041 1001 parte
1081 958 1256 990 mulctetur.
1304 958 1509 998 Quaecunque
1542 966 1614 987 vero

139 1017 303 1059 possident
316 1017 396 1047 ultra
425 1021 552 1052 sortem,
576 1016 660 1057 apud
688 1015 912 1056 magistratum,
928 1015 1036 1045 horum
1064 1012 1224 1044 custodem
1251 1022 1270 1043 a
1297 1012 1365 1052 lege
1393 1011 1611 1046 constitutum,

138 1076 247 1113 aperto
273 1071 459 1107 scribantur,
486 1075 521 1101 ut
543 1070 648 1100 omnia
668 1069 708 1100 de
734 1069 875 1111 pecuniis
893 1067 1014 1110 judicia
1038 1067 1145 1099 facilia
1167 1069 1230 1098 sint
1243 1073 1275 1097 et
1286 1066 1380 1097 valde
1395 1066 1490 1098 clara.
1535 1064 1614 1095 Post

137 1127 206 1157 haec
233 1125 305 1156 urbs
331 1125 464 1167 primum
487 1125 521 1155 in
550 1125 656 1156 medio
678 1124 827 1166 regioniS‚
856 1122 962 1164 quoad
991 1122 1058 1153 fieri
1086 1127 1204 1163 potest,
1225 1120 1388 1156 condatur,
1413 1121 1445 1150 in
1461 1120 1542 1156 loco,
1558 1118 1612 1160 qui

137 1184 242 1211 cetera
258 1190 383 1222 quoque
407 1179 544 1210 civitatis
572 1179 688 1210 habeat
711 1178 899 1210 commoda:
925 1188 994 1219 quae
1020 1188 1080 1208 nec
1105 1176 1270 1207 intellectu
1295 1186 1354 1207 nec
1367 1175 1455 1206 dictu
1470 1173 1613 1205 difficilia

138 1240 222 1266 sunt.
245 1235 361 1265 deinde
377 1234 409 1265 in
432 1239 536 1276 partes
553 1233 722 1264 duodecim
736 1233 862 1274 partitio
884 1232 950 1268 fiat,
967 1236 999 1262 et
1022 1231 1130 1263 Vestae
1155 1231 1257 1272 prima
1271 1230 1291 1261 J
1295 1230 1407 1271 ovique
1423 1234 1456 1260 et
1483 1227 1610 1259 Palladi

136 1294 346 1324 consecretur,
363 1299 462 1330 eaque
491 1299 545 1319 arx
571 1288 688 1318 circulo
715 1287 928 1318 circumducto
946 1297 954 1318 z
978 1297 997 1317 a
1011 1297 1072 1327 quo
1100 1291 1133 1317 et
1157 1285 1319 1326 regionem
1335 1289 1367 1315 et
1381 1284 1490 1314 urbem
1505 1288 1611 1324 partes

135 1342 306 1374 duodecim
320 1342 506 1384 partiantur.
531 1353 601 1384 quae
617 1341 745 1383 quidem
760 1342 805 1372 ita
820 1341 958 1382 aequales
985 1341 1071 1377 fiant,
1088 1345 1123 1371 ut
1149 1340 1217 1381 agri
1231 1338 1372 1370 foecundi
1385 1338 1520 1368 minores
1536 1337 1610 1373 sint,

133 1396 307 1428 infoecundi
324 1396 465 1438 majores.
491 1402 588 1427 sortes
610 1406 684 1426 vero
700 1395 868 1437 quinquies
882 1395 970 1425 mille
993 1399 1026 1425 et
1041 1393 1250 1436 quadraginta
1264 1393 1458 1428 scindantur,
1475 1402 1607 1432 quarum

133 1451 282 1493 bipartito
311 1450 461 1493 quaelibet
491 1449 659 1481 dividatur.
683 1449 845 1481 consortiri
874 1459 998 1490 quoque
1027 1453 1151 1490 oportet
1175 1448 1338 1490 portiones
1367 1446 1455 1482 duas,
1477 1456 1606 1487 quarum

133 1511 265 1548 utraque
281 1505 456 1537 remotioris
482 1510 514 1536 et
541 1504 774 1546 propinquioris
803 1503 845 1534 sit
872 1503 1054 1545 particeps:
1080 1502 1124 1533 ita
1150 1508 1186 1533 ut
1210 1512 1283 1544 pars
1298 1502 1366 1532 urbi
1382 1501 1521 1542 proxima
1536 1511 1608 1531 cum

133 1560 342 1592 remotissima
354 1565 447 1601 parte
463 1570 529 1590 sors
555 1570 619 1590 una
646 1559 702 1589 fiat
718 1571 724 1588 :
749 1557 888 1589 secunda
919 1568 1043 1599 quoque
1065 1557 1104 1588 ab
1126 1557 1214 1594 urbe,
1231 1568 1302 1587 cum
1319 1556 1458 1587 secunda
1472 1566 1490 1585 a
1505 1565 1606 1585 remo-

132 1614 272 1646 tissima:
298 1619 464 1656 ceteraque
487 1613 592 1644 omnia
607 1613 720 1644 eodem
745 1617 851 1653 pacto.
874 1611 980 1642 danda
1004 1611 1097 1642 etiam
1119 1620 1216 1652 opera
1240 1616 1298 1646 est,
1314 1610 1397 1640 utin
1412 1608 1546 1650 geminis
1559 1608 1607 1638 his

133 1669 365 1711 partitionibus,
383 1667 468 1710 quod
481 1667 576 1699 modo
599 1667 638 1698 de
669 1667 874 1698 foecunditate
888 1666 1024 1708 regionis
1041 1671 1073 1697 et
1087 1665 1327 1696 infoecunditate
1344 1664 1492 1699 diximus,
1515 1672 1606 1704 pera-

133 1728 249 1765 gatur:
275 1728 310 1754 ut
336 1722 485 1754 videlicet
510 1723 546 1753 in
577 1722 622 1753 eis
650 1721 853 1752 multitudine
880 1726 913 1751 et
942 1721 1101 1762 paucitate
1132 1719 1365 1751 distributionis
1387 1718 1522 1760 aequatio
1539 1718 1606 1748 fiat.

133 1778 210 1819 quin
225 1777 318 1809 etiarn
335 1777 476 1808 dividere
502 1777 535 1808 in
558 1782 663 1818 partes
694 1776 864 1808 duodecim
890 1776 974 1807 viros
1001 1781 1135 1817 oportet,
1151 1774 1416 1817 quemadmodum
1444 1780 1477 1803 et
1502 1777 1606 1803 cetera

131 1831 226 1868 bona,
242 1831 382 1862 omnium
396 1841 521 1873 prorsus
537 1831 718 1873 aequalitate
747 1835 881 1866 servata,
902 1830 1070 1871 omniaque
1095 1829 1283 1860 describere.
1307 1828 1422 1859 deinde
1439 1825 1606 1858 duodecim

130 1891 231 1918 sortes
256 1886 332 1917 Diis
357 1885 523 1917 duodecim
551 1887 746 1917 attribuere:
772 1891 806 1916 et
819 1891 938 1926 partem
955 1884 1127 1926 quamlibet
1152 1883 1246 1914 sortis
1260 1883 1446 1924 participem
1457 1892 1514 1912 suo
1529 1891 1605 1912 con-

130 1949 252 1971 secrare
273 1939 357 1976 Deo,
372 1940 547 1982 tribumque
575 1940 675 1981 ipsam
705 1949 829 1970 vocare.
854 1939 910 1969 sed
940 1943 973 1970 et
1000 1937 1167 1969 duodecim
1193 1937 1278 1968 urbis
1304 1936 1454 1972 membra,
1470 1935 1552 1966 sicut
1567 1935 1601 1965 in

130 1994 251 2036 reliqua
264 1995 394 2036 regione
405 1994 524 2025 factum
552 1999 611 2031 est,
625 1993 790 2035 sigillatim
812 1994 845 2024 in
871 1993 1080 2024 habitationes
1107 1992 1184 2023 duas
1199 1991 1371 2022 dividenda
1385 1995 1458 2021 sunt
1475 2002 1482 2020 :
1507 2000 1601 2020 unam

131 2047 259 2088 quidem
274 2048 357 2079 circa
374 2048 522 2086 medium,
538 2049 622 2080 circa
646 2054 822 2079 extremum
846 2048 986 2079 alteram.
1011 2052 1046 2077 et
1066 2047 1271 2077 habitationis
1285 2045 1412 2088 quidem
1428 2044 1504 2075 ordo
1518 2044 1602 2075 hunc

129 2102 246 2133 habeat
260 2102 366 2135 finem.
386 2102 467 2133 illud
481 2108 588 2133 autem
615 2103 753 2144 cogitare
779 2102 906 2133 omnino
931 2101 1094 2137 debemus,
1109 2100 1194 2144 quod
1209 2111 1258 2137 ea,
1275 2111 1344 2142 quae
1361 2100 1505 2134 diximus,
1522 2108 1604 2129 nun-

129 2166 224 2198 quam
238 2157 334 2188 talem
350 2158 618 2198 opportunitatem
633 2162 727 2188 nacta
742 2157 847 2188 omnia
865 2157 911 2187 ita
925 2161 1123 2192 concurrent,
1149 2155 1246 2198 [746]
1271 2161 1307 2186 ut
1336 2152 1600 2196 quemadmodum

130 2210 290 2253 descripta
304 2217 387 2248 sunt,
404 2211 491 2248 fiant,
507 2217 539 2242 et
553 2212 611 2242 viri
637 2212 867 2243 habitationem
882 2211 1059 2254 hujusmodi
1083 2221 1147 2242 non
1162 2210 1265 2241 ferant
1280 2209 1422 2245 moleste,
1438 2208 1494 2239 sed
1511 2217 1602 2248 aequo

129 2265 234 2296 animo
247 2265 426 2306 patiantur:
451 2267 664 2308 pecuniasque
684 2267 798 2297 habere
827 2267 924 2297 velint
940 2277 996 2308 per
1022 2271 1119 2297 totam
1134 2265 1242 2301 vitam,
1260 2269 1293 2295 ut
1308 2263 1484 2298 statuimus,
1502 2261 1600 2292 medi-

130 2328 230 2350 ocreS.
254 2319 390 2350 filiorum
414 2325 568 2361 praeterea
593 2321 815 2362 generationes
841 2321 886 2351 ita
912 2320 1042 2362 singulis
1068 2320 1142 2355 sint,
1168 2324 1204 2349 ut
1229 2318 1389 2349 diximus:
1419 2326 1456 2347 ac
1473 2325 1546 2346 auro
1567 2320 1601 2345 et

130 2377 260 2413 argento
282 2377 410 2403 careant
437 2379 469 2403 et
495 2374 608 2405 ceteris
635 2375 790 2411 omnibus,
817 2386 888 2416 quae
913 2375 1074 2417 legislator
1098 2385 1137 2405 ex
1161 2383 1256 2415 supra
1268 2372 1360 2403 dictis
1375 2371 1513 2401 dicturus
1530 2380 1599 2400 esse

131 2426 254 2457 videtur
269 2438 275 2455 :
301 2426 343 2457 ad
358 2428 425 2458 haec
440 2427 580 2469 regionis
605 2434 638 2459 et
651 2429 736 2460 urbis
764 2430 796 2460 in
819 2429 923 2460 medio
951 2435 985 2461 et
999 2430 1031 2460 l‘n
1048 2428 1196 2459 extremis
1210 2428 1292 2457 sicut
1303 2424 1516 2456 ordinavimus
1530 2423 1597 2454 ubi-

130 2490 192 2522 que
207 2481 438 2512 habitationes:
463 2492 534 2522 quae
556 2483 685 2524 quidem
710 2483 825 2519 omnia,
843 2483 932 2525 quasi
961 2482 1083 2514 somnia
1107 2482 1263 2523 quaedam,
1281 2479 1438 2513 dicuntur,
1453 2477 1602 2517 civesque

129 2545 185 2576 per
198 2535 265 2566 haec
281 2540 314 2566 et
328 2535 437 2566 civitas
463 2537 553 2577 quasi
574 2547 611 2567 ex
640 2547 712 2568 cera
738 2538 920 2569 formantur.
942 2539 1009 2569 haec
1037 2538 1145 2578 utique
1172 2536 1265 2566 modo
1287 2533 1424 2576 quodam
1438 2542 1502 2563 non
1519 2531 1600 2562 male

128 2595 350 2631 opponuntur:
375 2590 432 2621 sed
448 2600 485 2621 ea
507 2601 631 2632 quoque
654 2592 819 2628 narranda,
835 2603 905 2634 quae
926 2592 1086 2634 legislator
1101 2591 1248 2622 adversus
1268 2588 1400 2619 diceret.
1421 2597 1462 2617 ne
1493 2586 1600 2627 fugere

129 2652 180 2674 me
193 2643 388 2681 existimetis,
405 2644 511 2681 amici,
527 2645 613 2686 quod
628 2645 723 2676 modo
748 2645 869 2677 dictum
893 2651 952 2682 est,
969 2656 1040 2676 vere
1056 2642 1289 2687 quodammodo
1303 2642 1377 2673 dici.
1399 2640 1454 2672 sed
1467 2651 1525 2682 par
1539 2646 1599 2676 est,

129 2699 165 2726 ut
178 2697 315 2736 arbitror,
331 2699 364 2729 in
381 2699 522 2740 singulis,
537 2706 573 2730 ut
587 2699 626 2736 is,
642 2699 697 2741 qui
722 2701 883 2742 exemplar
907 2700 1065 2742 proponit,
1093 2698 1134 2730 ad
1159 2698 1246 2740 cujus
1261 2695 1501 2728 similitudinem
1516 2704 1597 2735 opus

129 2749 198 2781 fieri
212 2750 336 2790 debeat,
351 2753 571 2785 nihilomnino
593 2759 771 2796 praetereat,
786 2755 872 2796 quod
896 2756 936 2786 ad
963 2754 1154 2786 verissimam
1179 2753 1244 2795 ejus
1272 2750 1438 2783 conveniat
1460 2748 1599 2790 pulchri-

131 2803 282 2837 tudinem.
303 2807 331 2838 si
346 2808 417 2849 quis
432 2813 536 2839 autem
552 2819 589 2839 ex
606 2809 655 2839 his
680 2809 834 2839 nonnulla
857 2808 1012 2840 imitando
1039 2807 1165 2849 assequi
1190 2806 1311 2848 nequit,
1327 2814 1398 2846 quae
1413 2813 1507 2845 supra
1518 2802 1600 2832 vires

129 2863 202 2889 sunt
229 2862 470 2901 praetermittat:
495 2863 578 2905 quod
607 2868 639 2894 et
667 2863 716 2894 his
747 2863 918 2905 proximum
945 2868 1004 2900 est,
1033 2872 1211 2904 eorumque,
1241 2870 1311 2903 quae
1342 2859 1407 2889 fieri
1438 2856 1598 2893 convenit,

130 2913 394 2955 cognatissimum,
410 2917 495 2949 omni
521 2917 624 2950 studio
641 2923 845 2961 prosequatur
861 2929 868 2948 :
892 2918 1115 2960 permittatque
1141 2916 1349 2958 legislatorem
1363 2910 1518 2944 voluntati
1533 2920 1598 2940 sua>

236 2967 327 3003 Plat.
348 2970 402 3002 Tr.
880 2972 927 3006 11,
1455 2968 1474 2998 2
1491 2965 1519 2995 X
