1840 3225
251 214 327 249 224
840 207 1100 247 PLATOle
1593 205 1688 256 [617

244 321 277 344 ut
295 316 474 356 plerumque
496 314 576 348 cadi,
599 313 650 354 qui
672 313 807 343 invicem
827 313 1020 343 inseruntur:
1040 317 1131 352 atque
1154 311 1196 341 ita
1215 311 1339 341 tertium
1357 315 1390 340 et
1409 315 1564 351 quartum,
1582 314 1615 339 et
1632 308 1695 339 alia

243 374 383 409 quatuor.
398 377 467 399 octo
484 368 568 398 enim
583 368 638 397 illa
651 366 881 408 vertigia'esse,
896 367 1028 397 insertos
1049 366 1182 395 invicem
1196 365 1336 400 circulos,
1350 364 1432 394 labia
1444 373 1576 405 superne
1591 367 1695 394 osten-

244 422 362 457 dentia,
376 422 500 453 dorsum
513 432 587 453 vero
601 421 692 452 unius
703 421 826 462 vertigii
847 421 1029 451 continuum
1050 420 1132 449 circa
1150 420 1271 449 hastam
1290 418 1458 449 efficientia
1471 430 1477 447 :
1493 419 1614 448 hastam
1625 427 1700 448 vero

242 476 329 506 illam
342 486 399 518 per
415 476 553 508 medium
567 481 711 506 octavum
722 485 839 516 perque
854 480 954 506 totum
967 485 1034 505 esse
1049 474 1259 515 transjectam.
1274 473 1414 503 Primum
1428 473 1522 513 igitur
1532 472 1697 503 extimum-

244 540 304 571 que
321 530 486 571 vertigium
502 530 578 560 labii
599 530 749 560 circulum
766 529 880 559 habere
901 529 1085 559 latissimum
1103 539 1108 556 :
1132 527 1213 557 sexti
1234 532 1337 557 autem
1355 526 1527 557 secundm
1545 537 1552 555 :
1573 525 1699 556 tertium

246 584 366 624 quarti:
383 589 526 625 quartum
539 583 641 615 octavi
655 595 661 613 z
679 584 821 625 quintum
830 576 954 625 septimi
968 595 973 612 :
990 582 1091 623 quinti
1103 587 1243 612 sextum:
1258 581 1342 611 tertii
1356 581 1541 622 septimum:
1558 585 1702 611 octavum

245 647 318 669 vero
327 638 456 669 secundi
470 650 476 667 ;
491 637 584 679 primi
596 639 672 668 item
683 644 775 679 atque
785 638 913 668 maximi
925 637 1074 667 circulum
1084 636 1203 665 varium
1215 645 1283 665 esse
1296 647 1302 664 :
1319 635 1445 676 septimi
1456 633 1682 666 lucidissimum
1693 645 1699 662 :

249 691 346 735 [617]
363 693 465 724 octavi
480 698 584 723 autem
595 693 716 734 vertigii
729 692 877 723 circulum
888 692 1022 722 colorem
1038 700 1057 720 a
1067 690 1201 731 septimo
1215 688 1382 720 irradiante
1397 689 1573 730 suscipere:
1590 697 1701 719 secun-

249 745 282 776 di
301 756 375 778 vero
392 756 428 777 ac
448 747 550 788 quinti
567 747 685 778 similes
705 747 851 782 invicem,
869 746 932 776 illis
945 745 1138 785 aliquantulo
1150 744 1292 774 flaviores
1308 755 1314 772 z
1333 743 1460 774 tertium
1477 753 1553 774 sane
1567 743 1703 773 colorem

250 799 506 832 candidissimum
519 801 679 842 possidere
691 813 697 830 :
715 806 856 841 quartum
872 799 1057 830 subrubeum
1070 811 1075 828 ε
1093 798 1264 829 secundum
1276 808 1350 829 vero
1362 803 1484 828 sextum
1497 796 1643 828 albedine
1656 806 1706 826 su-

249 864 368 895 perare.
384 855 433 886 Ac
447 855 548 886 fusum
563 855 690 897 quidem
701 860 800 885 totum
815 854 972 884 volutione
987 853 1081 883 simili
1091 852 1280 883 circumferri
1293 865 1298 882 z
1316 863 1387 883 cum
1398 861 1472 882 vero
1485 856 1585 882 totum
1599 850 1705 881 volva-

246 914 304 944 tur,
320 914 441 950 septem
456 910 619 940 interiores
631 909 761 939 circulos
771 913 856 939 motu
867 908 961 938 totius
971 907 1123 938 contrario
1131 907 1250 937 tardius
1263 906 1469 937 circumverti.
1484 905 1533 936 Ex
1546 905 1596 936 his
1611 905 1704 946 plane

246 967 390 993 octavum
401 968 487 994 motu
500 963 698 1003 rapidissimo
712 962 822 1003 agitari
836 974 840 990 :
858 961 1011 992 secundos
1028 971 1102 991 vero
1117 961 1248 991 alterum
1264 961 1355 991 alteri
1369 967 1614 1000 consequenter:
1631 968 1702 998 sep-

246 1016 366 1051 timum,
387 1024 509 1047 sextum
524 1023 557 1046 et
571 1016 724 1057 quintum.
741 1015 812 1046 Tali
826 1025 899 1045 vero
914 1015 1043 1045 tertium
1057 1020 1143 1045 motu
1157 1015 1240 1050 ferri,
1256 1021 1291 1044 ut
1308 1019 1450 1055 quartum
1465 1013 1706 1044 circumvolvere

246 1070 403 1101 videatur:
423 1075 566 1112 quartum
579 1078 683 1100 autem
698 1070 835 1105 tertium,
852 1075 883 1099 et
896 1070 1039 1110 quintum
1053 1068 1234 1099 secundum.
1246 1068 1348 1099 fusum
1362 1078 1436 1098 vero
1449 1068 1482 1098 in
1495 1066 1705 1098 Necessitatis

247 1125 377 1164 genibus
396 1124 602 1155 circumverti.
620 1124 758 1164 Superne
780 1129 932 1164 praeterea
952 1124 1079 1154 cuilicet
1098 1124 1214 1154 circulo
1226 1124 1344 1153 haerere
1359 1121 1512 1164 Syrenem
1524 1131 1595 1152 cum
1610 1120 1702 1162 globo

247 1188 310 1208 una
323 1178 471 1215 delatam,
486 1189 596 1210 vocem
607 1188 712 1214 unam,
730 1184 837 1208 tonum
849 1188 945 1208 unum
959 1178 1108 1208 videlicet
1121 1177 1319 1207 emittentem
1331 1189 1336 1206 :
1351 1186 1447 1207 unam
1458 1182 1565 1207 tamen
1582 1176 1705 1206 harmo-

248 1232 334 1262 niam
346 1243 385 1263 ex
398 1233 540 1264 omnibus
554 1238 624 1263 octo
636 1233 812 1263 concinere.
829 1232 920 1262 Alias
933 1237 1038 1262 autem
1052 1237 1115 1262 tres
1130 1231 1338 1262 Necessitatis
1350 1231 1430 1261 filias
1444 1230 1557 1272 aequali
1569 1229 1705 1260 invicem

247 1285 411 1318 intervallo
422 1288 454 1317 in
463 1289 574 1318 throno
583 1287 692 1317 sedere
704 1299 709 1316 ε
726 1287 842 1317 Parcas
851 1286 988 1316 vestibus
999 1286 1087 1321 albis,
1099 1286 1201 1327 capite
1211 1290 1367 1321 coronato,
1375 1284 1552 1320 Lachesim‚
1559 1282 1707 1319 Clothon,

246 1339 405 1381 Atropon:
421 1352 490 1382 quae
503 1341 544 1372 ad
556 1342 708 1383 Syrenum
717 1341 909 1371 harmoniam
924 1346 1048 1376 canant,
1062 1340 1211 1370 Lachesis
1221 1340 1349 1380 quidem
1362 1339 1528 1380 praeterita,
1541 1338 1708 1379 praesentia

250 1392 374 1431 Clotho,
388 1394 524 1436 Atropos
543 1405 616 1426 vero
639 1395 750 1425 sutura.
792 1394 834 1424 Et
848 1393 986 1424 Clothon
1006 1393 1134 1435 quidem
1156 1404 1227 1424 cum
1239 1399 1338 1423 matre
1361 1393 1464 1428 simul,
1477 1392 1705 1423 intermissione

249 1448 383 1488 quadam
398 1449 558 1490 temporis,
578 1448 689 1478 dextra
705 1458 799 1478 manu
821 1453 1003 1489 tangentem
1021 1448 1081 1478 fusi
1099 1447 1247 1477 extimam
1267 1447 1548 1478 circumferentiam
1561 1452 1681 1488 uertere
1696 1458 1702 1475 :

248 1501 390 1542 Atropon
405 1513 478 1532 vero
492 1502 617 1532 sinistra
628 1502 740 1532 iterum
752 1502 917 1531 interiores
927 1502 1069 1532 similiter
1082 1514 1087 1530 :
1105 1502 1272 1532 Lachesim
1282 1501 1417 1542 denique
1426 1501 1564 1532 vicissim
1575 1506 1704 1542 utraque

248 1565 342 1586 manu
352 1555 496 1596 utrinque
507 1560 645 1596 tangere.
661 1555 741 1585 Illuc
754 1555 873 1585 animas
886 1566 958 1596 ergo
971 1566 1041 1586 cum
1056 1556 1207 1591 venen'nt,
1223 1556 1329 1585 statim
1336 1561 1478 1596 oportere
1487 1555 1528 1586 ad
1545 1555 1708 1586 Lachesim

250 1608 411 1639 accedere.
431 1610 482 1640 ubi
501 1609 574 1639 ilico
598 1610 751 1650 propheta
768 1609 880 1649 aliquis
899 1610 1033 1649 primum
1047 1610 1185 1650 singulas
1205 1609 1343 1650 disponit
1361 1610 1393 1640 in
1407 1609 1550 1640 ordinem
1566 1621 1572 1639 :
1589 1617 1710 1650 postea,

250 1673 320 1693 cum
341 1673 379 1693 ex
406 1663 537 1704 genibus
557 1663 705 1693 Lachesis
724 1668 822 1693 sortes
854 1668 886 1692 et
905 1663 1037 1693 vitarum
1057 1664 1204 1703 exempla
1223 1664 1405 1704 susceperit,
1434 1663 1561 1705 aliquod
1578 1663 1710 1694 sublime

248 1717 382 1747 tribunal
398 1717 571 1747 ascendens
585 1717 629 1747 sic
646 1717 744 1748 fatur:
761 1717 967 1747 Necessitatis
986 1717 1073 1747 filiae.
1096 1717 1195 1757 ipsius
1212 1717 1341 1758 virginis
1355 1718 1505 1748 Lachesis
1517 1717 1707 1759 praeconium

252 1771 321 1801 hoc.
344 1771 377 1802 Ὀ
395 1771 506 1801 animae
521 1771 650 1807 diurnae,
665 1771 810 1801 circuitus
829 1771 956 1801 alterius
979 1771 1113 1806 initium,
1127 1771 1266 1801 mortalis
1283 1782 1319 1802 ac
1331 1771 1483 1802 mortiferi
1497 1772 1631 1813 generis,
1644 1782 1708 1803 non

252 1834 307 1855 vos
321 1814 443 1856 daeinon
459 1825 614 1861 sortietur,
630 1825 685 1855 sed
698 1836 753 1856 vos
765 1825 939 1856 daemonem
951 1826 1054 1866 potius
1064 1825 1199 1866 eligetis.
1213 1826 1266 1866 qui
1275 1836 1348 1856 vero
1357 1826 1439 1866 prior
1452 1832 1568 1856 sortem
1579 1826 1710 1868 ceperit,

250 1879 334 1920 prior
345 1879 441 1920 eligat
452 1879 559 1916 vitam,
571 1880 620 1910 cui
629 1879 806 1910 necessario
815 1879 989 1909 inhaerebit.
1002 1879 1110 1910 Virtus
1121 1884 1225 1910 autem
1235 1879 1424 1910 inviolabilis
1435 1890 1470 1911 ac
1481 1879 1580 1910 libera
1593 1891 1600 1909 ε
1617 1889 1711 1921 quam

251 1938 343 1973 prout
361 1933 526 1964 honorabit
545 1934 614 1974 quis
633 1938 686 1964 aut
699 1933 849 1974 negliget,
865 1933 908 1963 ita
927 1934 997 1973 plus
1012 1941 1064 1964 aut
1076 1934 1179 1964 minus
1193 1944 1232 1964 ex
1251 1944 1289 1964 ea
1304 1933 1439 1975 denique
1455 1933 1638 1975 possidebit.
1651 1933 1709 1964 eli-

250 1987 353 2027 gentis
373 1987 498 2028 quidem
518 1988 611 2028 culpa
631 1992 679 2017 est
692 1987 810 2018 omnis:
834 1986 924 2017 Deus
937 1994 1041 2018 autem
1055 1994 1144 2019 extra
1162 1989 1298 2029 culpam.
1317 1988 1397 2019 Haec
1411 1988 1493 2019 satus
1505 1993 1604 2019 sortes
1617 1997 1711 2029 super

249 2050 357 2071 omnes
371 2041 490 2071 fundit:
507 2052 547 2071 ex
563 2042 673 2082 quibus
686 2042 816 2082 quilibet
829 2051 899 2072 eam
911 2042 1003 2082 rapit,
1016 2052 1084 2083 quae
1103 2052 1195 2083 super
1208 2043 1312 2082 ipsum
1325 2041 1492 2073 ceciderit:
1507 2051 1611 2084 neque
1628 2042 1709 2081 licet

251 2095 396 2135 cuipiam,
411 2100 522 2136 quotus
540 2095 648 2126 ordine
663 2095 715 2132 sit,
729 2106 908 2136 agnoscere,
924 2096 984 2126 nisi
999 2107 1070 2126 cum
1084 2097 1214 2137 ceperit.
1233 2103 1306 2127 tunc
1321 2097 1405 2127 enim
1419 2096 1581 2132 duntaxat,
1599 2101 1711 2138 quotus

250 2147 291 2177 sit
305 2148 438 2184 sortitus,
451 2149 611 2190 intelligit.
626 2149 718 2190 [618]
732 2149 808 2180 Post
823 2150 888 2179 haec
906 2150 981 2179 item
994 2151 1140 2190 exempla
1150 2150 1282 2181 vitarum
1296 2160 1400 2181 coram
1414 2151 1491 2191 ipsis
1502 2150 1535 2181 in
1548 2150 1711 2192 pavimen-

250 2211 282 2240 to
297 2200 445 2242 disponit,
459 2203 558 2233 multo
572 2203 661 2242 plura
677 2213 769 2243 quaxn
784 2213 852 2243 quae
864 2203 913 2233 hic
931 2203 970 2233 ad
983 2213 1121 2244 praesens
1133 2209 1295 2245 apparent.
1310 2203 1386 2234 Esse
1401 2214 1475 2235 vero
1487 2204 1648 2235 hominum
1662 2209 1707 2235 at-

251 2265 311 2295 que
327 2255 464 2286 omnium
482 2256 662 2286 animalium
676 2257 756 2286 vitas
769 2257 968 2287 omniformes
982 2258 1122 2288 asseruit.
1140 2257 1337 2299 'l‘yrannides
1349 2258 1434 2288 enim
1448 2258 1481 2288 in
1495 2258 1560 2288 illis
1573 2266 1710 2293 exstare,

254 2309 368 2351 partim
382 2314 549 2350 perpetuas
567 2310 680 2350 panim
698 2309 737 2340 ad
753 2315 886 2351 tempus,
902 2321 971 2352 quae
985 2311 1090 2342 medio
1106 2312 1138 2342 in
1162 2311 1262 2352 spatio
1277 2316 1429 2346 corruant,
1444 2312 1476 2342 in
1495 2316 1711 2353 paupertatem

253 2362 402 2404 delapsae,
420 2363 565 2394 exsilium
577 2368 609 2393 et
621 2363 770 2404 inopiam.
787 2364 917 2395 Exstare
933 2371 965 2395 et
979 2358 1198 2406 praeclarorum
1210 2365 1343 2396 virorum
1358 2366 1449 2400 vitas,
1465 2366 1581 2407 partim
1589 2366 1707 2407 specie,

253 2417 376 2453 decore,
390 2417 506 2448 viribus
515 2417 795 2458 certaminibusque
809 2419 1032 2460 praestantium,
1046 2419 1159 2460 partim
1169 2420 1318 2461 majorum
1328 2420 1535 2460 generositate
1546 2419 1707 2454 nobilium,

251 2471 496 2512 ignobiliumque
509 2481 612 2502 rursus
623 2471 756 2503 virorum
770 2472 851 2502 vitas
864 2473 1017 2507 similiter,
1034 2479 1066 2503 et
1082 2474 1246 2504 mulierum
1261 2473 1372 2504 eodem
1384 2473 1488 2505 modo.
1501 2473 1625 2504 Animae
1634 2483 1708 2504 vero

251 2525 393 2555 ordinem
407 2530 439 2555 et
452 2524 663 2556 conditionem
674 2535 736 2556 non
750 2526 863 2561 inesse,
879 2536 916 2556 eo
925 2526 1007 2567 quod
1021 2537 1149 2557 necesse
1166 2527 1216 2562 sit,
1231 2533 1265 2558 ut
1278 2527 1373 2558 aliam
1386 2527 1483 2558 vitam
1496 2527 1618 2569 eligens
1631 2537 1705 2558 con-

252 2577 380 2609 ditionis
399 2579 526 2609 alterius
537 2579 696 2610 efficiatur.
720 2584 823 2610 cetera
838 2590 911 2610 vero
927 2580 1072 2614 invicem.
1083 2581 1196 2621 partim
1211 2581 1329 2612 divitiis
1342 2588 1374 2612 et
1387 2581 1621 2622 paupertatibus
1632 2590 1703 2611 esse

253 2632 431 2665 commixta.
452 2633 565 2672 partim
585 2632 700 2664 morbis
716 2633 766 2664 vel
781 2633 914 2664 sanitate
930 2645 935 2662 ε
958 2635 1071 2675 partim
1096 2635 1223 2666 istorum
1243 2634 1381 2666 medium
1395 2634 1546 2666 obtinere.
1561 2634 1624 2666 Ubi
1639 2644 1710 2676 pro-

251 2685 346 2721 fecto,
367 2696 386 2716 o
405 2685 538 2722 Glauco,
556 2696 647 2717 omne
663 2687 796 2718 hominis
811 2687 952 2718 consistit
971 2689 1153 2729 periculum.
1168 2689 1367 2731 quamobrem
1385 2688 1469 2720 omni
1485 2688 1589 2719 studio
1603 2687 1710 2719 danda

249 2749 344 2779 opera
359 2744 416 2774 est,
429 2745 463 2770 ut
478 2740 608 2781 quisque
619 2745 768 2776 nostrum,
784 2741 906 2772 omissis
916 2742 1027 2772 ceteris
1043 2742 1228 2784 disciplinis,
1242 2743 1320 2773 hanc
1331 2747 1449 2783 quaerat
1462 2746 1704 2783 assequaturque

250 2802 305 2832 pro
319 2793 434 2823 viribus
448 2793 657 2834 disciplinam,
674 2805 729 2836 per
744 2786 837 2837 quam
851 2800 883 2827 et
893 2796 991 2837 possit
1006 2802 1038 2827 et
1052 2797 1130 2828 sciat
1143 2797 1240 2828 vitam
1257 2797 1371 2828 bonam
1384 2806 1403 2827 a
1416 2796 1500 2827 mala
1519 2795 1707 2841 discernere,

249 2852 281 2876 et
295 2846 397 2888 quoad
411 2847 477 2877 fieri
492 2853 605 2888 potest,
622 2859 661 2879 ex
673 2849 816 2880 omnibus
830 2849 945 2890 eligere
962 2850 1141 2881 meliorem:
1168 2850 1428 2886 animadvertens,
1442 2859 1510 2890 quae
1524 2859 1606 2880 nunc
1621 2848 1701 2880 dixi-

251 2911 329 2936 mus,
344 2901 458 2936 omnia,
476 2901 551 2942 quid
570 2902 735 2945 conjuncta
750 2904 886 2935 invicem
904 2904 954 2935 vel
971 2904 1124 2946 disjuncta
1144 2904 1184 2936 ad
1197 2904 1342 2936 virtutem
1353 2903 1425 2934 vitae
1440 2902 1627 2936 conducant.
1643 2912 1704 2934 noc
