1840 3225
719 564 1041 616 TIMAEUS.

357 802 593 840 SOCRATES,
617 803 811 841 CRITIAS,
834 803 1031 842 TIMAEUS,
1055 801 1406 836 HERMOCRATES.

157 980 234 1025 [17]
258 980 370 1018 Unus,
386 982 460 1018 duo,
485 987 567 1013 tres:
593 986 720 1023 quartus
743 986 859 1017 autem,
882 991 901 1012 o
916 981 1014 1012 amice
1028 979 1158 1017 Timaee,
1173 979 1302 1011 ubinam
1317 978 1389 1009 est?
1412 981 1456 1013 ut,
1473 975 1526 1018 qui
1541 973 1608 1005 heri

158 1046 178 1067 a
191 1046 242 1067 me
258 1036 401 1067 convivio
415 1037 539 1078 accepti
554 1037 641 1073 estis,
654 1035 747 1067 hodie
761 1046 812 1066 me
827 1035 965 1066 vicissim
980 1035 1153 1077 accipiatis.
1195 1034 1249 1065 Tr.
1273 1032 1418 1064 Adversa
1430 1028 1612 1062 valetudine

158 1089 290 1127 laborat,
305 1100 324 1121 o
337 1091 490 1127 Socrates,
503 1101 567 1122 non
582 1091 668 1122 enim
683 1096 794 1132 sponte
808 1091 847 1121 ab
860 1091 918 1121 hoc
935 1095 1016 1121 coetu
1028 1095 1061 1120 et
1075 1088 1287 1130 disputatione
1304 1085 1514 1118 abstinuisset.
1558 1083 1614 1116 So.

159 1144 243 1186 Ergo
257 1145 314 1181 tui,
327 1155 346 1176 o
361 1145 490 1181 Timaee,
507 1150 539 1176 et
553 1145 683 1176 istorum
698 1145 758 1175 erit
773 1145 876 1181 officii,
890 1143 975 1186 quod
990 1144 1092 1186 quarti
1102 1143 1188 1174 illius
1204 1142 1345 1173 absentia
1360 1140 1460 1176 deest,
1471 1137 1615 1181 implere.

158 1198 211 1230 Tr.
234 1198 286 1230 Ita
307 1209 442 1240 prorsus.
463 1209 557 1241 quare
574 1199 663 1235 nihil,
689 1198 792 1240 quoad
807 1199 874 1229 fieri
896 1198 1021 1239 poterit,
1037 1197 1321 1239 praetermittemus.
1343 1205 1418 1225 nam
1444 1203 1517 1225 cum
1531 1192 1616 1224 laute

160 1253 217 1284 abs
227 1258 259 1284 te
275 1254 421 1285 hesterno
437 1255 531 1295 epulo
547 1253 669 1294 accepti
681 1253 841 1289 fuerimus,
856 1252 947 1283 nefas
960 1258 1052 1288 esset,
1067 1252 1094 1282 si
1109 1252 1218 1293 epu-las
1233 1250 1291 1281 tibi
1302 1259 1359 1291 pro
1370 1248 1491 1278 viribus
1499 1245 1618 1277 similes

159 1307 294 1338 libenter
307 1318 370 1338 non
385 1307 597 1338 redderemus).
643 1308 698 1339 So.
722 1307 808 1337 Num
830 1305 1050 1342 recordamini,
1066 1315 1135 1346 quae
1151 1304 1240 1335 vobis
1256 1309 1289 1334 et
1303 1313 1398 1344 quam
1420 1301 1521 1332 multa
1534 1305 1615 1331 trac·

158 1360 255 1392 tanda
267 1361 437 1403 proposui?
481 1361 534 1392 Tr.
557 1361 676 1392 Partim
692 1360 820 1402 quidem
836 1366 980 1391 tenemus
990 1358 1151 1394 memoria,
1166 1358 1281 1399 partim
1295 1366 1368 1387 vero
1380 1360 1426 1392 tu,
1449 1355 1475 1384 si
1491 1351 1616 1384 excide·

155 1415 228 1452 rint,
252 1425 411 1457 suggeres.
432 1415 527 1446 immo
551 1425 634 1451 vero,
661 1416 722 1445 nisi
737 1415 905 1446 molestum
928 1414 978 1450 sit,
1001 1413 1136 1444 breviter
1161 1412 1218 1442 illa
1245 1412 1284 1441 ab
1301 1408 1427 1440 exordio
1447 1412 1567 1449 repete,
1583 1411 1619 1437 ut

156 1470 246 1501 nobis
260 1469 374 1501 iterum
386 1470 616 1501 confirmentur.
659 1469 714 1500 So.
737 1469 866 1500 Faciam
878 1467 1037 1510 equidem.
1082 1466 1211 1497 Summa
1233 1463 1452 1506 disputationis
1465 1463 1617 1492 hesternae

159 1529 226 1555 erat
241 1534 288 1555 res
303 1523 441 1565 publica,
457 1524 558 1565 qualis
573 1524 651 1554 mihi
672 1528 704 1554 et
730 1533 768 1554 ex
784 1523 927 1565 qualibus
943 1522 1017 1552 viris
1032 1521 1151 1563 optima
1165 1529 1257 1562 posse
1274 1518 1341 1549 fieri
1355 1516 1523 1548 videretur.
1565 1514 1619 1546 Tr.

159 1577 259 1609 Nobis
274 1583 360 1609 certe
383 1578 525 1609 omnibus
541 1577 635 1608 valde
658 1578 791 1618 probata
803 1581 884 1612 sunt,
908 1586 927 1607 o
942 1576 1097 1611 Socrates,
1124 1585 1194 1616 quae
1217 1573 1334 1604 dixisti.
1378 1572 1434 1602 So.
1457 1568 1619 1611 Principio

159 1632 309 1673 agricolas
324 1637 505 1674 ceterosque
530 1631 663 1662 artifices
677 1642 696 1662 a
709 1631 861 1662 militibus
878 1630 1100 1672 separavimus.
1143 1628 1196 1658 Tr.
1221 1627 1326 1658 Certe.
1371 1626 1426 1657 So.
1450 1624 1531 1655 Cum
1545 1632 1618 1653 vero

159 1686 282 1727 cuique,
298 1686 382 1727 quod
396 1697 452 1728 pro
478 1691 596 1716 naturae
618 1686 770 1716 instinctu
789 1685 947 1727 praecipue
977 1694 1067 1714 suum
1090 1688 1148 1720 est,
1173 1687 1205 1712 et
1220 1681 1342 1722 singula
1355 1685 1476 1710 tautum
1491 1676 1622 1718 singulis

160 1740 276 1771 artibus
288 1740 389 1771 officia
400 1741 604 1771 tribueremus
619 1752 628 1779 ;
651 1740 716 1770 illis
731 1749 866 1780 quoque,
879 1749 957 1780 quos
971 1748 1035 1779 prae
1051 1737 1162 1768 ceteris
1178 1736 1262 1767 bella
1274 1744 1380 1776 gerere
1393 1736 1559 1774 oporteret,
1584 1730 1618 1761 id

164 1805 259 1825 unum
271 1794 442 1830 dumtaxat,
459 1793 659 1835 protegendae
676 1794 799 1825 scilicet
811 1793 946 1824 civitatis
960 1802 1083 1828 munus,
1099 1790 1302 1832 injunximus,
1313 1794 1346 1819 et
1361 1787 1505 1818 adversus
1517 1791 1618 1816 exter-

161 1858 219 1879 nos
232 1849 334 1879 hostes
350 1854 382 1879 et
397 1848 542 1879 adversus
558 1849 642 1879 cives
655 1848 700 1878 rei
715 1848 849 1889 publicae
865 1856 1021 1877 eversores
1036 1857 1042 1874 ε
1066 1846 1112 1876 ita
1126 1851 1161 1876 ut
1175 1854 1248 1885 erga
1263 1842 1430 1884 subjectos,
1449 1840 1523 1882 [18]
1549 1845 1618 1869 tan·

161 1912 255 1943 quam
269 1908 379 1934 natura
393 1903 519 1939 amicos,
535 1903 628 1933 mites
640 1902 702 1932 sint
715 1914 724 1940 ;
747 1908 855 1932 contra
869 1902 971 1932 hostes
983 1910 1056 1930 vero
1079 1900 1113 1929 in
1128 1898 1238 1940 proelio
1253 1895 1447 1927 ferocissimi.
1489 1893 1544 1924 Tr.
1567 1892 1618 1924 Ita

161 1966 294 1999 prorsus.
338 1957 393 1987 So.
416 1956 586 1998 Duplicem
598 1966 673 1986 sane
685 1961 828 1986 naturam
839 1955 872 1985 in
887 1953 1050 1985 custodum
1065 1953 1176 1984 animis
1192 1961 1261 1983 esse
1278 1950 1393 1981 debere
1407 1947 1618 1984 tractavimus,

164 2015 198 2040 et
211 2009 391 2040 iracundam
406 2015 438 2040 et
463 2010 681 2051 philosophico
704 2009 830 2051 ingenio
855 2009 1011 2050 praecipue
1034 2006 1313 2041 accommodatam,
1336 2009 1370 2035 ut
1394 2008 1480 2034 recte
1496 2003 1529 2033 in
1550 2011 1620 2032 suos

164 2064 318 2094 mansueti
341 2063 413 2100 sint,
439 2064 472 2094 in
496 2064 616 2094 alienos
643 2073 714 2094 vero
741 2064 871 2094 feroces.
914 2063 967 2093 Tr.
990 2062 1105 2094 Procul
1128 2060 1233 2091 dubio.
1275 2059 1330 2090 So.
1354 2056 1440 2095 Quid
1459 2061 1564 2087 autem
1579 2054 1619 2085 de

160 2116 345 2149 educatione
358 2117 496 2148 dicemus
513 2118 524 2148 ?
541 2128 645 2149 nonne
659 2117 815 2160 gymnicis
827 2117 1099 2148 exercitationibus
1115 2121 1147 2146 et
1161 2114 1280 2145 musica
1290 2112 1462 2156 ceterisque
1477 2109 1617 2141 decenti-

163 2172 220 2202 bus
235 2171 410 2213 disciplinis
425 2182 478 2203 eos
493 2182 511 2202 a
522 2172 611 2203 nobis
626 2172 784 2203 institutos
795 2171 889 2202 fuisse
903 2172 914 2202 ?
957 2171 1009 2201 Tr.
1032 2169 1135 2201 Valde
1148 2168 1287 2210 quidem.
1331 2167 1386 2198 So.
1409 2166 1459 2196 Ita
1470 2164 1620 2195 educatos

163 2225 307 2257 homines
326 2236 429 2268 neque
445 2237 551 2257 aurum
567 2235 668 2268 neque
681 2231 843 2268 argentum
857 2236 961 2267 neque
977 2224 1063 2256 aliud
1078 2224 1243 2265 quicquam
1257 2222 1415 2264 proprium
1438 2224 1492 2250 aut
1503 2219 1618 2249 habere

161 2285 215 2310 aut
228 2285 338 2321 putare
353 2281 536 2319 statuimus;
558 2279 614 2310 sed
637 2285 785 2321 tanquam
808 2278 966 2321 adjutores
988 2279 1190 2320 publicosque
1212 2276 1369 2307 ministros
1383 2274 1450 2305 sola
1471 2271 1617 2303 mercede

164 2339 326 2364 contentos
341 2344 421 2371 esse,
443 2339 531 2365 tanta
552 2334 590 2364 ab
613 2334 671 2370 his,
696 2344 774 2375 quos
795 2339 930 2370 tuentur,
947 2333 1095 2369 exhibita,
1116 2337 1234 2373 quanta
1255 2329 1415 2361 moderate
1440 2326 1617 2358 viventibus

168 2386 305 2418 sufficere
320 2387 471 2418 videatur.
494 2387 651 2429 stipendio
665 2393 816 2429 praeterea
830 2388 956 2429 publico
970 2388 1003 2418 in
1017 2396 1181 2418 commune
1196 2385 1241 2416 uti
1258 2383 1420 2417 voluimus,
1433 2379 1520 2412 etad
1533 2390 1617 2411 com-

168 2450 295 2471 munem
308 2440 389 2471 inter
403 2451 435 2471 se
451 2441 567 2472 victum
587 2441 782 2483 impendere,
798 2448 834 2473 ut
849 2442 960 2473 ceteris
974 2440 1160 2483 posthabitis
1175 2438 1318 2470 omuibus
1333 2436 1429 2467 solius
1451 2433 1573 2465 virtutis
1586 2437 1618 2464 et

166 2494 313 2526 custodiae
330 2504 435 2525 curam
449 2495 595 2526 habeant.
635 2495 688 2526 Tr.
712 2496 788 2528 Haec
805 2506 927 2538 quoque
940 2497 985 2527 ita
998 2497 1053 2526 abs
1066 2500 1098 2525 te
1114 2493 1199 2525 dicta
1211 2492 1346 2523 fuerunt.
1389 2488 1443 2520 So.
1466 2487 1619 2519 Naturam

165 2554 316 2590 praeterea
331 2549 493 2579 mulierum
506 2559 569 2580 non
585 2549 674 2580 aliter
687 2560 781 2591 quam
800 2551 934 2582 virorum
955 2549 1061 2591 effingi
1076 2546 1280 2590 praecepimus
1295 2557 1302 2584 ;
1325 2543 1487 2584 studiaque
1500 2541 1617 2579 omnia,

165 2608 231 2633 tam
247 2603 322 2634 belli
337 2613 430 2644 quam
445 2602 543 2644 pacis,
559 2603 738 2634 mulieribus
749 2615 820 2636 cum
834 2604 906 2635 viris
918 2614 987 2635 esse
1003 2601 1188 2635 communia.
1223 2599 1277 2630 Tr.
1299 2598 1338 2630 Id
1351 2607 1473 2640 quoque
1487 2594 1617 2628 dictum.

168 2657 225 2688 So.
248 2656 299 2687 An
314 2657 429 2688 tenetis
451 2657 608 2693 memoria,
633 2667 702 2698 quae
728 2657 768 2688 de
794 2658 994 2700 procreandis
1017 2657 1124 2688 liberis
1149 2653 1307 2686 diximus?
1330 2653 1408 2684 sorte
1425 2661 1498 2682 vero
1521 2650 1560 2682 ob
1572 2648 1618 2680 rei

167 2710 263 2752 ipsius
277 2711 449 2742 novitatem
464 2710 591 2741 firmiter
606 2711 757 2742 tenuistis.
780 2722 958 2743 communes
974 2712 1091 2754 quippe
1115 2709 1240 2751 nuptias
1255 2707 1430 2748 liberosque
1445 2704 1618 2739 statuimus,

168 2770 204 2796 ut
217 2775 310 2796 nemo
333 2770 424 2796 natos
449 2775 518 2796 suos
541 2765 709 2802 discernat,
723 2765 778 2796 sed
801 2776 909 2797 omnes
935 2766 974 2796 ab
989 2765 1133 2796 omnibus
1148 2760 1374 2803 consanguinei
1389 2759 1617 2793 existimentur,

170 2817 243 2850 dum
268 2819 402 2861 aequales
426 2819 522 2850 senne
548 2824 623 2850 natu
644 2819 752 2850 fratres
765 2830 945 2862 sororesque
971 2819 1107 2850 vicissim
1130 2827 1164 2848 se
1181 2815 1337 2858 judicant,
1363 2813 1530 2855 majoribus
1543 2821 1616 2841 vero

172 2877 292 2911 patrum
307 2873 355 2903 vel
373 2883 499 2904 avorum
520 2874 727 2904 reverentiam
752 2874 909 2911 exhibent,
933 2884 1007 2915 erga
1030 2873 1165 2904 minores
1188 2875 1292 2902 autem
1317 2874 1465 2910 tanquam
1492 2865 1570 2896 filios
1586 2868 1619 2894 et

175 2932 302 2968 nepotes
319 2926 500 2960 afficiuntur.
542 2926 595 2959 Tr.
618 2927 696 2960 Haec
713 2938 833 2971 quoque
849 2934 1020 2961 memoratu
1031 2927 1136 2960 facilia
1148 2931 1228 2958 nint.
1271 2924 1326 2955 So.
1349 2922 1392 2953 Ut
1409 2924 1511 2952 autern
1528 2928 1620 2961 quun
