1840 3225
265 225 340 262 160
855 219 1120 258 PLATonls
1639 224 1730 274 [471

601 299 603 302 “
1322 303 1333 313 f

261 328 371 359 barent
392 326 680 365 inflammarentque
696 323 817 360 domos,
833 323 920 354 vides
947 333 1039 364 quam
1065 323 1238 363 perniciosa
1262 324 1365 355 sutura
1379 325 1491 358 seditio
1506 326 1546 358 sit
1561 327 1726 368 neutrique

260 381 383 414 illorum
408 381 517 422 patriae
543 389 607 410 suae
632 378 791 410 cultores?
814 377 932 419 quippe
961 377 987 408 si
1013 388 1080 408 eam
1108 383 1258 415 amarent,
1284 390 1442 421 nunquam
1469 386 1552 412 certe
1574 382 1726 412 auderent

261 436 413 467 nutricem
441 439 633 475 matremque
657 437 786 468 vastare,
805 432 858 462 sed
885 431 958 462 satis
984 442 1050 462 esse
1075 431 1190 462 factum
1213 437 1368 473 putarent,
1391 434 1415 464 si
1441 434 1574 466 victores
1596 435 1725 467 aliorum

260 494 404 531 raperent
418 489 546 526 fructus,
573 487 784 519 existimantes
809 497 872 516 non
889 496 1009 527 semper
1026 496 1058 517 se
1084 486 1216 517 invicem
1243 493 1446 528 pugnaturos,
1463 489 1517 520 sed
1534 490 1723 531 quandoque

259 543 518 575 reconciliandos.
573 541 689 573 GLAu.
712 541 876 572 Mitiorum
914 541 1054 581 profecto
1085 541 1246 572 hominum
1276 542 1420 574 haze-est
1447 545 1613 575 sententia.
1668 545 1724 575 So.

258 597 377 630 Civitas
392 598 470 634 haec,
485 607 578 638 quam
602 596 725 632 condis,
741 605 846 626 nonne
870 594 1007 626 Graeca?
1055 595 1169 626 Gustu.
1194 596 1309 627 Decet.
1353 598 1408 629 So.
1432 597 1515 639 Ergo
1529 603 1562 629 et
1585 599 1668 641 aequi
1688 605 1723 630 et

254 652 345 683 mites
359 650 394 682 in
410 662 447 682 ea
462 652 556 684 cives.
601 650 716 682 Gmu.
741 649 890 680 Maxime.
936 649 992 680 So.
1018 649 1122 685 Quare
1145 649 1326 681 Graecorum
1343 651 1445 682 amici.
1470 661 1582 693 nempe
1597 663 1721 684 omnem

259 705 414 738 Graeciam
431 706 488 736 sibi
512 704 713 746 conjunctam
738 703 970 740 existimabunt,
985 708 1018 734 et
1041 714 1125 734 sacra
1150 704 1321 742 habebunt,
1339 710 1372 736 ut
1397 704 1463 742 alii,
1478 706 1558 736 inter
1581 717 1614 737 se
1638 716 1724 738 com—

259 761 378 792 munia.
424 760 539 791 GLAU.
561 760 775 799 Summopere.
821 757 876 788 So.
899 756 1012 798 Itaque
1040 758 1272 788 contentionem
1299 757 1358 789 sibi
1381 760 1527 790 adversus
1542 760 1619 791 alios
1635 760 1724 792 Grae-

258 825 313 846 cos
329 819 464 846 exortam
481 815 579 857 [471]
596 819 742 854 tanquam
759 822 828 843 cum
856 811 918 842 suis
935 811 997 852 geri
1026 812 1191 852 putabunt,
1209 813 1459 854 seditionemque
1475 815 1643 851 vocabunt,
1659 825 1722 846 non

260 869 386 900 bellum.
432 868 547 899 GLAu.
571 867 623 899 Sic
645 876 767 908 prorsus
791 873 896 906 agent.
943 865 997 896 SO.
1022 865 1104 906 Ergo
1130 871 1277 907 tanquam
1301 868 1354 908 qui
1378 868 1600 899 reconciliandi
1623 879 1722 911 quan-

258 923 362 964 doque
386 922 458 958 sint,
474 922 715 953 altercabuntur.
759 920 874 951 Gmn.
899 919 948 949 Ita
975 925 1068 951 certe.
1114 920 1172 952 So.
1197 920 1255 951 Pia
1281 921 1386 963 itaque
1409 923 1564 953 sententia
1588 928 1622 953 et
1644 929 1720 953 tem-

257 982 366 1017 perato
382 977 486 1007 animo
502 986 564 1006 rem
583 981 688 1016 agent,
705 984 767 1005 non
795 975 832 1004 ad
862 974 1040 1004 servitutem
1069 980 1124 1005 aut
1138 985 1247 1006 necem
1271 976 1487 1016 respicientes,
1504 982 1651 1017 tanquam
1667 977 1722 1019 qui

257 1031 361 1061 hostes
384 1030 510 1060 minime
534 1030 607 1060 sint.
652 1029 767 1060 Graiu.
792 1027 863 1058 Hoc
889 1027 998 1069 utique
1023 1028 1128 1059 modo.
1174 1028 1229 1060 So.
1254 1028 1328 1059 Non
1355 1040 1428 1071 ergo
1455 1030 1622 1068 Graeciarn,
1648 1042 1720 1062 cum

259 1084 361 1115 Graeci
392 1084 466 1120 sint,
494 1083 674 1114 destruent:
712 1092 815 1123 neque
844 1082 954 1112 domos
982 1082 1166 1119 incendent,
1198 1093 1301 1124 neque
1336 1084 1492 1125 putabunt
1526 1084 1560 1115 in
1589 1085 1719 1126 singulis

255 1137 433 1169 civitatibus
450 1148 556 1168 omnes
581 1137 640 1168 sibi
664 1137 809 1167 adversos
830 1146 909 1172 esse,
926 1141 958 1166 et
982 1136 1063 1167 viros
1089 1142 1122 1167 et
1149 1136 1290 1169 mulieres
1315 1145 1348 1168 et
1371 1149 1494 1179 pueros,
1520 1139 1575 1170 sed
1602 1149 1720 1180 paucos

255 1192 424 1223 admodum
438 1191 595 1228 inimicos,
610 1202 663 1222 eos
688 1191 850 1226 duntaxat,
865 1190 919 1231 qui
942 1190 1059 1221 fuerint
1081 1191 1244 1222 discordiae
1267 1202 1372 1224 causa.
1394 1193 1592 1234 quamobrem
1615 1203 1718 1234 neque

256 1245 414 1287 regionem
440 1245 648 1276 devastabunt
673 1255 790 1280 eorum,
815 1244 904 1285 quasi
929 1249 963 1274 ut
989 1244 1155 1284 plurimum
1180 1245 1360 1283 amicorum,
1388 1256 1491 1288 neque
1515 1246 1625 1278 domos
1647 1247 1721 1278 sub·

254 1304 397 1330 vertent:
437 1300 491 1330 sed
521 1304 650 1330 eatenus
680 1299 895 1335 decertabant,
925 1303 1092 1339 quatenus,
1121 1300 1174 1340 qui
1205 1299 1369 1330 discordiae
1400 1311 1523 1331 causam
1552 1301 1718 1336 dederunt.

254 1353 430 1383 insontibus
445 1363 552 1394 poenas
568 1352 700 1385 solvant.
748 1351 863 1384 GLAu.
888 1351 1053 1382 Assentior
1068 1352 1212 1393 equidem
1230 1353 1273 1384 ita
1289 1363 1354 1384 esse
1372 1353 1490 1386 Graecis
1507 1356 1719 1396 pugnantibus

253 1407 513 1448 repugnandum:
537 1412 644 1437 contra
670 1407 813 1437 barbaros
839 1411 941 1437 autem
967 1406 1011 1436 ita
1036 1406 1188 1437 animatos
1214 1417 1281 1438 esse
1307 1408 1432 1444 debere,
1449 1414 1483 1439 ut
1507 1419 1590 1440 nunc
1614 1409 1718 1441 Graeci

253 1464 362 1492 contra
381 1460 507 1491 Graecos
523 1460 625 1491 affecti
642 1465 725 1491 sunt.
771 1460 826 1491 So.
851 1460 1010 1491 Ponamus
1025 1460 1131 1500 itaque
1147 1460 1245 1502 legem
1259 1462 1339 1492 hanc
1354 1462 1548 1499 custodibus,
1564 1468 1598 1494 ut
1613 1473 1716 1505 neque

253 1514 408 1556 dissipent
431 1524 522 1555 agros
550 1525 652 1555 neque
677 1515 750 1556 igne
779 1515 862 1545 aedes
889 1515 1063 1546 absumant.
1108 1513 1223 1547 Guu.
1248 1515 1406 1546 Ponamus
1434 1517 1585 1557 profecto,
1601 1523 1633 1548 et
1648 1518 1716 1549 haec

253 1578 317 1599 una
331 1578 402 1599 curn
427 1568 634 1609 superioribus
649 1574 732 1600 recte
753 1579 786 1599 sc
809 1569 922 1599 habere
949 1579 1168 1599 asseveremus.
1215 1568 1276 1600 Sed
1295 1570 1370 1600 milri
1393 1570 1520 1611 quidem
1546 1572 1671 1607 videris.
1697 1582 1716 1602 o

254 1621 408 1660 Socrates,
431 1623 455 1653 si
471 1623 539 1664 quis
556 1628 586 1653 te
613 1623 688 1653 talia
702 1623 845 1664 quaedam
863 1633 982 1654 narrare
1007 1621 1175 1664 permittat,
1193 1634 1357 1665 nunquam,
1377 1624 1459 1654 illius
1483 1630 1514 1656 te
1538 1626 1715 1656 recordatu·

253 1686 332 1714 rum,
349 1676 434 1717 quod
450 1676 481 1706 in
507 1677 716 1717 superioribus
742 1676 977 1717 praetermittens
1001 1676 1068 1706 haec
1092 1677 1194 1707 omnia
1217 1678 1250 1708 in
1274 1679 1410 1708 medium
1425 1679 1604 1710 adduxisti:
1629 1681 1714 1721 quod

251 1730 400 1761 videlicet
422 1730 570 1771 possibile
596 1730 636 1761 sit
651 1731 730 1762 hanc
757 1731 978 1772 rempublicam
1007 1730 1084 1771 fieri,
1109 1736 1141 1762 et
1167 1741 1230 1772 quo
1256 1738 1348 1773 pacto
1374 1733 1437 1764 fieri
1462 1733 1571 1775 possit.
1593 1745 1663 1765 nam
1691 1735 1716 1765 si

251 1781 414 1821 exstiterit.
431 1785 516 1826 quod
541 1785 622 1816 bona
639 1786 742 1816 onmia
757 1785 877 1816 civitati
894 1785 952 1826 ipsi
971 1786 1167 1826 proveniant,
1184 1796 1245 1816 non
1261 1787 1371 1817 dubito
1387 1799 1393 1816 :
1420 1788 1494 1828 quin
1509 1792 1541 1818 et
1556 1798 1592 1819 ea
1608 1789 1714 1826 etiam,

251 1849 322 1880 quae
339 1844 371 1870 tu
389 1840 607 1880 praetermittis,
623 1840 706 1881 quod
734 1839 881 1871 videlicet
896 1839 978 1871 cives
1005 1839 1051 1870 illi
1076 1845 1184 1870 contra
1199 1841 1302 1871 hostes
1317 1845 1441 1871 strenue
1462 1844 1657 1883 pugnabunt,
1674 1853 1712 1873 eo

249 1895 335 1935 quod
359 1894 539 1925 seinvicem
563 1904 760 1935 nequaquam
785 1895 938 1929 deserent,
954 1899 1181 1935 cognoscentes
1203 1903 1235 1925 se
1260 1894 1392 1926 invicem
1417 1905 1484 1927 esse
1508 1897 1711 1938 propinquos,

249 1958 366 1989 perque
393 1949 459 1979 lraec
481 1949 608 1979 nomina
628 1953 736 1979 mutuo
762 1958 794 1978 se
822 1953 979 1984 vocantes,
995 1948 1113 1984 fratres,
1131 1953 1243 1989 patres,
1259 1948 1349 1979 filios.
1372 1950 1456 1990 quod
1481 1950 1506 1981 si
1529 1955 1562 1980 et
1587 1950 1711 1980 semime

247 2002 383 2032 militent
397 2013 470 2038 una,
485 2003 548 2033 sive
571 2003 682 2033 eodem
711 2002 741 2032 in
767 2002 874 2032 ordine
898 2001 962 2032 sive
987 2002 1128 2042 sequenti
1146 2001 1224 2038 acie,
1241 2007 1276 2032 ut
1298 2007 1331 2032 et
1359 2007 1527 2034 terreantur
1549 2004 1653 2034 hostes
1667 2009 1711 2039 et,

247 2066 319 2088 cum
334 2056 501 2087 necessitas
519 2056 731 2097 postulaverit,
747 2056 816 2086 viris
843 2056 989 2086 auxilium
1014 2055 1160 2086 afferatur
1174 2068 1181 2088 .-
1205 2061 1287 2086 certe
1303 2055 1367 2087 scio
1383 2057 1641 2098 inexpugnabiles
1656 2067 1710 2088 eos

248 2109 335 2141 sore:
361 2115 393 2140 et
421 2115 500 2151 quot
526 2111 608 2140 bona
633 2120 685 2140 eos
715 2110 799 2141 domi
828 2115 1007 2150 sequantur,
1034 2110 1093 2140 etsi
1121 2110 1202 2140 dicta
1231 2109 1335 2140 omnia
1361 2121 1423 2141 non
1447 2116 1531 2147 sunt,
1557 2111 1709 2153 intelligo.

248 2163 364 2195 Verum
381 2169 526 2205 tanquam
543 2164 737 2195 concedente
755 2173 802 2195 me
819 2164 884 2192 liaec
897 2163 1000 2192 omnia
1016 2167 1048 2192 et
1064 2161 1123 2192 alia
1141 2162 1304 2202 permulta,
1318 2164 1343 2193 si
1361 2163 1412 2193 flat
1429 2164 1494 2195 haec
1510 2174 1557 2194 res
1573 2165 1710 2205 publica,

249 2224 447 2259 proventura,
463 2229 502 2248 ne
527 2218 615 2259 plura
641 2218 681 2247 de
708 2217 774 2258 ipsa
799 2216 1046 2257 superinducas:
1073 2215 1126 2245 sed
1151 2216 1208 2245 hoc
1234 2215 1334 2256 ipsum
1356 2216 1422 2257 jam
1448 2227 1596 2248 conemur
1621 2219 1711 2249 nobis

247 2273 445 2313 persuadere,
461 2272 545 2313 quod
563 2271 709 2313 possibile
725 2271 776 2306 sit,
792 2276 823 2300 et
846 2280 907 2310 qua
924 2269 1041 2299 ratione
1059 2268 1216 2310 possibile,
1235 2270 1314 2300 hanc
1329 2275 1448 2301 exstare
1463 2281 1527 2302 rem
1540 2271 1710 2312 publicam.

247 2331 351 2357 cetera
377 2337 448 2356 vero
477 2327 644 2356 mittamus.
685 2324 780 2366 [472]
820 2324 876 2355 So.
899 2324 1007 2354 Subita
1036 2324 1169 2364 quadam
1201 2324 1377 2354 incursione
1405 2335 1574 2356 sermonem
1607 2336 1708 2356 meum

248 2380 358 2410 iterum
374 2380 510 2411 invasisti
527 2391 534 2410 :
558 2390 660 2421 neque
677 2379 750 2409 milri
774 2377 909 2419 ignoscis
931 2378 1047 2408 militiae
1064 2378 1218 2407 laboribus
1231 2377 1296 2418 jam
1313 2378 1436 2409 defesso
1452 2390 1459 2408 :
1485 2389 1587 2420 neque
1601 2378 1710 2411 adver-

248 2433 287 2463 tis
303 2433 442 2470 forsitan,
456 2434 539 2475 quod
567 2434 615 2464 vix
632 2443 681 2463 me
706 2433 829 2463 duobus
854 2442 871 2462 e
898 2431 1042 2462 fluctibus
1059 2436 1267 2471 emergentem
1283 2441 1366 2462 nunc
1383 2432 1412 2461 iu
1430 2432 1551 2462 tertium
1566 2433 1710 2467 retrudis.

249 2487 378 2528 pelagus
406 2488 690 2529 profundissimum.
714 2487 797 2528 quod
829 2491 993 2527 postquam
1025 2485 1136 2515 videris
1167 2484 1377 2526 mulierisque,
1404 2484 1493 2516 dubis
1521 2491 1604 2516 certe
1634 2485 1710 2516 milti

246 2540 382 2581 veniam,
412 2552 603 2582 cognoscens
633 2542 715 2572 haud
744 2540 859 2581 injuria
890 2539 1068 2570 extimuisse
1100 2549 1148 2569 me
1179 2549 1349 2569 sermonem
1380 2539 1460 2569 adeo
1491 2539 1531 2570 ab
1560 2539 1711 2580 opinione

248 2595 408 2625 hominum
425 2597 638 2627 abhorrentem
666 2595 797 2636 ingredi.
844 2594 958 2624 Gmu.
982 2594 1055 2629 Quo
1083 2593 1170 2633 plura
1195 2593 1226 2622 in
1254 2593 1334 2623 lrnnc
1350 2593 1534 2623 sententiam
1550 2601 1712 2632 congeres,

246 2658 285 2678 co
312 2649 413 2679 minus
438 2650 601 2681 dimitteris
624 2660 640 2680 a
667 2649 768 2684 nobis,
783 2658 845 2690 quo
868 2647 969 2677 minus
986 2647 1143 2682 ostendas,
1162 2656 1223 2688 qua
1245 2646 1364 2677 ratione
1379 2645 1444 2676 fieri
1461 2645 1559 2687 possit
1575 2646 1641 2676 haec
1665 2656 1710 2676 res

248 2701 387 2743 publicu.
432 2703 536 2740 Quare
552 2703 728 2744 dicas-jam,
744 2713 801 2733 nec
818 2702 896 2732 ultra
918 2701 1082 2732 cuncteris.
1128 2702 1184 2731 So.
1210 2700 1246 2731 In
1265 2700 1369 2741 primis
1386 2699 1560 2730 meminisse
1576 2705 1715 2740 oportet,

248 2758 333 2798 quod
351 2766 406 2787 nos
421 2757 623 2798 inquirentes,
639 2758 730 2799 quale
757 2757 832 2798 quid
844 2755 970 2797 justitia
996 2761 1027 2785 ct
1053 2754 1206 2796 injustitia
1231 2754 1282 2789 sit,
1298 2755 1357 2784 huc
1373 2753 1564 2795 disputando
1579 2753 1708 2784 deveni-

248 2821 329 2841 mus.
387 2809 502 2843 Gmu.
527 2811 661 2852 Oportet
690 2822 775 2842 sanc.
812 2811 866 2841 sed
895 2819 1039 2851 quorsum
1071 2810 1162 2840 haec?
1221 2809 1276 2839 So.
1298 2807 1422 2848 Nempe
1451 2807 1477 2837 si
1506 2807 1599 2848 quale
1629 2807 1707 2848 quid

243 2864 368 2906 justitia
389 2865 428 2895 sit
454 2866 714 2906 conspexerimus,
742 2875 815 2895 num
843 2863 941 2894 virum
966 2862 1085 2904 justum
1114 2863 1310 2893 censebimus
1336 2861 1434 2891 nihilo
1457 2861 1570 2892 dehere
1594 2861 1634 2892 ab
1655 2859 1709 2893 illa

249 2918 384 2954 differre,
411 2919 465 2950 sed
493 2919 584 2950 talem
612 2929 678 2950 esse
699 2919 844 2956 munitio,
872 2917 972 2959 qualis
999 2918 1066 2958 ipsa
1090 2916 1210 2956 justitia
1235 2917 1306 2947 est?
1338 2925 1377 2948 an
1404 2915 1477 2947 satis
1501 2925 1568 2946 esse
1592 2915 1706 2946 sactum
