1840 3225
223 213 271 250 33
807 204 1075 243 PLATONIS
1580 202 1677 259 [333

219 315 311 347 cahat
323 313 418 349 enim,
434 316 468 342 ut
484 313 624 352 apparet,
635 308 754 350 justum
770 318 837 339 esse
852 308 984 339 tribuere
999 308 1084 350 quod
1101 307 1213 349 cuique
1230 307 1388 339 convenit.
1412 307 1472 339 hoc
1487 312 1592 340 autem
1617 310 1674 342 ‹lc-

220 368 320 400 bitum
336 365 519 408 appellavit.
541 373 645 394 verum
660 362 735 404 quid
753 367 843 403 putas
858 363 961 403 ipsum
976 363 1144 398 dicturum,
1160 362 1184 392 si
1201 361 1269 402 quis
1284 372 1355 392 eum
1371 367 1470 402 roget,
1486 361 1516 393 Ο
1541 362 1678 394 Simoni-

221 424 290 460 des,
306 431 448 463 quaenam
464 418 608 454 facultas,
622 421 655 447 et
679 416 803 458 quibus,
818 421 851 447 et
875 416 951 458 quid
976 417 1115 447 tribuens
1141 416 1281 447 debitum
1308 421 1341 447 ct
1361 415 1563 454 conveniens,
1579 416 1680 448 medi-

222 476 294 508 cina
309 473 459 506 vocatur?
483 471 559 514 quid
579 470 668 501 nobis
692 479 909 511 responsurum
938 469 1119 500 existimas?
1164 469 1228 501 Po.
1251 469 1378 511 Nempe
1402 479 1473 511 quae
1498 470 1680 512 corporibus

219 527 459 564 medicamenta,
473 526 573 566 cibos,
588 524 742 566 potiones,
787 523 845 554 So.
868 523 974 564 Atque
989 525 1099 555 codem
1118 529 1210 564 pacto
1226 524 1249 554 si
1272 523 1355 555 idem
1372 528 1583 565 percontetur,
1598 524 1680 561 Quae

222 594 281 624 ars,
297 587 328 613 ct
343 582 466 622 quibus,
484 585 515 611 et
530 579 606 621 quid
622 583 771 620 praestans
787 578 926 608 debitum
944 583 975 608 et
989 578 1191 614 conveniens,
1208 578 1389 619 coquinaria.
1402 577 1593 619 nominatur,
1605 579 1682 620 quid

220 637 268 669 illi
294 635 489 678 potissimum
515 631 742 675 respondebit?
787 631 850 664 Po.
873 631 953 668 Quae
978 631 1085 662 suavia
1111 631 1249 662 obsoniis
1275 632 1488 663 condimenta.
1531 631 1586 663 So.
1610 631 1681 673 Age

219 692 340 733 itaque,
356 700 426 732 quae
442 698 500 726 ars,
517 694 548 719 et
561 686 686 728 quibus,
702 689 734 716 et
745 684 820 726 quid
835 684 1106 735 tribuensjustitia
1117 684 1369 725 nuncupabitur?
1393 685 1455 716 Po.
1469 685 1502 716 Si
1514 690 1586 716 ante
1598 685 1684 716 dicta

223 745 309 787 sequi
326 747 460 786 oportet,
477 752 514 773 ca
526 745 573 772 est
584 739 717 782 justitia,
732 748 801 780 quae
817 737 922 768 amicis
940 737 1123 774 utilitates,
1117 737 1248 768 inimicis
1264 738 1449 769 detrimenta
1457 739 1578 771 seddit.
1624 739 1683 771 So.

223 799 307 840 Ergo
322 799 403 829 bene
419 796 546 831 amicos,
562 794 664 825 male'
657 792 798 824 mimicos
827 791 948 823 afficere
968 790 1123 832 justitiam
1152 791 1242 823 dicit.
1288 792 1350 823 Po.
1374 792 1424 823 Ita
1449 793 1527 824 mihi
1551 793 1685 826 videtur.

222 853 279 884 So.
303 852 384 890 Quis
400 850 532 882 maxime
560 853 662 890 potest
684 846 790 877 morbo
815 845 988 877 laborantes
1014 845 1132 877 amicos
1158 846 1238 877 bene
1263 846 1396 883 afficere,
1411 846 1554 878 inimicos
1579 852 1684 878 autern

224 911 345 946 contra,
361 910 393 937 et
407 905 446 935 ad
462 904 575 934 bonam
591 899 802 932 valetudinem
817 903 849 930 et
864 899 904 929 ad
921 898 1055 929 malam?
1102 898 1164 931 Po.
1189 899 1347 930 Medicus.
1392 899 1449 932 So.
1473 899 1554 937 Quis
1579 905 1685 932 autem

224 960 418 1002 navigantes,
434 959 474 989 ad
490 956 580 988 maris
595 954 791 997 periculum?
837 953 900 984 Po.
923 952 1133 984 Gubernator.
1180 953 1234 984 So.
1256 952 1365 984 Justus
1388 963 1462 984 vero
1489 953 1521 983 in
1546 963 1610 996 qua
1634 964 1686 985 ac-

224 1016 311 1046 tione
327 1018 359 1045 et
373 1014 413 1044 ad
429 1012 513 1054 quod
531 1020 609 1052 opus
625 1008 757 1039 maxime
772 1011 878 1049 potest
893 1005 999 1037 amicis
1017 1007 1177 1048 prodesse,
1193 1006 1327 1038 inimicis
1352 1017 1464 1038 nocere
1478 1007 1489 1037 ?
1533 1007 1595 1040 Po.
1620 1006 1687 1038 Im-

223 1068 396 1111 pugnando
418 1071 450 1097 et
476 1062 718 1106 propugnando,
743 1066 778 1091 ut
801 1060 878 1090 mihi
904 1059 1031 1101 quidem
1058 1060 1193 1092 videtur.
1240 1060 1295 1091 So.
1317 1059 1392 1091 Non
1419 1060 1653 1103 aegrotantibus,
1668 1071 1688 1091 ο

223 1122 322 1154 amice
337 1119 554 1153 Polemarche,
568 1115 709 1147 medicus
723 1120 770 1146 est
790 1113 924 1146 inutilis.
970 1113 1032 1145 Po.
1056 1114 1172 1145 Verum
1197 1114 1285 1146 dicis.
1329 1114 1385 1146 So.
1409 1113 1486 1145 Non
1511 1114 1689 1156 naviganti-

221 1178 280 1208 bus
303 1175 499 1217 gubernator.
546 1170 608 1201 Po.
643 1169 746 1201 Certe.
790 1167 847 1200 So.
880 1166 967 1198 Num
995 1168 1090 1208 igitur
1116 1179 1181 1199 non
1206 1168 1419 1210 pugnantibus
1440 1167 1545 1209 justus
1569 1168 1691 1199 inutilis

223 1230 308 1262 erit?
354 1228 415 1259 Po.
448 1225 543 1256 Haud
571 1225 631 1254 hoc
658 1222 789 1253 admitto
817 1221 977 1263 equidem.
1022 1221 1078 1253 So.
1104 1222 1199 1253 Utilis
1226 1222 1320 1263 igitur
1334 1227 1367 1253 et
1388 1222 1422 1252 in
1444 1232 1524 1264 pace
1548 1221 1687 1263 justitia.
1728 1238 1732 1239 ⁷

226 1284 323 1325 [333]
349 1283 410 1314 Po.
434 1279 541 1311 Utilis.
585 1277 643 1308 So.
658 1275 858 1317 Agricultura
873 1286 999 1317 quoque
1014 1276 1046 1306 in
1065 1286 1143 1316 pace
1158 1275 1257 1308 utilis.
1281 1276 1411 1307 nonne?
1457 1275 1517 1306 Po.
1540 1275 1583 1306 Et
1605 1276 1685 1308 haec.

223 1338 280 1370 So.
303 1337 354 1367 Ad
369 1335 524 1366 fructuum
540 1330 784 1374 perceptionem.
829 1329 892 1360 Po.
913 1329 1007 1360 Sane.
1051 1329 1110 1360 So.
1134 1329 1177 1360 Et
1201 1330 1341 1362 coriaria.
1386 1329 1447 1360 Po.
1471 1328 1600 1370 Utique.
1631 1330 1688 1362 So.

224 1391 278 1422 Ad
302 1393 483 1421 structuram
506 1384 654 1417 videlicet
680 1383 869 1416 calceorum.
914 1382 975 1414 Po.
999 1382 1109 1414 Plane.
1155 1384 1211 1414 So.
1235 1383 1320 1420 Quid
1348 1388 1451 1414 autem
1476 1383 1516 1414 de
1540 1383 1689 1424 justitia?

227 1445 267 1477 ad
282 1454 373 1485 quem
391 1451 480 1472 usum
496 1444 550 1470 aut
564 1442 715 1480 quaestum
731 1448 798 1468 earn
814 1437 846 1467 in
864 1446 940 1477 pace
956 1437 1064 1468 utilem
1093 1436 1203 1468 dices?
1249 1437 1308 1468 Po.
1332 1438 1386 1467 Ad
1412 1437 1609 1474 commercia,
1633 1438 1691 1469 So-

226 1503 335 1530 crates,
379 1495 435 1527 So.
459 1492 655 1526 commercia
668 1502 739 1523 vero
754 1490 832 1522 dicis
847 1491 1164 1522 communicationes?
1189 1490 1238 1521 vel
1258 1491 1343 1521 aliud
1370 1491 1470 1532 quid?
1515 1491 1577 1522 Po.
1600 1491 1691 1522 Istud

226 1552 341 1594 ipsum.
386 1550 442 1580 So.
466 1547 551 1578 Num
566 1547 658 1588 igitur
669 1545 774 1587 justus
789 1545 889 1576 bonus
905 1550 936 1576 et
950 1545 1035 1576 utilis
1047 1545 1105 1576 erit
1120 1545 1151 1575 in
1178 1544 1357 1586 digerendis
1383 1545 1453 1576 talis
1478 1545 1691 1577 communica-

226 1606 296 1638 tor?
319 1615 359 1636 an
374 1603 439 1640 ille,
456 1602 510 1644 qui
524 1600 587 1632 talo
602 1600 704 1631 ludit?
751 1599 813 1630 Po.
835 1598 895 1630 Ille
912 1599 1064 1640 profecto.
1108 1599 1166 1630 So.
1189 1598 1290 1640 Atqui
1306 1599 1338 1630 in
1354 1598 1485 1630 laterum
1508 1599 1690 1641 lapidumve

227 1664 381 1692 structura
395 1656 503 1688 melior
518 1659 550 1686 et
564 1653 669 1685 utilior
684 1653 785 1684 socius
811 1653 879 1693 ipso
907 1653 1077 1684 architecto
1099 1652 1203 1694 justus
1229 1652 1312 1683 erit?
1357 1652 1420 1684 Po.
1443 1652 1590 1685 Minime.
1635 1652 1692 1685 So.

230 1714 294 1745 Sed
309 1713 341 1743 in
356 1722 418 1753 qua
432 1709 653 1742 communione
664 1707 769 1749 justus
784 1707 892 1738 melior
906 1707 976 1744 erit,
992 1718 1085 1748 quam
1112 1707 1280 1743 citharista,
1296 1706 1560 1738 communicator:
1584 1717 1694 1749 quem-

231 1766 400 1799 admodum
416 1761 669 1803 citharistajusto
684 1761 716 1791 in
743 1761 904 1803 pulsandis
929 1761 1052 1792 chordis
1078 1761 1207 1792 utilior?
1254 1760 1316 1792 Po.
1340 1760 1377 1791 In
1404 1765 1545 1802 argento,
1559 1766 1596 1792 ut
1619 1761 1697 1792 mihi

234 1820 369 1852 videtur.
414 1818 471 1849 So.
493 1815 568 1847 Non
583 1821 699 1852 tamen,
715 1826 734 1846 o
761 1815 977 1852 Polemarclie,
992 1816 1031 1846 ad
1057 1815 1208 1846 utendum
1234 1819 1372 1856 argento,
1388 1815 1516 1856 quando
1539 1820 1698 1857 oporteret

232 1884 330 1916 equos
346 1870 440 1903 vendi
455 1874 583 1911 argento
599 1869 646 1900 vel
662 1868 734 1899 emi.
759 1874 834 1900 tunc
848 1879 922 1900 sane
949 1879 1062 1910 mango
1089 1868 1193 1900 utilior
1218 1873 1310 1900 esset.
1334 1878 1373 1899 an
1400 1869 1490 1900 non?
1539 1868 1598 1901 Po.
1623 1868 1695 1910 Ap-

233 1931 332 1970 paret.
378 1924 434 1955 So.
456 1923 498 1954 Et
512 1923 638 1965 quando
653 1922 824 1964 navigium,
838 1922 925 1954 saber
939 1923 1026 1954 navis
1041 1922 1106 1954 sive
1121 1923 1241 1953 nauta?
1286 1921 1348 1954 Po.
1371 1921 1518 1953 Videtur.
1560 1922 1616 1955 So.
1641 1922 1694 1954 Ad

234 1991 327 2023 quem
341 1978 435 2020 igitur
448 1986 643 2008 communem
659 1987 748 2007 usum
763 1977 828 2007 auri
844 1976 891 2007 vel
907 1976 1024 2017 argenti
1037 1975 1141 2017 justus
1155 1975 1223 2006 aliis
1238 1981 1285 2007 est
1299 1975 1426 2007 utilior?
1472 1975 1534 2008 Po.
1557 1977 1696 2014 Quando

234 2035 267 2066 id
282 2035 439 2074 deponere
462 2030 605 2061 volumus
630 2035 661 2060 et
687 2031 804 2062 salvum
829 2040 909 2071 esse,
934 2040 952 2060 o
976 2030 1131 2070 Socrates,
1147 2029 1302 2070 cupimus.
1345 2029 1402 2061 So.
1426 2028 1582 2070 Nunquid
1606 2029 1699 2068 dicis,

235 2087 362 2130 quando
387 2084 464 2116 nihil
490 2088 616 2125 oportet
639 2083 706 2125 ipso
731 2083 790 2124 uti,
804 2084 859 2114 sed
884 2083 1042 2114 condere?
1087 2083 1148 2114 Po.
1174 2083 1314 2114 Prorsus.
1358 2082 1414 2114 So.
1439 2082 1577 2119 Quando
1602 2083 1699 2124 igitur

235 2140 346 2174 inutile
361 2144 410 2170 est
422 2142 595 2179 argentum,
610 2142 685 2170 tunc
700 2137 784 2168 utilis
799 2137 830 2168 in
853 2137 923 2177 ipso
943 2136 1092 2177 justitia?
1139 2135 1201 2166 Po.
1225 2137 1382 2176 Apparet.
1425 2134 1480 2167 So.
1503 2135 1544 2166 Et
1568 2137 1696 2178 quando

235 2196 347 2227 falcem
362 2196 486 2234 oportet
499 2189 797 2230 custodiri,justitia
811 2189 894 2220 utilis
919 2194 967 2220 est
990 2194 1022 2219 et
1045 2188 1186 2228 privatim
1213 2193 1245 2218 et
1269 2187 1416 2228 publice:
1441 2189 1568 2230 quando
1591 2195 1696 2222 autem

237 2250 296 2289 uti,
310 2247 468 2278 vinearum
483 2244 603 2276 cultura
619 2243 630 2273 ?
675 2243 738 2275 Po.
763 2242 867 2274 Patet.
911 2243 967 2273 So.
992 2241 1089 2273 Dices
1106 2246 1266 2282 praeterea,
1280 2251 1351 2272 cum
1366 2241 1514 2283 clypeum
1541 2247 1574 2274 et
1596 2243 1695 2285 lyram

237 2313 317 2344 opus
332 2305 380 2332 est
392 2297 560 2334 custodire,
575 2306 638 2328 non
653 2300 756 2327 autem
772 2295 803 2326 in
818 2305 907 2326 usum
923 2305 1074 2336 promere,
1091 2293 1197 2324 utilem
1213 2293 1447 2335 essejustitiam
1462 2295 1473 2325 ?
1496 2296 1624 2336 quando
1638 2307 1695 2328 au·

238 2361 301 2387 tem
312 2355 359 2386 uti
370 2353 417 2384 his
428 2352 663 2392 volumus,tunc
674 2348 872 2391 disciplinam
885 2359 1035 2380 armorum
1049 2353 1080 2379 et
1092 2347 1238 2378 musicam
1251 2357 1317 2379 esse
1327 2346 1459 2379 utilem?
1482 2348 1543 2382 Po.
1558 2348 1698 2383 Necesse

238 2414 296 2441 est.
341 2408 397 2439 So.
422 2405 529 2448 Atque
543 2404 583 2435 de
598 2403 666 2435 aliis
681 2403 824 2435 omnibus
839 2402 978 2434 similiter
991 2407 1038 2434 est
1052 2402 1241 2433 dicendum:
1262 2401 1418 2442 justitiam
1442 2402 1562 2435 scilicet
1581 2403 1615 2435 in
1639 2415 1698 2436 usu

239 2472 337 2494 rerum
353 2459 494 2492 inutilem
509 2469 575 2490 esse
588 2469 597 2498 ;
612 2458 738 2500 quando
754 2467 825 2488 vero
840 2467 903 2487 non
919 2457 1044 2493 utimur,
1059 2466 1125 2487 esse
1141 2455 1248 2486 utilem
1263 2455 1274 2485 ἓ
1298 2454 1359 2487 Po.
1375 2455 1530 2497 Apparet.
1552 2456 1608 2489 So.
1620 2456 1699 2489 Non

239 2515 338 2547 multo
353 2514 446 2555 igitur
459 2513 576 2549 studio,
590 2523 608 2543 ο
624 2511 734 2552 amice,
749 2511 844 2553 digna
858 2510 1049 2552 estjustitia,
1064 2510 1088 2541 si
1104 2515 1223 2540 tantum
1239 2509 1279 2540 sit
1293 2510 1331 2540 ad
1345 2509 1468 2542 inutilia
1482 2510 1579 2542 utilis.
1592 2521 1698 2542 verum

239 2570 300 2600 hoc
314 2567 556 2599 consideremus.
602 2565 718 2597 Nonne
733 2565 786 2607 qui
801 2565 978 2606 aptissimus
992 2565 1031 2595 ad
1055 2563 1294 2606 percutiendum
1319 2568 1368 2595 est
1392 2563 1422 2595 in
1439 2574 1547 2606 pugna
1559 2564 1624 2596 sive
1639 2575 1700 2606 pu-

240 2621 296 2665 gili
311 2631 365 2652 scu
380 2620 488 2662 quavis
502 2620 573 2657 alia,
589 2619 670 2650 idem
685 2629 811 2660 quoque
825 2624 858 2650 et
871 2619 909 2649 ad
927 2618 1099 2650 cavendum
1113 2618 1123 2648 ?
1147 2617 1206 2649 Po.
1228 2617 1356 2649 Prorsus
1377 2617 1517 2659 quidem.
1540 2617 1594 2650 So.
1610 2617 1698 2650 Num

239 2675 333 2717 igitur
347 2678 380 2705 et
394 2673 531 2704 morbum
547 2672 727 2715 quicunque
741 2673 837 2704 vitare
851 2677 884 2704 et
897 2673 1051 2704 occultare
1068 2671 1193 2714 poterit,
1208 2671 1290 2703 idem
1305 2679 1338 2703 et
1351 2671 1462 2703 inferre
1476 2671 1614 2703 valebit?
1636 2671 1699 2704 Po.

241 2728 325 2761 Mihi
339 2727 466 2769 quidem
480 2726 612 2757 videtur.
656 2727 709 2757 So.
734 2727 834 2769 Atqui
848 2727 998 2758 exercitus
1023 2726 1120 2768 [334]
1146 2725 1338 2767 ipsiusidem
1353 2725 1490 2766 optimus
1513 2730 1562 2757 est
1582 2730 1700 2760 custos,

242 2782 296 2824 qui
310 2781 444 2812 hostium
460 2785 492 2811 et
505 2780 634 2811 consilia
649 2786 681 2811 ct
694 2781 768 2812 alias
792 2781 929 2813 actiones
950 2781 1078 2812 furatur.
1125 2781 1186 2811 Po.
1209 2780 1262 2812 Sic
1287 2785 1335 2811 est
1359 2779 1513 2822 profecto.
1556 2779 1613 2810 So.
1636 2778 1703 2810 Cu-

241 2835 419 2876 juscuuquc
433 2844 506 2876 crgo
520 2834 589 2875 quis
603 2839 694 2876 aptus
708 2841 755 2866 est
768 2841 885 2877 custos,
900 2835 1039 2877 ejusdem
1058 2840 1088 2866 ct
1102 2835 1150 2866 fur
1165 2840 1210 2866 est
1226 2839 1329 2876 aptus.
1373 2833 1436 2865 Po.
1457 2832 1611 2875 Apparet.
1641 2831 1700 2865 So.

246 2888 328 2930 Ergo
343 2889 368 2919 si
384 2888 512 2920 maxime
535 2898 652 2920 servare
679 2895 837 2931 argentum
864 2891 977 2933 poterit
996 2890 1109 2930 justus,
1126 2889 1239 2931 poterit
1264 2894 1294 2921 et
1318 2888 1422 2920 furari.
1465 2887 1525 2919 Po.
1548 2886 1597 2920 Ita
1623 2886 1700 2918 ratio
