1840 3225
153 228 247 279 346]
591 227 663 266 DE
694 224 1002 264 REPUBLICA
1034 224 1133 264 LIB.
1165 225 1195 263 1.
1564 226 1616 265 95

152 331 236 372 quod
254 334 286 360 tu
302 334 332 361 te
347 329 424 361 scire
440 329 579 361 affirmas.
625 329 700 365 Sed,
717 339 735 359 o
751 329 832 359 bone
849 327 905 367 vir,
923 327 1056 358 libenter
1071 328 1130 359 hoc
1146 327 1236 358 nobis
1250 327 1391 359 ostende.
1416 339 1517 370 neque
1533 330 1617 360 enim

154 385 233 416 male
249 384 396 416 locaveris
412 383 609 422 beneficium,
621 383 706 424 quod
723 382 825 421 nobis,
841 382 893 423 qui
911 386 957 411 tot
980 382 1086 421 simus,
1103 382 1283 413 contuleris.
1329 381 1442 413 Dicam
1458 382 1617 423 equidem,

154 440 238 481 quod
255 438 378 470 sentio:
404 447 599 480 nequaquam
626 436 723 478 [345]
749 436 823 466 mihi
840 436 1007 477 persuades
1031 436 1216 477 injustitiam
1234 436 1334 477 majus
1349 447 1441 478 quam
1460 436 1615 478 justitiam

154 494 272 525 lucrum
289 492 408 534 afferre,
423 491 543 523 etiamsi
567 491 666 521 omnis
683 491 740 521 sibi
766 490 892 522 licentia
916 491 1100 531 praebeatur,
1116 495 1150 520 ut
1165 500 1362 531 quaecunque
1376 490 1476 532 cupit,
1491 490 1618 526 efficiat,

152 553 219 578 esto
236 547 368 589 injustus
392 546 516 588 aliquis,
532 545 692 587 possitque
717 544 861 586 injuriam
885 543 986 575 facere
1010 543 1058 574 vel
1083 543 1187 574 furtim
1212 544 1260 574 vel
1285 544 1327 578 vi.
1344 550 1526 574 nontamen
1543 543 1617 574 milri

154 602 266 632 suades
282 601 381 643 majus
395 611 462 631 esse
479 601 509 630 in
527 600 594 641 ipsa
607 599 764 640 injustitia
792 609 884 639 quam
896 597 1022 639 justitia
1045 597 1176 634 lucrum,
1198 608 1260 638 qua
1274 598 1400 639 quidem
1415 598 1448 627 in
1465 596 1619 628 sententia

153 666 217 686 non
232 665 290 696 ego
305 659 424 685 tantum
440 653 581 693 fortasse,
595 654 651 684 sed
666 653 745 683 alius
760 652 870 693 aliquis
887 657 1025 682 nostruin
1041 657 1098 682 est.
1123 651 1274 691 persuade
1290 651 1396 692 itaque
1411 651 1513 688 nobis,
1526 652 1617 682 beate

155 708 212 745 vir,
229 718 290 738 non
307 707 555 749 rectejttstitiam
571 707 666 748 pluris
681 717 773 748 quam
790 706 975 747 injustitiam
999 706 1121 736 fecisse.
1163 705 1278 735 Trina.
1302 705 1470 742 Quomodo
1486 705 1620 746 amplius

155 762 360 804 persuadebO,
377 761 403 792 si
417 761 475 798 bis,
490 772 560 803 quae
576 757 669 792 inodo
684 761 840 795 dicebam,
856 770 919 790 non
933 770 965 790 es
978 759 1164 800 persuasus?
1179 759 1328 800 quidnam
1343 759 1469 789 ulterius
1482 758 1618 790 faciam?

154 827 194 847 an
210 816 242 847 in
258 816 394 846 animum
411 816 467 846 tibi
483 825 653 846 sermonem
670 815 840 856 impingam
855 816 866 844 ?
912 814 968 845 So.
992 813 1125 844 Minime
1139 824 1193 854 per
1203 813 1327 844 Jovem.
1342 813 1395 843 scd
1412 813 1471 843 hoc
1487 812 1618 853 primum

154 870 258 911 velim,
275 875 312 900 ut
325 869 417 901 dictis
433 879 556 900 maneas
574 881 581 899 :
607 869 654 900 vel
680 869 705 899 si
722 869 798 910 quid
813 869 975 898 immutare
1000 868 1057 903 vis,
1073 867 1134 899 hoc
1157 867 1259 908 palam
1275 867 1381 902 faciam,
1397 876 1475 897 neve
1491 876 1548 895 nos
1563 865 1619 895 de-

151 925 262 966 cipias.
305 924 401 955 Nunc
418 929 520 955 autem
537 924 634 961 vides,
660 923 904 964 Thrasymaclie‚
931 927 967 952 ut
989 922 1148 963 superiora
1172 921 1282 952 iterum
1308 929 1508 955 resumamus,
1531 918 1617 960 quod

151 989 221 1009 cum
239 978 338 1019 primo
355 989 458 1009 verum
477 978 629 1008 medicum
646 977 806 1008 definisses
819 976 1033 1018 aegrotantium
1047 981 1230 1016 curatorem,
1243 975 1358 1006 deinde
1368 985 1430 1005 non
1445 974 1487 1004 ita
1499 973 1617 1003 sincere

151 1037 305 1074 pastorem
322 1032 535 1063 definiendum
551 1032 679 1073 putasti,
703 1036 750 1072 ut,
766 1037 919 1072 quatenus
940 1035 1047 1072 pastor
1069 1035 1127 1066 est,
1143 1030 1304 1060 dumtaxat
1318 1028 1494 1059 custodiat:
1523 1027 1616 1057 immo

152 1097 278 1127 pascere
294 1086 396 1127 ipsum
413 1096 499 1124 oves,
515 1091 664 1127 quantum
681 1091 728 1116 est
743 1090 859 1126 pastor,
876 1085 1041 1115 arbitratus
1056 1095 1088 1114 es
1103 1094 1166 1114 non
1182 1084 1220 1113 ad
1238 1083 1342 1113 ovium
1358 1082 1535 1117 utilitatem,
1559 1080 1615 1110 sed

152 1140 192 1170 ad
209 1140 384 1180 voraginem
401 1139 517 1180 potius,
536 1150 597 1170 non
614 1144 759 1181 tanquam
776 1144 942 1180 pastorem,
965 1138 1019 1168 sed
1036 1137 1211 1173 convivam,
1235 1136 1289 1178 qui
1305 1136 1389 1167 vesci
1405 1136 1518 1166 debeat
1532 1145 1541 1174 ;
1567 1134 1616 1164 vel

150 1194 294 1235 pecuniae
308 1195 499 1228 studiosum,
521 1193 574 1235 qui
592 1194 631 1224 sit
645 1193 836 1224 venditurus.
882 1191 1029 1223 Profecto
1041 1190 1186 1233 pastorali
1197 1191 1254 1221 arti
1268 1190 1343 1221 nihil
1361 1190 1446 1220 aliud
1464 1199 1544 1220 curte
1557 1194 1616 1223 est,

150 1258 242 1289 quam
252 1248 426 1288 utid,quod
439 1247 587 1284 custodit,
598 1258 629 1278 se
638 1247 756 1288 optime
770 1247 894 1282 habeat,
905 1256 975 1276 nam
985 1245 1056 1287 ipsi,
1065 1251 1219 1286 quatenus
1232 1255 1301 1275 vera
1310 1244 1472 1286 pastoralis
1481 1243 1613 1274 facultas

149 1306 207 1340 est,
221 1301 297 1331 niliil
312 1301 410 1340 deest,
421 1312 483 1342 quo
497 1301 597 1331 minus
609 1300 763 1331 sufficiens
774 1300 814 1331 sit
828 1305 860 1332 et
872 1300 1003 1341 optima.
1027 1300 1079 1330 Sic
1095 1309 1154 1339 ego
1167 1299 1315 1340 putabam
1332 1308 1459 1328 necesse
1475 1307 1542 1328 esse
1559 1307 1615 1327 nos

150 1354 304 1394 confiteri,
327 1364 578 1396 unumquemque
605 1353 827 1396 principatum,
842 1353 876 1384 in
901 1364 939 1384 eo
965 1353 1049 1394 quod
1067 1352 1259 1394 principatus
1283 1352 1334 1387 sit,
1356 1351 1472 1381 nullius
1487 1350 1613 1381 alterius

150 1409 266 1439 bonum
289 1408 478 1450 prospicere,
492 1407 552 1438 nisi
566 1408 645 1449 ejus,
660 1408 745 1449 quod
762 1409 818 1438 sub
833 1408 889 1439 illo
905 1407 946 1438 sit
962 1412 994 1438 et
1010 1407 1048 1437 ab
1063 1417 1101 1437 eo
1117 1411 1251 1442 curetur,
1267 1405 1332 1436 sive
1348 1405 1486 1446 privatus
1501 1409 1532 1435 et
1547 1403 1613 1434 sive

149 1461 303 1503 publicus.
329 1467 361 1492 tu
377 1467 480 1492 autem
497 1461 654 1503 principes
670 1461 701 1491 in
718 1460 907 1498 civitatibus,
923 1460 978 1502 qui
992 1471 1062 1491 vere
1086 1459 1241 1501 principes
1264 1459 1337 1496 sint,
1352 1459 1533 1489 volentesne
1548 1468 1613 1488 ma-

149 1515 326 1557 gistratibus
339 1516 424 1557 fungi
440 1516 551 1557 putas?
595 1515 710 1546 THRA.
734 1514 942 1557 Nequaquam
954 1519 1045 1556 puto,
1057 1515 1111 1545 sed
1123 1520 1206 1545 certe
1218 1513 1294 1545 scio.
1340 1513 1396 1543 So.
1421 1512 1507 1549 Quid
1519 1522 1589 1542 vero
1603 1512 1615 1542 ?

151 1568 228 1600 alios
244 1569 435 1610 principatus
450 1580 556 1600 nonne
572 1569 655 1599 nosti
677 1569 832 1600 nemiuem
848 1569 1004 1599 volentem
1028 1568 1182 1609 accipere,
1197 1568 1251 1598 sed
1268 1567 1428 1609 praemium
1443 1576 1480 1596 ex
1495 1565 1543 1596 his
1566 1576 1614 1596 re-

151 1623 283 1664 quirere,
298 1623 386 1664 quasi
401 1623 487 1653 nulla
502 1622 561 1653 sibi
576 1634 613 1654 ex
628 1623 758 1664 imperio
775 1623 842 1659 tali,
859 1623 912 1654 sed
928 1622 1078 1663 subjectis
1095 1621 1199 1664 potius
1215 1621 1254 1652 sit
1270 1621 1385 1651 utilitas
1401 1624 1589 1662 proventura
1603 1620 1614 1649 ?

154 1676 250 1718 [340]
277 1676 340 1707 Dic
356 1687 425 1718 age,
441 1687 546 1707 nonne
571 1677 727 1718 quaslibet
749 1676 831 1707 inter
845 1687 878 1707 se
894 1681 974 1707 artes
997 1677 1132 1707 diversas
1148 1686 1185 1706 ex
1200 1686 1238 1706 eo
1254 1674 1396 1710 dicimus,
1412 1674 1496 1715 quod
1512 1673 1616 1704 diver-

153 1740 217 1761 sam
233 1730 312 1760 inter
326 1740 358 1761 se
373 1731 490 1761 habent
504 1730 676 1772 potentiam
693 1731 703 1761 ?
720 1741 823 1771 neque
840 1730 927 1767 mihi,
942 1730 986 1760 vir
1001 1730 1086 1766 felix,
1098 1734 1209 1771 praeter
1220 1729 1400 1770 opinionem
1413 1728 1615 1769 respondeas,

151 1788 186 1814 ut
201 1783 317 1825 aliquid
336 1784 543 1825 perficiamus.
587 1784 703 1823 Tun-A.
727 1784 798 1816 Hoc
826 1784 894 1825 ipso
920 1783 1068 1815 videlicet
1089 1784 1228 1814 alteram.
1273 1783 1330 1813 So.
1353 1781 1404 1812 An
1420 1792 1483 1812 non
1499 1781 1616 1812 utilita-

152 1842 214 1868 tem
243 1848 438 1879 unaquaeque
467 1839 621 1880 propriam
650 1839 741 1869 nobis
766 1838 902 1880 aliquam
928 1839 1058 1880 praebet,
1085 1843 1118 1868 et
1138 1848 1202 1868 non
1226 1847 1421 1868 communem
1444 1846 1513 1866 cum
1529 1834 1615 1865 alia?
1657 1838 1661 1839 ⁷

151 1892 413 1932 quemadmodum
441 1892 596 1924 medicina
619 1893 746 1934 quidem
771 1893 948 1934 sanitatem,
978 1891 1196 1934 gubernatoria
1222 1891 1254 1921 in
1277 1890 1455 1931 navigando
1470 1889 1614 1926 salutem,

151 1945 282 1987 aliaeque
301 1945 450 1978 similiter.
495 1946 608 1977 Tium.
632 1946 760 1977 Prorsus
789 1947 928 1987 quidem.
974 1946 1031 1979 So.
1056 1945 1173 1976 Nonne
1188 1950 1220 1976 et
1243 1945 1376 1986 pretium
1403 1942 1615 1974 mercenaria?

149 1999 216 2030 haec
232 1999 314 2029 euim
329 1999 412 2030 illius
428 2000 580 2041 potentia.
603 2010 642 2030 an
660 2000 846 2031 medicinam
862 2007 895 2031 tu
919 2005 951 2031 et
966 1999 1213 2041 gubernatoriam
1229 1998 1360 2029 eandem
1385 1997 1500 2028 vocas?
1524 1996 1572 2028 vel
1590 1995 1616 2027 si

151 2052 277 2093 quidem
295 2053 368 2084 velis
389 2053 560 2084 absolutius
576 2054 705 2085 definire
721 2060 813 2097 atque
829 2054 1030 2096 distinguere,
1056 2053 1318 2096 quemadmodum
1333 2051 1478 2087 statuisti,
1495 2050 1615 2081 etiamsi

149 2107 219 2147 quis
235 2117 344 2137 navem
360 2108 534 2148 gubernans
550 2118 641 2138 sanus
657 2108 817 2145 efficiatur,
833 2120 871 2140 eo
887 2109 971 2150 quod
990 2109 1046 2139 sibi
1062 2108 1221 2149 navigatio
1235 2107 1386 2143 conferat,
1402 2105 1499 2136 nihilo
1515 2104 1613 2145 magis

151 2166 255 2192 tamen
271 2162 310 2191 ob
325 2162 386 2192 hoc
401 2162 648 2203 gubernatoriarn
666 2162 765 2205 ipsam
790 2163 977 2195 medicinam
1001 2162 1148 2195 vocabis?
1192 2162 1306 2192 Turris.
1329 2159 1403 2191 Non
1418 2164 1512 2192 certe.
1556 2158 1611 2189 So.

149 2213 266 2256 Neque
292 2215 396 2252 etiam,
424 2222 457 2246 ut
480 2216 619 2254 arbitror,
643 2218 875 2254 mercenariam,
898 2217 921 2248 si
938 2218 1006 2259 quis
1031 2215 1235 2248 mercenarius
1250 2215 1318 2256 ipso
1335 2213 1504 2244 ministerio
1520 2222 1613 2243 sanus

149 2267 307 2300 efficiatur.
350 2270 464 2303 Tum.
487 2270 601 2312 Neque
625 2272 717 2303 hanc.
763 2272 817 2303 So.
841 2272 928 2309 Quid
956 2277 1059 2302 autem
1073 2271 1083 2301 ?
1107 2270 1294 2301 medicinam
1324 2267 1555 2302 mercenariam,
1587 2265 1614 2296 si

150 2321 219 2363 quis
235 2324 392 2355 medicans
407 2329 558 2366 quaestum
575 2324 669 2357 faciat
685 2326 696 2356 ?
740 2326 854 2358 Tum.
880 2326 1027 2357 Minime.
1073 2325 1131 2356 So.
1153 2323 1269 2354 Nonne
1283 2328 1314 2354 et
1327 2321 1492 2353 utilitatem
1509 2319 1614 2360 cujus-

151 2375 228 2406 libet:
256 2377 328 2407 artis
358 2378 510 2419 propriam
542 2380 698 2421 quandam
729 2391 796 2411 esse
826 2380 1035 2411 concessimus
1049 2379 1060 2409 ?
1103 2378 1218 2409 THRA.
1243 2377 1330 2408 Esto.
1377 2376 1433 2406 So.
1457 2375 1489 2405 Si
1519 2383 1612 2415 quam

152 2429 245 2471 igitur
269 2431 434 2462 utilitatem
461 2434 665 2464 communiter
691 2434 913 2466 nanciscuntur
938 2443 1046 2464 omnes
1073 2432 1216 2468 artifices,
1244 2435 1331 2472 patet
1355 2429 1440 2471 quod
1456 2426 1613 2459 communi

152 2485 287 2525 quodam
305 2495 366 2515 uno
381 2486 554 2528 codemque
578 2493 713 2525 utentes,
728 2499 764 2519 ex
781 2499 819 2519 eo
836 2488 1002 2518 utilitatem
1026 2486 1204 2528 hujusmodi
1219 2484 1451 2515 nanciscuntur.
1494 2481 1611 2511 Tum.

151 2537 296 2568 Videtur.
342 2539 396 2569 So.
420 2539 562 2571 Dicimus
579 2547 682 2572 autem
698 2542 829 2573 artifices
853 2542 1025 2573 mercedem
1051 2540 1252 2580 accipientes,
1275 2537 1440 2568 utilitatem
1464 2534 1613 2575 consequi

149 2601 186 2622 ex
203 2602 240 2622 eo
257 2593 340 2633 quod
357 2594 544 2624 mercenaria
567 2601 630 2626 arte
654 2597 803 2626 utuntur?
848 2596 965 2627 Turm-
989 2595 1075 2632 Quid
1100 2593 1189 2624 tum?
1235 2592 1292 2623 S0.
1316 2591 1390 2622 Non
1414 2590 1508 2631 igitur
1523 2599 1540 2619 a
1557 2600 1612 2619 sua

150 2650 214 2675 arte
228 2646 340 2688 cuique
357 2647 471 2678 utilitas
487 2649 566 2685 haec,
583 2648 703 2681 scilicet
718 2650 836 2691 praemii
851 2650 1006 2692 acceptio,
1024 2648 1184 2690 provenit:
1211 2646 1264 2677 sed
1282 2645 1307 2676 si
1324 2645 1464 2675 volumus
1478 2643 1614 2685 diligen-

153 2703 198 2730 ter
211 2699 377 2742 inquirere,
394 2702 547 2733 medicina
564 2703 689 2744 quidem
713 2704 875 2735 sanitatem
902 2704 992 2744 parit,
1018 2701 1202 2734 mercenaria
1219 2704 1370 2740 quaestum
1384 2709 1392 2737 ;
1417 2703 1449 2728 et
1464 2698 1614 2728 architec-

152 2758 219 2783 tura
234 2754 411 2791 aedificium,
426 2757 611 2797 quaestuaria
626 2767 697 2787 vero
711 2758 790 2789 hane
803 2763 909 2789 secuta
927 2757 1098 2788 mercedem
1112 2766 1122 2795 ;
1136 2760 1167 2785 et
1182 2754 1307 2795 reliquae
1324 2762 1433 2783 omnes
1449 2751 1588 2781 similiter
1604 2762 1611 2780 ε

151 2816 238 2836 Suum
262 2818 350 2849 porro
367 2819 500 2851 quaeque
515 2820 593 2850 opus
609 2810 743 2852 perficit,
769 2816 801 2842 et
823 2811 944 2842 confert
970 2811 1013 2840 illi
1039 2811 1078 2840 ad
1101 2809 1185 2850 quod
1209 2813 1256 2838 est
1270 2807 1410 2838 inventa.
1451 2805 1482 2835 Si
1507 2810 1611 2834 autem

151 2861 309 2899 praemium
323 2862 385 2903 ipsi
401 2863 519 2894 nullum
536 2864 639 2905 detur,
654 2875 727 2896 uum
745 2865 852 2896 artifex
871 2865 1034 2895 utilitatem
1052 2864 1090 2894 ab
1107 2868 1171 2893 arte
1184 2862 1319 2903 aliquam
1335 2859 1473 2899 accipit?
1495 2859 1610 2889 Tum.

151 2912 290 2947 Nullam.
335 2916 389 2948 So.
414 2917 467 2948 Au
491 2917 586 2959 igitur
610 2928 712 2960 neque
729 2919 822 2950 etiam
839 2920 965 2960 prodest
987 2924 1075 2959 tunc,
1091 2928 1160 2949 cum
1178 2916 1270 2958 gratis
1286 2913 1453 2956 operatur?
1497 2912 1610 2943 Tum.
