1840 3225
160 229 256 280 919]
632 228 704 266 DE
735 225 964 266 LEGIBUS
996 227 1094 266 LIB.
1127 229 1197 267 XI.
1556 230 1637 268 425.

162 332 233 364 aliis
256 342 311 364 eos
336 332 481 368 dicimus,
503 332 557 374 qui
579 332 650 363 aliis
670 335 832 373 praestant,
857 335 894 361 ut
907 330 1044 362 seniores
1059 331 1265 363 communiter
1283 331 1474 373 junioribus,
1491 337 1634 373 parentes

162 387 258 424 natis,
273 386 332 418 viri
348 386 527 418 mulieribus
541 393 636 428 atque
651 385 769 428 pueris,
784 384 944 427 principes
959 385 1104 416 subditis.
1126 396 1206 426 quos
1230 387 1366 417 revereri
1390 396 1448 429 par
1471 391 1531 423 est,
1558 396 1631 418 cum

163 440 197 472 in
211 441 298 472 omni
312 441 501 483 principatu,
518 445 584 471 tum
598 441 648 471 vel
664 441 799 470 maxime
816 440 849 469 in
862 439 947 469 civili
963 451 969 468 :
994 439 1085 480 cujus
1101 439 1201 480 gratia
1215 440 1247 470 in
1264 441 1345 471 hunc
1361 451 1538 472 sermonem
1553 440 1634 471 inci-

162 495 277 527 dimus.
300 495 479 537 quicunque
504 495 589 525 enim
616 494 736 535 aliquid
772 494 807 524 in
847 493 914 524 foro
942 493 1108 529 adulterat,
1133 495 1284 524 mentitur
1313 500 1397 525 certe
1423 505 1459 526 ac
1490 495 1609 536 decipit
1624 507 1630 524 :

163 549 298 592 Diisque
315 549 476 581 advocatis
498 548 645 579 adversus
661 558 762 579 rerum
777 547 937 578 venalium
953 552 1113 578 curatores
1130 557 1296 590 eorumque
1318 549 1390 591 jura
1413 548 1548 590 pejerat.
1572 559 1635 590 qua

163 609 251 635 certe
277 605 310 635 in
335 615 369 636 re
392 614 453 635 nec
478 603 620 634 homines
642 607 768 633 veretur
787 612 848 633 nec
873 601 964 632 Deos
986 602 1075 634 colit.
1119 602 1263 643 AEquum
1289 603 1431 644 profecto
1447 608 1495 633 est
1508 603 1636 634 nomina

164 658 306 689 Deorum
322 668 385 689 non
399 657 494 688 facile
508 657 684 699 inquinare,
699 666 759 688 nec
772 666 811 688 ea
830 657 892 688 huc
907 661 1002 697 atque
1027 656 1104 686 illuc
1130 656 1320 687 devolvere:
1346 657 1403 688 sed
1427 657 1542 693 omnia,
1563 668 1634 699 quae

161 711 203 742 ad
219 712 309 743 Deos
319 711 490 754 pertinent,
505 721 582 753 pure
597 718 747 753 casteque
763 720 896 741 servare.
919 711 974 751 qui
996 709 1047 740 his
1074 710 1246 741 rationibus
1260 721 1323 741 non
1338 711 1556 753 persuadetur,
1572 712 1633 742 hac

160 765 231 806 lege
246 772 393 807 urgeatur
409 777 416 795 :
441 766 495 807 qui
508 764 620 797 vendit
632 765 666 796 in
679 765 747 796 foro
759 764 891 807 aliquid,
904 774 1067 806 nunquam
1078 774 1142 796 suae
1154 765 1200 796 rei
1209 765 1334 796 venalis
1346 767 1408 797 duo
1419 765 1520 807 pretia
1530 766 1634 806 dicat;

159 819 218 849 sed
234 829 307 850 cum
322 819 458 861 simplex
473 819 658 862 imposuerit
671 819 806 861 pretium
810 842 820 857 ,
835 819 862 850 si
878 829 941 850 non
956 819 1136 850 vendiderit
1148 819 1263 850 referat
1274 820 1399 856 iterum,
1410 825 1443 851 et
1455 819 1568 851 eadem
1581 819 1632 851 die

157 882 218 903 uec
237 872 338 912 majus
351 883 412 904 nec
426 873 531 904 minus
545 874 681 915 pretium
693 877 793 915 petat.
816 873 886 904 laus
898 878 1003 904 autem
1028 873 1075 904 rei
1098 873 1220 905 venalis
1243 878 1276 905 et
1300 874 1514 915 juramentum
1539 875 1634 915 longe

157 926 252 959 absit.
276 937 349 958 eum
364 937 450 964 vero,
465 928 520 969 qui
534 928 616 959 hanc
628 927 734 969 legem
744 928 982 968 transgreditur,
1006 927 1138 969 quilibet
1162 928 1251 965 civis,
1270 938 1333 959 non
1356 929 1519 970 pauciores
1540 938 1633 969 quam

155 980 289 1022 triginta
298 987 391 1012 natus
405 992 517 1019 annos,
532 992 604 1013 curn
614 982 779 1022 jurantem
794 982 938 1018 audierit,
953 982 1079 1024 impune
1095 982 1274 1013 verberibus
1289 982 1401 1015 caedat.
1428 983 1513 1024 quod
1527 982 1551 1013 si
1568 993 1634 1013 non

157 1035 281 1071 fecerit,
306 1036 414 1076 legum
441 1035 580 1077 proditor
603 1036 766 1067 habeatur.
787 1046 859 1067 eum
882 1046 968 1073 vero,
994 1037 1049 1078 qui
1075 1037 1139 1078 legi
1150 1047 1212 1068 non
1229 1037 1492 1078 obtemperaverit
1506 1047 1634 1078 remque

156 1089 366 1120 adulteratam
382 1090 573 1126 vendiderit,
589 1090 767 1132 quicunque
781 1089 918 1121 advertit
932 1096 1113 1132 potestque,
1132 1096 1240 1132 arguat
1253 1103 1259 1120 :
1284 1097 1318 1122 et
1329 1091 1383 1133 qui
1396 1101 1501 1122 coram
1516 1092 1635 1133 magis-

156 1143 292 1174 tratibus
305 1144 511 1185 redarguerit,
526 1154 634 1176 servus
649 1144 779 1185 quidem
794 1150 848 1175 aut
861 1145 1032 1186 inquilinus
1044 1156 1110 1176 rem
1126 1145 1336 1176 adulteratam
1351 1155 1456 1177 secum
1483 1150 1637 1187 asportet.

157 1197 236 1229 civis
260 1208 347 1236 vero,
366 1198 393 1229 si
414 1209 563 1230 accusare
585 1199 775 1240 neglexerit,
800 1199 891 1240 quasi
915 1199 989 1230 Diis
1005 1200 1197 1237 substulerit‚
1212 1200 1374 1241 improbus
1387 1199 1559 1231 habeatur:
1584 1200 1634 1231 sin

153 1252 348 1283 accusaverit
382 1253 628 1295 conviceritque,
654 1253 739 1290 Diis,
767 1254 822 1295 qui
845 1253 914 1285 foro
937 1259 1090 1295 praesunt‚
1112 1254 1249 1285 dedicet.
1273 1254 1366 1295 hujus
1396 1260 1502 1285 autem
1516 1255 1564 1285 rei
1579 1254 1636 1296 qui

157 1305 377 1347 deprehensus
390 1307 486 1338 fuerit
496 1307 664 1339 manifeste
677 1307 833 1344 venditor,
847 1318 911 1339 non
926 1309 1028 1340 solum
1049 1318 1083 1339 re
1104 1308 1176 1350 ipsa
1189 1309 1339 1350 privetur,
1355 1319 1464 1339 verum
1476 1309 1570 1339 etiam
1586 1314 1635 1339 tot

155 1360 340 1391 verberibus
363 1361 490 1403 publice
512 1362 662 1399 caedatur,
686 1366 762 1403 quot
786 1361 943 1393 drachmis
965 1363 1125 1394 vendebat
1137 1374 1146 1402 ;
1169 1373 1349 1403 praeconum
1366 1373 1444 1393 voce
1460 1373 1564 1399 causa,
1580 1373 1638 1394 cur

156 1414 346 1452 verberetur,
376 1415 546 1447 declarata.
569 1415 627 1446 sed
653 1415 861 1446 vendentium
885 1426 1013 1447 omnem
1051 1416 1204 1448 malitiam
1233 1416 1544 1458 adulterationesque
1571 1416 1634 1458 ipsi

152 1478 258 1500 rerum
284 1469 444 1500 venalium
466 1475 623 1501 curatores
650 1470 860 1511 custodesque
882 1469 990 1510 legum
1013 1470 1053 1500 ab
1081 1469 1261 1500 hominibus
1276 1471 1388 1501 harum
1403 1480 1507 1501 rerum
1522 1470 1633 1511 peritis

155 1521 327 1564 diligenter
340 1523 501 1565 inquirant
517 1535 525 1554 ε
549 1528 583 1554 et
595 1524 629 1554 in
645 1524 795 1554 columna
810 1523 1004 1565 conscriptas
1029 1523 1063 1554 in
1078 1523 1145 1554 foro
1161 1529 1352 1565 proponant,
1369 1529 1405 1554 ut
1419 1524 1513 1565 plane
1529 1534 1567 1555 ex
1584 1525 1635 1555 his

155 1582 277 1618 pateat,
293 1578 369 1619 quid
385 1582 529 1619 oporteat
542 1582 576 1609 et
590 1577 667 1620 quid
681 1588 745 1609 non
758 1578 934 1609 vendentes
949 1577 1066 1608 facere.
1090 1576 1188 1620 [918]
1213 1578 1254 1608 de
1270 1577 1411 1609 aedilium
1423 1589 1494 1609 vero
1509 1578 1634 1619 legibus

153 1631 231 1662 satis
245 1624 340 1674 supra
354 1632 502 1663 diximus.
523 1637 556 1664 et
580 1632 607 1663 si
633 1632 707 1673 quid
733 1632 845 1663 deesse
874 1631 1012 1662 aedilitiis
1035 1632 1156 1672 legibus
1179 1631 1335 1668 videatur,
1351 1632 1457 1663 aediles
1472 1633 1544 1674 ipsi,
1561 1643 1633 1664 cum

153 1685 262 1727 legum
276 1685 461 1718 custodibus
476 1686 584 1717 habito
599 1685 745 1722 consilio,
761 1686 932 1727 suppleant
948 1697 955 1716 :
981 1685 1097 1716 deinde
1116 1685 1151 1716 in
1166 1686 1311 1716 columna
1326 1687 1445 1727 primas
1461 1687 1632 1718 secundas-

153 1749 216 1781 que
243 1740 458 1770 institutiones
480 1740 665 1770 inscribant.
700 1745 772 1780 post
798 1739 1065 1770 adulterationem
1089 1739 1243 1780 sequitur,
1264 1744 1300 1770 ut
1325 1741 1364 1770 de
1395 1741 1629 1782 cauponatione

154 1793 318 1825 dicamus:
342 1793 383 1824 de
404 1803 468 1835 qua
492 1793 661 1824 consilium
683 1793 786 1835 primo
816 1801 848 1824 et
872 1794 1028 1824 rationem
1043 1793 1198 1830 dabimus,
1215 1793 1319 1835 legem
1335 1794 1452 1825 deinde
1466 1805 1636 1837 ponemus.

154 1847 347 1889 cauponatio
371 1847 472 1878 omnis
500 1847 535 1878 iu
561 1847 691 1879 civitate
719 1858 782 1878 non
803 1847 943 1879 nocendi
968 1848 1079 1890 gratia,
1099 1847 1155 1879 sed
1178 1854 1288 1879 contra
1302 1848 1431 1879 omnino
1447 1850 1635 1882 naturaliter

155 1901 328 1934 adinventa
341 1907 399 1933 est.
421 1901 579 1943 quomodo
594 1901 679 1932 enim
693 1901 747 1933 ille
761 1912 825 1933 non
840 1902 950 1944 prosit,
967 1902 1022 1944 qui
1037 1912 1099 1933 rem
1116 1902 1333 1944 pecuniariam
1346 1902 1583 1934 immoderatam
1599 1909 1634 1935 et

155 1956 350 1998 inaequalem
365 1957 404 1987 ad
420 1956 632 1997 aequalitatem
643 1955 835 1997 modumque
850 1956 998 1998 redegit?
1023 1956 1107 1998 quod
1120 1956 1358 1993 nummularius,
1369 1961 1538 1997 mercator,
1548 1968 1632 1988 mer-

153 2010 295 2041 cenarius
310 2015 345 2041 et
359 2010 521 2051 hospitalis
538 2009 701 2040 diversorii
718 2009 863 2050 magister
877 2009 1009 2040 faciunt.
1025 2009 1058 2040 hi
1074 2009 1161 2039 enim
1177 2010 1342 2051 ceterique
1359 2010 1548 2052 hujusmodi,
1563 2010 1630 2041 sive

156 2064 352 2095 honestiores
379 2065 446 2095 sive
470 2064 632 2106 turpioreS‚
659 2063 867 2104 indigentiam
895 2063 1043 2105 supplere
1067 2063 1221 2105 rebusque
1251 2064 1466 2105 aequalitatem
1491 2062 1632 2106 praebere

156 2123 322 2149 conantur.
345 2118 404 2150 sed
430 2119 676 2153 consideremus,
702 2128 851 2159 quaenam
874 2118 947 2149 huic
963 2117 1008 2148 rei
1023 2128 1118 2149 causa
1133 2118 1298 2149 calumniae
1313 2117 1366 2155 sit,
1382 2123 1415 2149 et
1429 2128 1484 2149 cur
1497 2119 1632 2151 honesta

156 2182 221 2203 non
237 2172 404 2204 videatur:
428 2177 476 2209 ut,
492 2172 551 2204 etsi
566 2183 631 2203 non
645 2177 757 2209 totum,
774 2178 912 2204 attamen
935 2177 1057 2214 partem
1084 2172 1205 2214 legibus
1228 2171 1417 2204 ordinemus.
1463 2172 1540 2204 CLI.
1563 2173 1632 2204 Res

156 2226 236 2262 haec,
253 2231 287 2258 ut
302 2226 438 2269 videtur,
451 2236 511 2258 nec
524 2226 641 2268 exigua
656 2231 705 2257 est
726 2236 786 2258 nec
801 2236 931 2268 parvam
943 2226 1091 2257 virtutem
1103 2225 1253 2268 postulat.
1298 2225 1438 2258 Arnim.
1462 2227 1631 2264 Quomodo

155 2280 247 2317 dicis,
275 2280 409 2312 Clinia?
432 2281 527 2323 pauci
553 2281 723 2313 admodum
749 2289 861 2312 namra
882 2281 1036 2318 homines,
1059 2286 1092 2312 et
1109 2281 1132 2312 ii
1159 2280 1289 2323 quidem
1304 2281 1425 2323 optima
1439 2280 1629 2314 educatione

155 2334 314 2376 perducti,
330 2337 456 2377 quando
472 2341 613 2377 egestate
631 2336 872 2378 cupiditateque
883 2346 986 2367 rerum
1000 2335 1177 2377 aliquarum
1191 2335 1380 2373 afficiuntur,
1402 2336 1447 2366 ita
1467 2337 1629 2367 continere

155 2398 189 2419 se
205 2393 348 2430 possunt,
363 2394 398 2420 ut
412 2390 573 2421 moderate
591 2401 623 2421 se
639 2395 761 2432 gerant,
777 2396 820 2427 et,
834 2401 907 2422 cum
921 2390 1017 2422 liceat
1026 2400 1174 2432 magnam
1186 2390 1353 2431 pecuniam
1365 2400 1491 2432 capere,
1502 2391 1632 2423 modica

155 2443 302 2474 contenti
329 2443 393 2474 sint
415 2444 728 2486 mediocritatemque
753 2445 898 2476 excessui
922 2449 1130 2486 anteponant.
1152 2445 1264 2485 vulgus
1290 2449 1396 2475 autem
1418 2449 1529 2476 contra
1555 2445 1632 2476 facit

156 2497 297 2528 omnino.
319 2497 525 2529 immoderata
536 2499 619 2529 enim
636 2499 736 2541 cupit,
749 2505 793 2535 et,
807 2509 879 2529 cum
893 2499 1092 2530 mediocriter
1102 2499 1216 2530 lucrari
1228 2499 1335 2536 liceat,
1348 2498 1534 2540 inexplebili
1550 2499 1630 2531 lucri

156 2551 333 2593 cupiditate
348 2557 490 2583 vexatur.
511 2553 658 2594 quocirca
673 2553 778 2584 omnia
793 2563 910 2594 genera
923 2553 1096 2590 hominum,
1114 2563 1184 2595 quae
1200 2553 1233 2583 in
1248 2554 1495 2594 cauponatione,
1506 2562 1629 2584 merca-

157 2610 227 2637 tura
243 2606 479 2648 diversorioque
497 2612 667 2644 versantur,
684 2607 850 2638 calumniae
876 2614 909 2639 et
929 2608 1096 2650 opprobrio
1117 2607 1292 2650 subjacent.
1315 2617 1388 2638 nam
1403 2608 1429 2638 si
1446 2607 1526 2649 quis,
1542 2608 1628 2650 quod

156 2660 240 2692 absit
262 2671 365 2703 neque
381 2662 437 2694 fiat
448 2672 586 2703 unquam
602 2661 608 2691 !
633 2662 729 2693 modo
743 2667 880 2704 cogeret,
897 2662 1019 2704 (dicam
1033 2663 1129 2699 enim,
1145 2662 1205 2693 etsi
1227 2662 1315 2693 dictu
1334 2661 1496 2693 ridiculum
1514 2662 1580 2702 est)
1603 2661 1631 2692 si

158 2715 241 2756 quis,
264 2716 405 2758 inquam,
424 2721 551 2758 cogeret
577 2715 713 2758 optimos
729 2716 844 2757 ubique
860 2717 941 2747 viros
957 2716 997 2747 ad
1013 2716 1142 2759 aliquod
1157 2721 1280 2758 tempus
1297 2716 1477 2747 diversoriis
1492 2725 1625 2757 praeesse

158 2774 216 2799 aut
239 2771 411 2811 cauponari
436 2775 490 2801 aut
514 2770 692 2813 hujusmodi
715 2770 834 2812 aliquid
855 2771 971 2808 facere,
995 2772 1144 2802 mulieres
1155 2781 1281 2812 quoque
1297 2771 1506 2802 sanctissimas
1521 2771 1627 2811 aliqua

158 2822 215 2854 fati
229 2824 419 2856 necessitate
433 2824 475 2856 ad
488 2825 555 2857 haec
567 2825 710 2856 similiter
721 2825 915 2856 descendere
932 2837 938 2855 :
963 2835 1224 2866 cognosceremus
1240 2825 1333 2867 plane
1359 2826 1490 2856 honesta
1513 2830 1546 2855 et
1570 2834 1629 2865 ap-

161 2876 326 2917 probanda
346 2878 415 2910 haec
437 2879 543 2911 omnia
565 2889 645 2911 esse.
677 2879 807 2921 quippe,
829 2878 892 2910 nisi
921 2884 1064 2921 corrupte
1091 2880 1211 2916 fierent,
1237 2885 1368 2911 matrum
1394 2878 1625 2918 nutriciumque

163 2940 331 2972 personam
355 2942 463 2973 gerere
487 2943 553 2968 non
576 2934 699 2977 injuria,
725 2934 779 2976 qui
804 2935 870 2965 haec
891 2933 1021 2971 faciunt,
1046 2939 1242 2977 putaremur.
1268 2932 1365 2974 [919]
1387 2942 1470 2963 nunc
1495 2941 1566 2961 vero
1593 2931 1625 2961 iu

252 2986 340 3018 Plat-
357 2986 413 3019 Tr.
918 2988 965 3020 Π.
1472 2988 1490 3017 3
1508 2985 1538 3016 Η
