1840 3225
136 226 232 277 735]
626 226 699 264 DE
730 224 959 263 LEGIBUS
991 224 1089 263 LIB.
1113 225 1161 263 V.
1514 222 1590 259 339

133 329 223 361 nobis
233 330 407 362 secundum
428 335 573 362 naturam
597 330 683 367 insit,
698 329 763 360 sive
785 329 875 360 aliter
890 334 1001 370 praeter
1027 334 1181 360 naturam.
1211 327 1307 358 vitam
1328 327 1433 368 itaque
1443 324 1484 356 ad
1497 325 1591 355 vitam

128 383 351 426 jucundiorem
365 391 399 416 et
413 385 621 416 molestiorem
637 384 681 414 ita
699 383 840 415 conferre
867 388 1002 424 oportet.
1036 384 1231 424 voluptatem
1255 381 1365 412 adesse
1390 380 1480 411 nobis
1504 378 1591 410 volu-

132 435 356 474 mus,dolorem
368 450 440 470 vero
455 449 514 469 nec
530 438 674 479 eligimus
686 447 790 478 neque
805 437 960 467 volumus.
987 437 1126 468 medium
1137 443 1239 468 autem
1252 442 1368 467 statum
1381 445 1435 477 pro
1448 434 1592 475 volupta-

130 497 163 522 te
179 503 377 534 nequaquam
391 494 538 528 volumus,
554 492 673 522 doloris
685 497 790 522 tamen
806 492 876 522 loco
893 492 1074 532 accipimuS.
1097 491 1234 522 dolorem
1250 491 1343 521 etiam
1359 489 1510 519 minorem
1524 496 1592 518 ma-

129 546 201 588 jore
231 557 303 578 cum
328 547 488 588 voluptate
514 547 656 577 volumus
669 557 675 575 :
699 547 893 587 voluptatem
920 546 1071 576 minorem
1096 556 1168 576 cum
1197 545 1310 586 majore
1335 543 1440 574 dolore
1472 551 1592 582 nequa-

128 610 235 641 quam.
279 601 354 632 Pari
379 606 484 632 autem
506 599 598 630 modo
620 605 785 641 utrumque
801 600 911 630 horum
926 599 1039 630 habere
1053 610 1111 629 nos
1124 599 1221 634 nolle,
1243 606 1408 638 possumus
1423 595 1594 626 declarare.

130 655 198 686 haec
222 655 326 686 omnia
347 653 559 690 multitudine,
575 653 804 695 magnitudine,
818 653 1008 689 intensione,
1025 653 1216 694 aequalitate,
1231 653 1401 692 horumque
1418 649 1592 685 contrariis,

131 707 173 738 ad
199 709 386 739 electionem
410 708 604 750 singulorum
630 709 885 750 voluntatemque
909 713 942 738 et
963 707 1112 738 differunt
1127 712 1159 738 et
1175 717 1238 737 non
1254 705 1415 736 differunt.
1437 713 1509 734 cum
1524 704 1593 734 haec

132 762 306 793 necessario
320 762 365 793 sic
377 773 412 793 se
427 763 575 801 habeant,
590 773 660 794 eam
672 763 800 804 quidem
814 763 922 798 vitam,
936 762 969 792 in
985 771 1049 803 qua
1064 772 1132 792 cum
1149 766 1278 802 utraque
1297 759 1399 790 multa
1416 767 1531 799 magna
1546 757 1594 787 in-

130 820 282 857 tensaque
298 815 388 852 fiunt,
402 818 580 857 voluptates
597 822 702 848 tamen
717 816 886 853 excedunt,
899 817 1060 847 volumus:
1087 826 1156 846 eam
1168 820 1284 850 autem,
1300 814 1334 844 in
1349 823 1410 855 qua
1426 811 1597 843 contraria.

131 869 288 900 nolumus.
330 868 438 911 Atque
465 881 535 901 eam
555 881 670 906 rursus,
690 871 725 901 in
746 881 818 913 qua,
833 870 909 902 licet
922 876 1053 911 utraque
1069 879 1167 911 parva
1181 874 1213 900 ct
1226 868 1356 899 remissa
1372 867 1445 903 sint,
1460 866 1596 897 molesta

128 928 234 955 tamen
256 929 412 965 superant,
438 925 606 955 nolumus:
631 925 685 955 sed
711 936 792 959 eam,
818 926 850 954 in
863 935 924 964 qua
940 924 1106 960 contraria,
1123 924 1277 954 volumus.
1298 922 1325 953 si
1341 927 1448 952 autem
1462 919 1596 961 aequalia

130 982 214 1014 sunt,
240 977 281 1008 de
304 979 418 1019 aequali
444 978 520 1014 vita,
548 983 583 1008 ut
603 977 749 1013 diximus,
766 977 979 1018 cogitandum.
1003 978 1146 1008 volumus
1160 978 1256 1014 enim,
1272 987 1342 1018 quae
1356 975 1411 1006 illo
1427 974 1595 1010 excedunt,

129 1031 216 1073 quod
226 1042 284 1062 nos
297 1031 456 1073 diligimus
468 1043 474 1061 ε
488 1037 521 1062 et
534 1031 690 1067 nolumus,
700 1041 770 1072 quae
785 1032 942 1062 contrario
958 1036 1118 1072 superant.
1130 1031 1327 1062 considerare
1339 1033 1471 1069 oportet,
1485 1038 1594 1070 quem-

131 1085 298 1117 admodum
325 1096 434 1117 omnes
457 1085 528 1116 vita:
551 1090 667 1116 nostrae
692 1085 725 1115 in
738 1085 787 1115 his
800 1095 949 1116 connexae
964 1085 1148 1114 naturaliter
1164 1089 1246 1120 sunt,
1263 1088 1295 1114 et
1311 1093 1387 1124 quas
1396 1088 1508 1113 natura
1518 1082 1597 1112 veli-

129 1150 210 1171 mus.
234 1140 261 1170 si
282 1139 359 1182 quid
379 1145 483 1170 autem
498 1145 612 1181 praeter
627 1141 694 1170 haec
710 1139 789 1170 velle
802 1149 859 1169 nos
875 1138 1017 1175 dicimus,
1035 1138 1212 1179 ignorantia
1226 1137 1362 1178 quadam
1380 1137 1599 1178 imperitiaque

126 1194 260 1237 vitarum
284 1194 317 1225 id
340 1193 482 1225 dicimus.
505 1204 648 1236 quaenam
675 1194 769 1234 igitur
794 1198 826 1223 et
851 1198 929 1234 quot
952 1193 1025 1223 viiae
1049 1198 1131 1228 sunt,
1154 1193 1187 1222 in
1212 1192 1325 1233 quibus
1348 1202 1440 1222 nosse
1462 1196 1597 1232 oportet,

126 1248 212 1289 quod
227 1249 394 1280 volendum
408 1254 441 1280 et
452 1248 536 1291 quod
552 1249 737 1284 nolendum,
754 1249 836 1289 quod
853 1253 966 1288 sponte
980 1247 1046 1277 fieri
1061 1246 1142 1277 solet
1167 1251 1199 1277 et
1224 1245 1309 1287 quod
1332 1251 1460 1276 contra:
1485 1245 1597 1286 hisque

128 1302 263 1343 cognitis
287 1302 388 1344 legem
401 1303 462 1333 sibi
489 1303 549 1344 ipsi
572 1302 773 1344 praescribere
790 1314 796 1331 :
821 1307 914 1344 atque
940 1301 1015 1331 inde
1042 1300 1126 1342 quod
1153 1301 1212 1331 sibi
1237 1300 1375 1331 amicum
1398 1305 1446 1330 est
1460 1299 1553 1330 simul
1565 1305 1600 1329 et

117 1356 294 1398 jucundum
311 1364 344 1388 et
367 1357 518 1398 optimum
542 1357 849 1398 pulcherrimumque
877 1356 1006 1397 eligere,
1022 1362 1058 1386 ut
1071 1355 1157 1396 quis,
1171 1354 1277 1396 quoad
1291 1354 1410 1385 homini
1422 1354 1507 1389 licet,
1523 1353 1596 1383 bea-

126 1410 246 1441 tissime
262 1411 372 1442 vivat?
396 1416 604 1452 temperatam
618 1411 716 1442 vitam
733 1421 830 1442 unam
846 1421 913 1442 esse
930 1410 1087 1448 dicamus,
1102 1410 1293 1451 prudentem
1309 1409 1452 1444 alteram,
1475 1407 1598 1438 tertiam

126 1463 251 1502 fortem,
266 1475 374 1497 sanam
390 1465 526 1507 denique
542 1471 695 1507 quartam.
719 1470 753 1496 et
775 1469 906 1507 quatuor
929 1464 976 1495 liis
990 1464 1067 1494 alias
1083 1463 1253 1494 contrarias
1269 1468 1401 1504 quatuor
1415 1467 1598 1498 statuamus,

130 1518 372 1559 imprudentem,
398 1520 556 1561 ignavam,
577 1520 827 1561 intemperatam,
841 1524 1054 1560 aegrotantem.
1077 1518 1218 1560 quisquis
1234 1518 1328 1548 vitam
1344 1516 1467 1548 noverit
1479 1522 1599 1557 tempe-

128 1577 240 1609 ratam,
268 1573 376 1605 mitem
391 1575 426 1604 in
452 1575 598 1605 omnibus
623 1580 657 1605 et
680 1575 873 1605 moderatam
899 1579 1019 1615 ponet:
1044 1584 1114 1614 quae
1130 1573 1258 1603 dolores
1273 1572 1408 1613 quietos,
1423 1571 1602 1612 voluptates

125 1627 287 1664 remissas,
311 1628 408 1670 [734]
434 1629 543 1659 molles
555 1628 756 1670 cupiditates,
771 1638 893 1659 amores
904 1628 1032 1658 minime
1043 1627 1176 1658 furiosos
1189 1627 1313 1657 habeat.
1353 1625 1601 1666 Intemperatam

133 1690 207 1712 vero
223 1681 258 1712 in
272 1682 414 1712 omnibus
429 1693 543 1717 acrem,
560 1693 630 1722 quae
646 1682 803 1713 doloribus
815 1682 1053 1712 vehementibus
1071 1688 1104 1712 et
1127 1680 1364 1711 vehementibus
1379 1679 1603 1720 voluptatibus,

133 1734 357 1775 cupiditatibus
372 1735 551 1765 ardentibus
566 1735 750 1776 furiosisque
767 1741 798 1766 et
811 1735 929 1766 insanis
945 1736 1057 1765 mirum
1071 1736 1105 1765 in
1133 1735 1256 1765 modum
1276 1734 1431 1765 amoribus
1456 1733 1603 1775 agitetur.

133 1788 197 1819 Sed
224 1795 372 1830 superant
390 1789 423 1820 in
447 1790 511 1819 vita
535 1789 662 1830 quidem
675 1795 850 1830 temperata
864 1790 1054 1830 voluptates,
1071 1789 1196 1820 dolores
1212 1794 1318 1819 autem
1333 1793 1516 1829 superantur
1534 1799 1540 1817 :
1565 1787 1600 1818 in

133 1843 200 1873 vita
211 1843 416 1884 intemperata
429 1848 538 1874 contra
551 1844 727 1884 voluptates
741 1854 760 1874 a
771 1843 930 1874 doloribus
945 1849 1132 1885 superantur
1144 1842 1371 1884 magnitudine,
1387 1841 1600 1878 multitudine,

134 1896 237 1939 a'tque'
254 1897 439 1939 frequentia.
483 1898 554 1934 Quo
581 1898 626 1933 fit,
653 1903 689 1928 ut
715 1899 891 1929 necessario
923 1899 1022 1929 altera
1050 1898 1140 1928 nobis
1168 1897 1342 1928 secundum
1366 1901 1510 1927 naturam
1536 1896 1602 1927 vita

130 1950 302 1992 jucundior
321 1951 372 1988 sit,
397 1953 495 1983 altera
522 1951 649 1987 tristior,
666 1958 698 1983 et
711 1953 869 1983 volentem
880 1952 1019 1995 jucunde
1035 1952 1151 1989 vivere,
1167 1956 1279 1994 sponte
1294 1952 1601 1992 intemperanterque

134 2005 240 2036 vivere
263 2015 327 2036 non
348 2007 520 2047 permittat.
541 2011 665 2037 constat
686 2005 780 2042 enim,
804 2007 841 2042 si,
865 2006 949 2048 quod
972 2016 1054 2037 nunc
1077 2007 1197 2036 dictum
1219 2011 1277 2042 est,
1301 2011 1386 2036 recte
1408 2010 1456 2036 est
1469 2005 1600 2041 dictum,

134 2058 221 2100 quod
246 2069 375 2090 necesse
402 2060 444 2090 sit
469 2060 711 2100 intemperatum
734 2070 856 2090 omnem
878 2066 992 2101 praeter
1003 2061 1190 2091 sententiam
1203 2070 1271 2091 esse
1284 2061 1393 2091 talem.
1415 2060 1533 2101 quippe
1550 2059 1602 2089 vel

136 2123 194 2154 per
205 2113 413 2154 ignorantiam
430 2115 480 2144 vel
494 2114 757 2145 incontinentiam
771 2115 820 2145 vel
834 2120 996 2156 utramque
1010 2114 1113 2145 omnis
1128 2115 1264 2145 humana
1276 2114 1363 2145 turba
1388 2123 1500 2155 expers
1522 2118 1602 2144 tem-

138 2168 289 2209 perantiae
319 2168 406 2199 vivit.
451 2168 601 2199 Similiter
621 2168 661 2199 de
676 2179 753 2200 sana
768 2174 801 2200 et
816 2174 987 2210 :egrotante
1002 2169 1067 2200 vita
1081 2174 1129 2200 est
1144 2168 1356 2210 cogitandum,
1371 2167 1456 2210 quod
1470 2173 1502 2198 et
1515 2166 1604 2198 dolo-

135 2231 187 2252 res
212 2227 246 2252 et
271 2222 448 2264 voluptates
476 2223 632 2253 babeant:
657 2222 714 2254 sed
737 2223 771 2254 in
794 2223 927 2254 sanitate
954 2223 1131 2265 voluptates
1157 2224 1322 2259 excedant,
1344 2223 1379 2253 in
1399 2222 1602 2263 aegrotatione

137 2275 273 2308 dolores.
317 2275 435 2308 Nostra
459 2287 532 2307 vero
555 2277 699 2308 voluntas
712 2278 745 2309 in
761 2277 931 2319 deligendo
947 2288 1061 2319 genere
1077 2278 1148 2309 vitae
1163 2288 1226 2309 non
1240 2283 1299 2314 est,
1312 2283 1347 2308 ut
1362 2277 1451 2308 dolor
1466 2280 1603 2318 superet.

139 2328 195 2359 ubi
209 2335 315 2361 autem
327 2337 501 2372 superatur,
514 2342 584 2362 eam
597 2332 694 2363 vitam
705 2333 927 2375 jucundiorem
940 2332 1165 2374 judicavimus.
1206 2332 1414 2374 Temperatus
1436 2331 1529 2372 igitur
1551 2331 1601 2361 in-

140 2388 325 2425 temperato,
338 2384 474 2425 prudens
489 2386 698 2427 imprudente,
713 2387 801 2418 fortis
813 2388 940 2428 ignavo,
955 2392 1086 2429 utraque
1097 2386 1258 2428 pauciora,
1277 2386 1411 2423 minora,
1424 2385 1602 2425 rarioraque

141 2436 253 2468 habet:
279 2442 312 2468 et
326 2437 404 2469 alter
417 2439 641 2480 voluptatibus,
657 2441 736 2472 alter
751 2441 909 2472 doloribus
925 2447 1050 2483 superat
1064 2453 1071 2471 ι
1086 2442 1130 2472 ita
1145 2447 1179 2471 ut
1191 2441 1279 2471 fortis
1290 2440 1449 2481 ignavum,
1467 2438 1602 2479 prudens

142 2496 312 2529 amentem,
339 2497 533 2534 temperatus
559 2494 765 2535 petulantem,
786 2506 880 2526 sanus
906 2501 1110 2537 aegrotantem
1125 2495 1286 2536 voluptate
1300 2498 1436 2535 superet.
1456 2497 1553 2533 utque
1567 2492 1602 2523 in

143 2555 297 2577 summam
318 2545 510 2588 redigantur,
532 2558 602 2588 quae
628 2549 691 2579 vita
716 2549 840 2580 virtutis
860 2560 987 2592 corpore
1011 2555 1064 2581 aut
1080 2550 1184 2580 animo
1198 2549 1356 2589 particeps
1369 2552 1428 2583 est,
1440 2556 1478 2577 ea
1491 2551 1541 2577 est
1551 2546 1602 2588 ju-

142 2600 275 2631 cundior
288 2601 386 2631 altera
402 2612 408 2630 ε
434 2606 465 2632 et
480 2601 724 2642 pulchritudine,
739 2603 938 2640 rectitudine,
954 2604 1096 2645 potentia
1107 2608 1139 2634 et
1154 2603 1251 2644 gloria
1266 2606 1406 2643 praestat:
1430 2601 1476 2631 ita
1490 2605 1525 2631 ut
1547 2599 1603 2641 qui

144 2653 178 2684 in
193 2664 234 2685 ea
246 2654 433 2686 constitutus
445 2660 502 2692 est,
516 2656 639 2687 felicius
652 2658 806 2689 contrario
820 2658 854 2688 in
866 2658 1010 2689 omnibus
1025 2658 1118 2689 vivat.
1164 2656 1282 2687 Verum
1308 2655 1470 2687 exordium
1497 2655 1603 2695 legum

141 2707 209 2749 jam
231 2708 326 2740 finem
347 2709 494 2751 accipiat.
539 2710 617 2741 Post
645 2711 810 2742 exordium
837 2711 940 2753 legem
965 2712 1055 2753 sequi
1083 2721 1214 2742 necesse
1226 2715 1291 2742 est:
1317 2710 1411 2740 immo
1427 2719 1500 2739 vero
1516 2708 1603 2749 leges

147 2761 298 2803 deinceps
313 2763 492 2804 reipublicae
502 2774 611 2794 revera
625 2765 856 2796 conscribendae
872 2772 956 2796 sunt.
1000 2764 1275 2802 Quemadmodum
1300 2764 1394 2806 igitur
1408 2771 1603 2805 quaecunque

145 2819 302 2851 texuntur,
317 2826 381 2847 non
397 2828 434 2848 ex
449 2816 600 2849 similibus
621 2819 749 2849 omnino
773 2824 873 2850 trama
885 2820 1079 2860 stamiueque
1091 2824 1249 2855 texuntur,
1273 2818 1309 2859 [7
1313 2819 1371 2860 35]
1395 2818 1451 2848 sed
1464 2815 1606 2848 staminis

151 2879 250 2910 genus
274 2870 426 2902 robustius
450 2877 545 2912 atque
570 2872 688 2903 sinnius
713 2877 773 2904 est.
796 2879 901 2904 tramae
923 2874 1060 2909 mollius,
1077 2879 1110 2904 ut
1123 2873 1246 2904 facilius
1257 2872 1369 2904 cedat:
1395 2871 1438 2902 ita
1453 2870 1605 2904 homines,

153 2921 209 2963 qui
229 2923 426 2966 magistratus
451 2926 568 2967 gesturi
593 2926 625 2959 in
652 2927 778 2960 civitate
808 2933 890 2966 sunt,
907 2927 1018 2962 eodem
1034 2927 1126 2961 modo
1143 2927 1278 2960 discerni
1293 2936 1414 2968 semper
1427 2928 1559 2966 oportet,
1573 2928 1606 2954 ct
