1840 3225
136 227 240 282 605]
572 232 645 270 DE
676 232 986 272 REPUBLICA
1018 233 1115 271 LIB.
1139 235 1190 272 X.
1532 237 1608 273 227

135 337 252 369 GLAu.
277 337 391 368 Probe.
435 337 489 368 So.
513 336 616 367 Probe
633 335 666 366 id
680 335 819 376 quidem.
844 345 949 366 verum
966 337 1051 377 quod
1066 343 1140 368 tunc
1157 348 1175 368 a
1190 337 1279 368 nobis
1290 343 1339 368 est
1353 338 1607 380 praetermissum,

131 401 215 422 nunc
245 391 323 421 mihi
350 391 474 421 videtur
505 389 752 430 expediendum.
797 390 913 434 Gamo.
937 391 1041 427 Quale
1067 391 1174 422 istud?
1219 393 1273 422 So.
1299 392 1357 423 Vir
1381 392 1505 433 probus,
1535 404 1609 423 cum

131 445 231 475 talem
246 445 359 475 habeat
374 445 520 480 animam,
538 444 563 474 >i
576 444 676 474 filium
691 444 830 474 amiserit
846 450 899 474 aut
914 444 1034 484 aliquid
1059 445 1145 475 aliud
1170 446 1228 476 sibi
1254 447 1459 482 carissimum,
1482 447 1607 478 facilius

132 508 228 538 quam
239 498 334 528 ceteri
349 498 439 533 seret,
456 503 490 527 ut
508 497 653 528 diximus.
699 497 813 528 GLAu.
838 497 949 527 Plane.
994 499 1049 528 So.
1074 498 1167 529 Nunc
1193 506 1296 530 autem
1323 506 1356 530 et
1370 500 1403 530 id
1428 500 1607 531 cousidere-

131 562 212 588 muS,
247 558 351 582 utrum
376 551 504 582 omnino
541 561 604 581 non
632 551 763 582 dolebit.
787 551 834 581 vel
863 552 921 582 boc
947 551 1075 592 quidem
1107 553 1320 594 impossibile:
1358 554 1497 584 dolorem
1534 565 1608 585 vero

133 605 365 647 quodammodo
395 604 616 635 moderabitur.
660 605 776 636 Grau.
799 605 869 637 Hoc
900 613 985 636 certe
1015 612 1064 636 cst
1089 607 1202 637 verius.
1228 607 1324 648 [004]
1350 608 1404 638 So.
1429 608 1497 638 lloc
1527 608 1605 638 milii

132 661 173 691 de
191 661 259 701 ipso
286 660 321 690 in
350 659 518 700 pra-sentia
542 659 641 695 dicas,
669 664 768 689 utrum
801 661 883 690 huuc
914 670 1045 690 censeas
1083 661 1182 691 dolori
1217 661 1318 702 magis
1349 667 1604 701 repugnaturum,

129 714 255 756 quando
286 723 304 744 a
333 713 486 744 similibus
516 719 675 754 spectatur
711 714 899 749 hominibus,
936 715 986 744 vel
1011 715 1137 755 quando
1165 715 1247 745 solus
1277 720 1335 750 est,
1361 715 1492 745 aliorum
1529 725 1603 744 con-

129 768 224 798 sortio
239 767 420 806 destitutus.
465 766 580 798 Griu.
606 767 801 797 Permultum
824 768 969 803 interest,
1001 769 1029 798 si
1054 769 1087 798 in
1117 769 1249 799 aliorum
1268 775 1439 809 conspectu
1453 769 1504 799 sit.
1547 769 1603 798 So.

130 821 229 852 Porro
245 832 316 852 cum
331 822 416 852 solus
439 821 509 857 erit,
531 823 632 852 multa
648 832 686 852 ex
711 833 841 852 moerore
866 822 1098 863 pronunciabit,
1129 833 1199 862 quae
1229 823 1374 852 emittere
1401 832 1506 852 coram
1535 821 1607 851 aliis

129 876 346 907 erubesceret:
371 877 471 906 multa
485 876 592 912 faciet,
609 887 677 916 quae
694 876 835 916 conspici
851 877 890 906 ab
907 876 977 906 aliis
1002 886 1163 916 nunquam
1186 877 1295 906 vellet.
1339 876 1453 907 Graiu.
1477 875 1533 905 Est
1549 876 1604 905 ita.

129 930 186 961 So.
209 929 303 967 Quod
318 929 439 961 obstare
451 930 550 972 jubet,
568 930 647 961 tatio
663 936 711 960 est
725 936 758 960 et
773 930 822 960 lex
838 941 844 959 z
870 929 954 971 quod
969 937 1075 960 autem
1092 929 1131 960 ad
1147 929 1270 960 dolores
1284 930 1378 970 rapit,
1398 929 1605 970 perturbatio.

128 983 244 1015 GtAo.
266 983 352 1014 Vera
367 984 515 1024 loqueris.
560 983 612 1014 So.
637 982 720 1014 Cum
733 984 825 1015 homo
840 984 923 1014 circa
938 983 1024 1014 idem
1040 984 1131 1014 simul
1149 984 1314 1014 contrariis
1340 984 1476 1014 motibus
1500 984 1602 1024 agite-

125 1043 186 1074 tur,
204 1037 382 1068 necessario
398 1036 460 1068 duo
476 1037 621 1077 quaedam
636 1037 693 1067 illa
708 1047 777 1068 esse
806 1036 949 1067 dicimus.
995 1038 1108 1068 GrAu.
1133 1038 1247 1068 Procul
1275 1037 1380 1069 dubio.
1425 1038 1480 1068 So.
1510 1037 1602 1066 Alte-

125 1103 195 1124 rum
222 1091 351 1134 quidem
373 1092 437 1133 legi
463 1092 680 1133 obtemperare
713 1098 856 1132 paratum
884 1098 941 1126 est,
973 1097 1131 1132 utcunque
1162 1093 1341 1134 injunxerit.
1387 1092 1503 1123 (ἐμω.
1527 1092 1601 1128 Quo

126 1148 242 1187 pacto!
287 1147 342 1178 So.
366 1146 431 1177 Lex
447 1147 556 1187 utique
570 1146 669 1177 dictat
684 1147 838 1187 optimum
853 1157 922 1177 esse
938 1147 971 1176 in
987 1146 1138 1182 adversis,
1153 1156 1247 1186 quam
1260 1147 1394 1177 maxime
1411 1146 1476 1175 lieri
1493 1150 1601 1185 potest

125 1201 266 1241 quietem
281 1210 375 1241 agere
390 1210 493 1241 neque
510 1201 660 1241 conqueri
675 1211 681 1229 :
708 1206 857 1241 tanquam
881 1201 1036 1230 incertum
1060 1201 1111 1235 sit,
1127 1200 1283 1230 bonumne
1299 1199 1332 1230 id
1350 1201 1390 1230 sit
1402 1210 1442 1230 an
1470 1200 1599 1233 malum,

126 1255 210 1296 quod
222 1255 339 1286 accidit
353 1267 359 1284 :
385 1265 488 1296 neque
505 1261 632 1296 propter
645 1254 786 1285 dolorem
801 1255 969 1295 quicquam
984 1254 1182 1296 proficiamus
1197 1266 1203 1283 :
1227 1265 1332 1295 neque
1352 1254 1418 1284 ulla
1447 1254 1598 1283 humana-

125 1319 196 1339 rum
207 1319 311 1340 rerum
335 1310 439 1350 magni
456 1308 627 1350 pendenda
640 1309 680 1339 sit
695 1321 700 1338 ε
726 1309 878 1350 illudque,
896 1308 980 1349 quod
996 1309 1098 1339 subito
1119 1308 1265 1349 praesidio
1281 1319 1350 1338 esse
1378 1313 1493 1348 potest,
1511 1307 1600 1337 dolor

126 1362 292 1404 impediat.
337 1362 452 1393 G1.=.u.
475 1362 562 1399 Quid
578 1364 636 1393 hoc
650 1363 720 1392 ais⁷¹
767 1363 821 1394 So.
847 1363 1045 1398 Consultare,
1061 1362 1201 1403 inquam,
1231 1363 1315 1393 circa
1341 1372 1389 1398 ea,
1417 1373 1485 1403 que
1514 1361 1598 1391 acci-

127 1417 250 1452 derunt,
267 1417 300 1447 in
315 1417 424 1458 primis
440 1422 573 1458 oportet,
590 1422 623 1447 et
633 1422 785 1458 tanquam
799 1417 833 1447 in
848 1417 983 1447 talorum
999 1417 1097 1458 jactu,
1112 1416 1285 1447 secundum
1307 1417 1403 1459 jacta,
1426 1415 1598 1457 quomodo-

127 1482 252 1512 cunque
266 1471 347 1502 ratio
361 1472 475 1502 melius
490 1481 557 1501 rem
574 1471 688 1501 habere
710 1480 744 1501 se
758 1470 882 1505 dixerit,
907 1471 1036 1511 negotia
1063 1480 1119 1500 sua
1142 1470 1320 1511 disponere.
1343 1480 1447 1510 neque
1472 1480 1556 1505 vero,
1574 1470 1600 1499 si

128 1525 206 1567 quid
218 1525 342 1556 adversi
355 1525 513 1561 inciderit,
529 1530 727 1566 prosternere
743 1535 801 1555 nos
814 1524 974 1559 debemus,
989 1530 1094 1565 atque,
1108 1531 1143 1554 ut
1155 1525 1244 1565 pueri
1269 1525 1382 1559 solent,
1400 1535 1471 1554 cum
1498 1524 1598 1553 oss'en-

128 1579 208 1610 dunt
221 1580 256 1610 in
270 1579 421 1621 lapidem,
438 1568 638 1620 procidentes
656 1579 739 1609 circa
754 1578 798 1614 id,
827 1578 912 1620 quod
936 1579 1028 1615 laesit,
1054 1579 1200 1621 ejulando
1223 1589 1346 1609 moram
1371 1579 1494 1608 trahere
1511 1590 1516 1607 :
1542 1577 1600 1607 sed

125 1633 267 1664 animum
280 1633 485 1668 assuefacere,
502 1638 537 1663 ut
551 1632 592 1663 ad
608 1632 784 1663 sanandum
800 1638 914 1673 praesto
938 1632 1030 1668 adsit,
1059 1639 1101 1668 et,
1130 1632 1281 1673 quicquid
1307 1638 1446 1673 a=gr0t3t¹
1463 1631 1601 1661 dimissis

127 1687 404 1718 lamentationibus
416 1687 560 1728 corrigat.
604 1686 720 1718 GLAU.
745 1686 963 1727 Opportunum
979 1688 1036 1717 hoc
1065 1687 1193 1727 quidem
1217 1693 1266 1717 est
1292 1687 1441 1717 adversus
1467 1686 1599 1716 fortunae

126 1742 208 1773 ictus
221 1740 405 1772 remedium.
449 1742 504 1772 So.
528 1740 623 1778 Quod
639 1751 715 1771 sane
730 1741 881 1782 optimum
911 1747 969 1777 est,
994 1741 1107 1771 rationi
1132 1742 1204 1771 huic
1232 1741 1367 1771 libenter
1392 1741 1599 1780 obtemperat.

129 1796 244 1827 Grau.
267 1796 411 1828 Constat.
455 1796 508 1826 So.
531 1795 627 1832 Quod
639 1805 713 1826 vero
731 1795 771 1825 ad
783 1796 1026 1836 perturbationis
1040 1796 1291 1826 recordationem
1304 1796 1483 1834 luctumque
1505 1794 1599 1834 rapit,

126 1850 161 1880 fii
177 1850 285 1890 eisque
313 1849 431 1881 diutius
451 1849 583 1885 detinet,
608 1850 789 1880 irrationale
813 1856 873 1886 est,
898 1849 1092 1890 languidum,
1117 1849 1364 1880 formidolosum.
1409 1848 1525 1879 Gcsc.
1549 1847 1600 1877 Ita

128 1902 308 1935 dicendum.
353 1903 410 1934 S0.
433 1903 527 1940 Quod
543 1904 706 1945 querulum
728 1910 787 1939 est,
811 1904 1022 1934 imitationem
1048 1904 1217 1944 plurimam
1241 1913 1277 1934 ac
1302 1904 1417 1933 variam
1443 1902 1595 1942 suscipit:

128 1956 318 1998 prudentem
331 1968 406 1988 vero
421 1964 632 1998 pacatumque
649 1968 778 1994 morem,
794 1968 919 1999 semper
935 1958 994 1988 sibi
1012 1958 1071 1998 ipsi
1086 1958 1232 1993 similem,
1249 1967 1352 1997 neque
1365 1957 1458 1987 facile
1486 1966 1595 1997 possu-

127 2021 197 2041 mus
212 2011 350 2051 imitan'3
372 2021 474 2052 neque
492 2012 518 2042 si
534 2012 703 2047 imitemur,
728 2012 822 2042 facile
847 2012 1038 2052 percipietur
1055 2022 1073 2042 a
1100 2012 1190 2042 turba
1217 2011 1250 2040 in
1268 2012 1425 2041 theatrum
1451 2010 1545 2039 variis
1558 2019 1597 2040 ex

127 2065 274 2106 gentibus
289 2066 477 2096 confluente.
500 2065 597 2096 alieni
624 2076 760 2107 namque
788 2066 921 2096 affectus
948 2066 1026 2106 ipsis
1052 2065 1185 2095 imitatio
1212 2065 1257 2094 fit.
1282 2064 1378 2106 [605]
1405 2064 1519 2095 GLAU.
1543 2063 1595 2094 Sic

126 2123 175 2149 est
183 2119 321 2150 omnino.
364 2118 419 2150 So.
444 2119 581 2150 Imitatio
595 2130 667 2151 vero
677 2120 780 2161 poetae
791 2120 874 2151 baud
887 2120 928 2150 ad
940 2121 996 2151 hoc
1010 2119 1158 2155 intendit,
1171 2124 1206 2149 ut
1219 2120 1290 2149 huic
1305 2119 1400 2149 animi
1412 2124 1530 2149 naturae
1540 2127 1597 2147 sua

127 2172 284 2214 sapientia
295 2174 430 2214 placeat,
445 2174 472 2204 si
485 2174 579 2215 vulgo
607 2175 648 2205 sit
671 2175 846 2215 placitura:
871 2161 930 2204 sed
954 2175 1119 2215 querulum
1146 2173 1243 2203 animi
1270 2183 1389 2203 morem
1413 2172 1595 2212 variumque

128 2225 283 2263 observat,
311 2228 365 2268 qui
388 2228 563 2259 imitatione
591 2228 684 2260 facile
712 2229 812 2269 possit
826 2228 943 2270 effingi.
988 2228 1103 2259 GLAU.
1127 2228 1231 2258 Patet.
1274 2227 1330 2257 So.
1359 2226 1476 2256 Merito
1503 2225 1598 2265 igitur

130 2280 335 2312 imitationem
361 2281 521 2322 poeticam
543 2282 821 2323 repreliendemus,
848 2283 1038 2324 pictorisque
1063 2282 1231 2312 imitationi
1262 2281 1382 2311 alterne
1406 2279 1595 2320 respondere

129 2333 291 2366 dicemus:
316 2336 417 2376 primo
430 2336 559 2377 quidem
570 2336 604 2366 in
617 2346 655 2367 eo
671 2336 790 2366 similes
810 2343 893 2372 sunt,
922 2335 1007 2377 quod
1033 2341 1172 2376 utraeque
1200 2334 1304 2375 quoad
1330 2334 1494 2364 veritatem
1519 2332 1597 2362 vilia

127 2392 295 2427 operantur
310 2400 316 2418 :
342 2388 458 2419 deinde
475 2389 580 2425 etiam,
595 2390 676 2430 quod
694 2390 776 2431 parti
799 2391 912 2420 animae
936 2389 1066 2421 rationis
1078 2389 1199 2429 experti
1214 2388 1358 2418 similiter
1377 2387 1596 2427 suffragantur,

128 2445 161 2470 et
175 2441 327 2481 optimam
353 2442 512 2472 deserunt.
557 2443 661 2484 Atque
691 2443 805 2474 iccirco
824 2443 894 2485 jure
923 2453 993 2473 eam
1019 2443 1052 2472 in
1078 2443 1204 2473 civitate
1228 2441 1367 2482 legitime
1393 2439 1597 2480 gubernanda

127 2503 325 2535 nequaquam
343 2495 544 2536 accipiemus,
560 2497 709 2536 quoniam
727 2498 807 2527 banc
824 2497 921 2528 animi
937 2502 1059 2538 partem
1084 2496 1214 2526 suscitat
1239 2502 1332 2535 atque
1357 2494 1412 2524 alit
1427 2505 1432 2522 :
1459 2493 1596 2534 dumque

129 2548 211 2579 hanc
222 2548 357 2585 roborat,
371 2549 501 2580 rationis
525 2556 700 2591 compotem
716 2551 779 2581 vim
803 2550 969 2592 disperdit.
991 2557 1085 2591 atque
1102 2555 1136 2579 ut
1161 2550 1226 2584 ille,
1254 2549 1357 2589 quiin
1384 2547 1511 2578 civitate
1538 2557 1595 2588 po-

130 2607 234 2633 tentes
249 2602 369 2634 faciens
382 2603 550 2644 improbos,
566 2605 713 2644 proderet
728 2605 900 2642 civitatem,
917 2605 1090 2646 probosque
1119 2604 1292 2633 destrueret
1308 2613 1313 2630 z
1338 2602 1383 2632 ita
1403 2607 1436 2631 et
1459 2601 1596 2631 imitator

126 2655 224 2696 poeta
239 2658 465 2698 perversamin
492 2658 628 2688 animum
653 2659 801 2700 cujusque
828 2659 951 2690 inducit
973 2658 1209 2698 rempublicam,
1227 2655 1302 2686 dum
1325 2656 1373 2686 illi
1399 2655 1495 2685 animi
1516 2655 1597 2695 parti

131 2707 300 2746 blanditur,
317 2720 386 2751 quae
403 2711 471 2741 sine
487 2716 593 2741 mente
608 2717 667 2746 est,
679 2721 783 2752 neque
804 2713 921 2754 majora
946 2712 1106 2742 minorave
1131 2710 1291 2745 discernit,
1316 2710 1371 2740 sed
1397 2708 1507 2740 eadem
1531 2714 1598 2738 tum

132 2772 229 2804 parva
243 2768 310 2794 tum
325 2774 441 2805 magua
456 2765 624 2801 existimat,
641 2770 735 2806 atque
751 2766 823 2797 huic
838 2766 1005 2796 simulacra
1034 2765 1135 2806 fingit,
1161 2765 1254 2806 longe
1267 2774 1286 2795 a
1297 2764 1430 2794 veritate
1454 2769 1600 2793 remotus,

130 2815 242 2848 GLAU.
264 2817 372 2859 Longe
388 2818 528 2859 quidem.
572 2819 626 2850 So.
651 2818 812 2855 Nondum,
828 2820 911 2861 quod
927 2820 1095 2849 maximum
1111 2829 1147 2848 ex
1161 2828 1200 2848 ea
1208 2818 1328 2849 malum
1339 2817 1493 2858 provenit,
1507 2826 1596 2846 euar-

126 2868 274 2900 ravimus.
289 2871 600 2903 vehementissimum
617 2873 746 2913 quidem
762 2874 820 2904 hoe
833 2873 1077 2904 existimandum
1093 2878 1142 2903 est
1153 2871 1389 2907 detrimentum,
1418 2871 1501 2911 quod
1526 2879 1597 2909 pro-

130 2920 187 2952 bos
200 2932 322 2964 quoque
333 2924 426 2962 viros,
440 2927 550 2967 paucis
563 2926 731 2958 admodum
747 2928 900 2970 exceptis,
929 2936 1126 2968 corrumpere
1155 2926 1265 2967 possit.
1309 2925 1425 2956 Grau.
1450 2924 1513 2955 Cur
1536 2932 1600 2953 non

134 2975 243 3015 possit,
260 2977 286 3008 si
300 2978 428 3020 quidem
442 2980 475 3012 id
496 2980 600 3023 ipsum
629 2980 751 3013 efficit!
797 2982 852 3013 So.
876 2981 1070 3014 Auscultans
1093 2979 1268 3012 considera.
1302 2988 1408 3010 noune
1435 2984 1467 3008 et
1493 2975 1606 3017 optimi
