<?xml version="1.0" encoding="UTF-8"?>
<!DOCTYPE html PUBLIC "-//W3C//DTD XHTML 1.0 Transitional//EN"
    "http://www.w3.org/TR/xhtml1/DTD/xhtml1-transitional.dtd">
<html xmlns="http://www.w3.org/1999/xhtml" xml:lang="en" lang="en">
 <head>
  <title>
</title>
<meta http-equiv="Content-Type" content="text/html;charset=utf-8" />
  <meta name='ocr-system' content='tesseract 3.04.00' />
  <meta name='ocr-capabilities' content='ocr_page ocr_carea ocr_par ocr_line ocrx_word'/>
</head>
<body>
  <div class='ocr_page' id='page_1' title='image "./platonisetquaeve11plat_0541.png"; bbox 0 0 1840 3225; ppageno 0'>
   <div class='ocr_carea' id='block_1_1' title="bbox 197 211 1662 263">
    <p class='ocr_par' dir='ltr' id='par_1_1' title="bbox 197 211 1662 263">
     <span class='ocr_line' id='line_1_1' title="bbox 197 211 1662 263; baseline -0.002 -11"><span class='ocrx_word' id='word_1_1' title='bbox 197 211 295 263; x_wconf 79' lang='lat'>399]</span> <span class='ocrx_word' id='word_1_2' title='bbox 820 212 1069 252; x_wconf 83' lang='lat' dir='ltr'>ERYXIAS.</span> <span class='ocrx_word' id='word_1_3' title='bbox 1583 213 1662 250; x_wconf 74' lang='lat'>523</span> 
     </span>
    </p>
   </div>
   <div class='ocr_carea' id='block_1_2' title="bbox 188 313 1673 2951">
    <p class='ocr_par' dir='ltr' id='par_1_2' title="bbox 188 313 1673 2951">
     <span class='ocr_line' id='line_1_2' title="bbox 195 313 1660 359; baseline -0.002 -11"><span class='ocrx_word' id='word_1_4' title='bbox 195 314 274 348; x_wconf 76' lang='lat' dir='ltr'>nihil</span> <span class='ocrx_word' id='word_1_5' title='bbox 301 316 363 359; x_wconf 83' lang='lat' dir='ltr'>ipsi</span> <span class='ocrx_word' id='word_1_6' title='bbox 378 316 502 359; x_wconf 79' lang='lat' dir='ltr'>negotii</span> <span class='ocrx_word' id='word_1_7' title='bbox 513 315 619 352; x_wconf 83' lang='lat' dir='ltr'>fucrit,</span> <span class='ocrx_word' id='word_1_8' title='bbox 632 315 688 346; x_wconf 84' lang='lat' dir='ltr'>sed</span> <span class='ocrx_word' id='word_1_9' title='bbox 703 316 786 358; x_wconf 87' lang='lat' dir='ltr'>quod</span> <span class='ocrx_word' id='word_1_10' title='bbox 803 326 852 347; x_wconf 83' lang='lat' dir='ltr'>me</span> <span class='ocrx_word' id='word_1_11' title='bbox 865 326 921 358; x_wconf 82' lang='lat' dir='ltr'>pro</span> <span class='ocrx_word' id='word_1_12' title='bbox 938 316 1086 358; x_wconf 83' lang='lat' dir='ltr'>imperito</span> <span class='ocrx_word' id='word_1_13' title='bbox 1102 315 1275 357; x_wconf 78' lang='lat' dir='ltr'><strong>sapientem</strong></span> <span class='ocrx_word' id='word_1_14' title='bbox 1292 315 1367 346; x_wconf 80' lang='lat' dir='ltr'>fecit</span> <span class='ocrx_word' id='word_1_15' title='bbox 1378 327 1384 345; x_wconf 90' lang='lat'>:</span> <span class='ocrx_word' id='word_1_16' title='bbox 1397 313 1660 357; x_wconf 79' lang='lat' dir='ltr'>quemadmodum</span> 
     </span>
     <span class='ocr_line' id='line_1_3' title="bbox 194 369 1660 412; baseline -0.002 -10"><span class='ocrx_word' id='word_1_17' title='bbox 194 371 293 412; x_wconf 77' lang='lat' dir='ltr'>siquis</span> <span class='ocrx_word' id='word_1_18' title='bbox 307 381 356 402; x_wconf 88' lang='lat' dir='ltr'>me</span> <span class='ocrx_word' id='word_1_19' title='bbox 370 381 454 402; x_wconf 90' lang='lat' dir='ltr'>nunc</span> <span class='ocrx_word' id='word_1_20' title='bbox 470 371 707 412; x_wconf 85' lang='lat' dir='ltr'>grammaticum</span> <span class='ocrx_word' id='word_1_21' title='bbox 722 369 862 406; x_wconf 83' lang='lat' dir='ltr'>fecisset,</span> <span class='ocrx_word' id='word_1_22' title='bbox 880 380 1012 401; x_wconf 84' lang='lat' dir='ltr'>necesse</span> <span class='ocrx_word' id='word_1_23' title='bbox 1028 376 1076 401; x_wconf 85' lang='lat' dir='ltr'>cst</span> <span class='ocrx_word' id='word_1_24' title='bbox 1091 370 1193 411; x_wconf 87' lang='lat' dir='ltr'>ipsum</span> <span class='ocrx_word' id='word_1_25' title='bbox 1206 370 1302 402; x_wconf 81' lang='lat' dir='ltr'>ctiam</span> <span class='ocrx_word' id='word_1_26' title='bbox 1315 370 1394 402; x_wconf 78' lang='lat' dir='ltr'>alias</span> <span class='ocrx_word' id='word_1_27' title='bbox 1415 380 1466 402; x_wconf 83' lang='lat' dir='ltr'>res</span> <span class='ocrx_word' id='word_1_28' title='bbox 1481 369 1660 411; x_wconf 75' lang='lat' dir='ltr'>grammati-</span> 
     </span>
     <span class='ocr_line' id='line_1_4' title="bbox 194 423 1660 465; baseline -0.001 -10"><span class='ocrx_word' id='word_1_29' title='bbox 194 434 250 455; x_wconf 85' lang='lat' dir='ltr'>cas</span> <span class='ocrx_word' id='word_1_30' title='bbox 265 424 489 455; x_wconf 86' lang='lat' dir='ltr'>mihifecisse:</span> <span class='ocrx_word' id='word_1_31' title='bbox 515 430 557 460; x_wconf 83' lang='lat' dir='ltr'>et,</span> <span class='ocrx_word' id='word_1_32' title='bbox 573 425 601 454; x_wconf 88' lang='lat' dir='ltr'>si</span> <span class='ocrx_word' id='word_1_33' title='bbox 622 423 789 460; x_wconf 82' lang='lat' dir='ltr'>musicum,</span> <span class='ocrx_word' id='word_1_34' title='bbox 808 424 941 454; x_wconf 81' lang='lat' dir='ltr'>musicas</span> <span class='ocrx_word' id='word_1_35' title='bbox 957 436 963 453; x_wconf 93' lang='lat'>:</span> <span class='ocrx_word' id='word_1_36' title='bbox 989 425 1075 455; x_wconf 83' lang='lat' dir='ltr'>velut</span> <span class='ocrx_word' id='word_1_37' title='bbox 1097 434 1195 465; x_wconf 90' lang='lat' dir='ltr'>quum</span> <span class='ocrx_word' id='word_1_38' title='bbox 1210 424 1328 454; x_wconf 90' lang='lat' dir='ltr'>bouum</span> <span class='ocrx_word' id='word_1_39' title='bbox 1346 434 1394 454; x_wconf 85' lang='lat' dir='ltr'>me</span> <span class='ocrx_word' id='word_1_40' title='bbox 1418 424 1542 460; x_wconf 82' lang='lat' dir='ltr'>fecerit,</span> <span class='ocrx_word' id='word_1_41' title='bbox 1565 423 1660 454; x_wconf 73' lang='lat' dir='ltr'>simui</span> 
     </span>
     <span class='ocr_line' id='line_1_5' title="bbox 195 477 1661 513; baseline -0.002 -4"><span class='ocrx_word' id='word_1_42' title='bbox 195 477 293 509; x_wconf 80' lang='lat' dir='ltr'>bonas</span> <span class='ocrx_word' id='word_1_43' title='bbox 307 479 401 509; x_wconf 82' lang='lat' dir='ltr'>etiam</span> <span class='ocrx_word' id='word_1_44' title='bbox 419 488 467 509; x_wconf 90' lang='lat' dir='ltr'>res</span> <span class='ocrx_word' id='word_1_45' title='bbox 481 478 558 509; x_wconf 88' lang='grc'>1111111</span> <span class='ocrx_word' id='word_1_46' title='bbox 574 477 687 507; x_wconf 83' lang='lat' dir='ltr'>fecisse</span> <span class='ocrx_word' id='word_1_47' title='bbox 703 486 833 508; x_wconf 87' lang='lat' dir='ltr'>necesse</span> <span class='ocrx_word' id='word_1_48' title='bbox 851 483 910 507; x_wconf 85' lang='lat' dir='ltr'>est.</span> <span class='ocrx_word' id='word_1_49' title='bbox 942 477 980 508; x_wconf 92' lang='lat' dir='ltr'>In</span> <span class='ocrx_word' id='word_1_50' title='bbox 997 477 1046 507; x_wconf 89' lang='lat' dir='ltr'>his</span> <span class='ocrx_word' id='word_1_51' title='bbox 1060 483 1164 507; x_wconf 84' lang='lat' dir='ltr'>autem</span> <span class='ocrx_word' id='word_1_52' title='bbox 1183 478 1336 508; x_wconf 77' lang='lat' dir='ltr'>Prodicus</span> <span class='ocrx_word' id='word_1_53' title='bbox 1352 488 1498 508; x_wconf 79' lang='lat' dir='ltr'>assensus</span> <span class='ocrx_word' id='word_1_54' title='bbox 1514 488 1577 508; x_wconf 91' lang='lat' dir='ltr'>non</span> <span class='ocrx_word' id='word_1_55' title='bbox 1601 483 1661 513; x_wconf 85' lang='lat' dir='ltr'>est,</span> 
     </span>
     <span class='ocr_line' id='line_1_6' title="bbox 194 530 1658 573; baseline -0.001 -11"><span class='ocrx_word' id='word_1_56' title='bbox 194 532 252 563; x_wconf 85' lang='lat' dir='ltr'>sed</span> <span class='ocrx_word' id='word_1_57' title='bbox 271 533 326 563; x_wconf 86' lang='lat' dir='ltr'>illa</span> <span class='ocrx_word' id='word_1_58' title='bbox 350 532 477 573; x_wconf 87' lang='lat' dir='ltr'>quidem</span> <span class='ocrx_word' id='word_1_59' title='bbox 500 531 720 562; x_wconf 82' lang='lat' dir='ltr'>confitebatur.</span> <span class='ocrx_word' id='word_1_60' title='bbox 767 531 886 562; x_wconf 84' lang='lat' dir='ltr'><strong>Utrum</strong></span> <span class='ocrx_word' id='word_1_61' title='bbox 909 540 984 561; x_wconf 88' lang='lat' dir='ltr'>vero</span> <span class='ocrx_word' id='word_1_62' title='bbox 1008 530 1067 561; x_wconf 85' lang='lat' dir='ltr'>tibi</span> <span class='ocrx_word' id='word_1_63' title='bbox 1098 531 1222 561; x_wconf 88' lang='lat' dir='ltr'>videtur</span> <span class='ocrx_word' id='word_1_64' title='bbox 1247 531 1388 573; x_wconf 78' lang='lat' dir='ltr'>(inquit)</span> <span class='ocrx_word' id='word_1_65' title='bbox 1416 532 1502 562; x_wconf 84' lang='lat' dir='ltr'>velut</span> <span class='ocrx_word' id='word_1_66' title='bbox 1531 531 1658 562; x_wconf 90' lang='lat' dir='ltr'>domum</span> 
     </span>
     <span class='ocr_line' id='line_1_7' title="bbox 193 584 1661 626; baseline -0.001 -9"><span class='ocrx_word' id='word_1_67' title='bbox 193 585 308 622; x_wconf 80' lang='lat' dir='ltr'>facere,</span> <span class='ocrx_word' id='word_1_68' title='bbox 325 585 461 616; x_wconf 90' lang='lat' dir='ltr'>hominis</span> <span class='ocrx_word' id='word_1_69' title='bbox 476 595 557 626; x_wconf 87' lang='lat' dir='ltr'>opus</span> <span class='ocrx_word' id='word_1_70' title='bbox 571 595 651 621; x_wconf 84' lang='lat' dir='ltr'>esse,</span> <span class='ocrx_word' id='word_1_71' title='bbox 666 585 712 614; x_wconf 88' lang='grc'>310</span> <span class='ocrx_word' id='word_1_72' title='bbox 733 584 832 615; x_wconf 85' lang='grc'>0113111</span> <span class='ocrx_word' id='word_1_73' title='bbox 845 595 897 615; x_wconf 82' lang='grc'>105</span> <span class='ocrx_word' id='word_1_74' title='bbox 911 584 1010 616; x_wconf 83' lang='grc'>1101133</span> <span class='ocrx_word' id='word_1_75' title='bbox 1034 584 1161 615; x_wconf 83' lang='lat' dir='ltr'>facere?</span> <span class='ocrx_word' id='word_1_76' title='bbox 1184 594 1224 615; x_wconf 90' lang='lat' dir='ltr'>an</span> <span class='ocrx_word' id='word_1_77' title='bbox 1249 594 1379 616; x_wconf 87' lang='lat' dir='ltr'>necesse</span> <span class='ocrx_word' id='word_1_78' title='bbox 1400 590 1461 621; x_wconf 85' lang='lat' dir='ltr'>est,</span> <span class='ocrx_word' id='word_1_79' title='bbox 1482 585 1589 626; x_wconf 88' lang='lat' dir='ltr'>quales</span> <span class='ocrx_word' id='word_1_80' title='bbox 1621 585 1661 615; x_wconf 77' lang='lat' dir='ltr'>ab</span> 
     </span>
     <span class='ocr_line' id='line_1_8' title="bbox 191 638 1663 679; baseline -0.001 -9"><span class='ocrx_word' id='word_1_81' title='bbox 191 639 284 671; x_wconf 85' lang='lat' dir='ltr'>initio</span> <span class='ocrx_word' id='word_1_82' title='bbox 299 638 428 675; x_wconf 82' lang='lat' dir='ltr'>fuerint,</span> <span class='ocrx_word' id='word_1_83' title='bbox 443 639 510 669; x_wconf 88' lang='lat' dir='ltr'>sive</span> <span class='ocrx_word' id='word_1_84' title='bbox 526 638 628 675; x_wconf 86' lang='lat' dir='ltr'>bonae,</span> <span class='ocrx_word' id='word_1_85' title='bbox 645 638 709 668; x_wconf 85' lang='lat' dir='ltr'>sive</span> <span class='ocrx_word' id='word_1_86' title='bbox 721 639 824 674; x_wconf 81' lang='lat' dir='ltr'>malae,</span> <span class='ocrx_word' id='word_1_87' title='bbox 841 638 921 669; x_wconf 82' lang='lat' dir='ltr'>tales</span> <span class='ocrx_word' id='word_1_88' title='bbox 937 638 1022 679; x_wconf 86' lang='lat' dir='ltr'>ipsas</span> <span class='ocrx_word' id='word_1_89' title='bbox 1036 647 1222 679; x_wconf 85' lang='lat' dir='ltr'>permanere</span> <span class='ocrx_word' id='word_1_90' title='bbox 1236 638 1247 668; x_wconf 87' lang='lat'><strong>?</strong></span> <span class='ocrx_word' id='word_1_91' title='bbox 1293 638 1476 679; x_wconf 77' lang='lat' dir='ltr'>Suspicatus</span> <span class='ocrx_word' id='word_1_92' title='bbox 1491 645 1595 669; x_wconf 85' lang='lat' dir='ltr'>autem</span> <span class='ocrx_word' id='word_1_93' title='bbox 1609 640 1663 679; x_wconf 91' lang='lat' dir='ltr'>(ut</span> 
     </span>
     <span class='ocr_line' id='line_1_9' title="bbox 193 692 1663 734; baseline 0 -11"><span class='ocrx_word' id='word_1_94' title='bbox 193 692 272 724; x_wconf 87' lang='grc'>1111111</span> <span class='ocrx_word' id='word_1_95' title='bbox 288 692 427 734; x_wconf 84' lang='lat' dir='ltr'>videtur)</span> <span class='ocrx_word' id='word_1_96' title='bbox 445 692 610 728; x_wconf 80' lang='lat' dir='ltr'>Prodicus,</span> <span class='ocrx_word' id='word_1_97' title='bbox 626 701 688 733; x_wconf 90' lang='lat' dir='ltr'>quo</span> <span class='ocrx_word' id='word_1_98' title='bbox 704 702 805 723; x_wconf 89' lang='lat' dir='ltr'>sermo</span> <span class='ocrx_word' id='word_1_99' title='bbox 821 692 883 733; x_wconf 87' lang='lat' dir='ltr'>ipsi</span> <span class='ocrx_word' id='word_1_100' title='bbox 897 693 1070 723; x_wconf 85' lang='lat' dir='ltr'>admodum</span> <span class='ocrx_word' id='word_1_101' title='bbox 1092 697 1217 723; x_wconf 85' lang='lat' dir='ltr'>versute</span> <span class='ocrx_word' id='word_1_102' title='bbox 1233 702 1437 733; x_wconf 87' lang='lat' dir='ltr'>processurus</span> <span class='ocrx_word' id='word_1_103' title='bbox 1452 698 1548 729; x_wconf 88' lang='lat' dir='ltr'>esset,</span> <span class='ocrx_word' id='word_1_104' title='bbox 1564 699 1599 723; x_wconf 91' lang='lat' dir='ltr'>ut</span> <span class='ocrx_word' id='word_1_105' title='bbox 1621 702 1663 723; x_wconf 87' lang='lat' dir='ltr'>ne</span> 
     </span>
     <span class='ocr_line' id='line_1_10' title="bbox 193 744 1665 787; baseline -0.001 -9"><span class='ocrx_word' id='word_1_106' title='bbox 193 756 297 778; x_wconf 88' lang='lat' dir='ltr'>coram</span> <span class='ocrx_word' id='word_1_107' title='bbox 312 746 458 778; x_wconf 88' lang='lat' dir='ltr'>omnibus</span> <span class='ocrx_word' id='word_1_108' title='bbox 473 745 680 787; x_wconf 69' lang='lat' dir='ltr'>praesentibus</span> <span class='ocrx_word' id='word_1_109' title='bbox 694 745 733 776; x_wconf 85' lang='lat' dir='ltr'>ab</span> <span class='ocrx_word' id='word_1_110' title='bbox 749 745 988 776; x_wconf 86' lang='lat' dir='ltr'>adolescentulo</span> <span class='ocrx_word' id='word_1_111' title='bbox 1001 744 1147 786; x_wconf 81' lang='lat' dir='ltr'>redargui</span> <span class='ocrx_word' id='word_1_112' title='bbox 1165 744 1321 776; x_wconf 86' lang='lat' dir='ltr'>videretur</span> <span class='ocrx_word' id='word_1_113' title='bbox 1334 757 1340 775; x_wconf 90' lang='lat'>:</span> <span class='ocrx_word' id='word_1_114' title='bbox 1367 745 1410 787; x_wconf 92' lang='lat' dir='ltr'>(si</span> <span class='ocrx_word' id='word_1_115' title='bbox 1426 745 1511 776; x_wconf 86' lang='lat' dir='ltr'>enirn</span> <span class='ocrx_word' id='word_1_116' title='bbox 1522 746 1579 776; x_wconf 88' lang='lat' dir='ltr'>soli</span> <span class='ocrx_word' id='word_1_117' title='bbox 1602 746 1665 787; x_wconf 86' lang='lat' dir='ltr'>ipsi</span> 
     </span>
     <span class='ocr_line' id='line_1_11' title="bbox 190 798 1663 841; baseline -0.001 -10"><span class='ocrx_word' id='word_1_118' title='bbox 190 800 252 831; x_wconf 90' lang='lat' dir='ltr'>hoc</span> <span class='ocrx_word' id='word_1_119' title='bbox 268 800 446 836; x_wconf 88' lang='lat' dir='ltr'>accidisset,</span> <span class='ocrx_word' id='word_1_120' title='bbox 456 799 533 830; x_wconf 86' lang='lat' dir='ltr'>nihil</span> <span class='ocrx_word' id='word_1_121' title='bbox 550 799 664 829; x_wconf 85' lang='lat' dir='ltr'>referre</span> <span class='ocrx_word' id='word_1_122' title='bbox 681 799 840 840; x_wconf 84' lang='lat' dir='ltr'>putasset)</span> <span class='ocrx_word' id='word_1_123' title='bbox 854 799 935 829; x_wconf 84' lang='lat' dir='ltr'>dixit</span> <span class='ocrx_word' id='word_1_124' title='bbox 950 798 1087 830; x_wconf 86' lang='lat' dir='ltr'>hominis</span> <span class='ocrx_word' id='word_1_125' title='bbox 1102 809 1181 839; x_wconf 88' lang='lat' dir='ltr'>opus</span> <span class='ocrx_word' id='word_1_126' title='bbox 1198 809 1278 830; x_wconf 87' lang='lat' dir='ltr'>esse.</span> <span class='ocrx_word' id='word_1_127' title='bbox 1303 799 1418 830; x_wconf 84' lang='lat' dir='ltr'>Utrum</span> <span class='ocrx_word' id='word_1_128' title='bbox 1434 809 1509 830; x_wconf 82' lang='lat' dir='ltr'>vero</span> <span class='ocrx_word' id='word_1_129' title='bbox 1520 799 1663 841; x_wconf 85' lang='lat' dir='ltr'>(inquit)</span> 
     </span>
     <span class='ocr_line' id='line_1_12' title="bbox 189 852 1664 895; baseline -0.001 -10"><span class='ocrx_word' id='word_1_130' title='bbox 189 853 314 885; x_wconf 82' lang='lat' dir='ltr'>videtur</span> <span class='ocrx_word' id='word_1_131' title='bbox 327 854 384 884; x_wconf 90' lang='lat' dir='ltr'>tibi</span> <span class='ocrx_word' id='word_1_132' title='bbox 399 854 497 884; x_wconf 90' lang='lat' dir='ltr'>virtus</span> <span class='ocrx_word' id='word_1_133' title='bbox 513 853 622 884; x_wconf 86' lang='lat' dir='ltr'>doceri</span> <span class='ocrx_word' id='word_1_134' title='bbox 638 863 741 894; x_wconf 84' lang='lat' dir='ltr'>posse,</span> <span class='ocrx_word' id='word_1_135' title='bbox 758 860 813 883; x_wconf 87' lang='lat' dir='ltr'>aut</span> <span class='ocrx_word' id='word_1_136' title='bbox 837 863 854 882; x_wconf 91' lang='lat' dir='ltr'>a</span> <span class='ocrx_word' id='word_1_137' title='bbox 870 857 983 883; x_wconf 87' lang='lat' dir='ltr'>natura</span> <span class='ocrx_word' id='word_1_138' title='bbox 1011 852 1108 883; x_wconf 86' lang='lat' dir='ltr'>insita</span> <span class='ocrx_word' id='word_1_139' title='bbox 1127 852 1215 884; x_wconf 82' lang='lat' dir='ltr'>esse?</span> <span class='ocrx_word' id='word_1_140' title='bbox 1261 852 1378 883; x_wconf 85' lang='lat' dir='ltr'>Doceri</span> <span class='ocrx_word' id='word_1_141' title='bbox 1401 863 1496 894; x_wconf 89' lang='lat' dir='ltr'>posse</span> <span class='ocrx_word' id='word_1_142' title='bbox 1519 853 1664 895; x_wconf 88' lang='lat' dir='ltr'>(inquit)</span> 
     </span>
     <span class='ocr_line' id='line_1_13' title="bbox 189 906 1663 948; baseline -0.001 -9"><span class='ocrx_word' id='word_1_143' title='bbox 189 909 269 939; x_wconf 87' lang='grc'>1111111</span> <span class='ocrx_word' id='word_1_144' title='bbox 283 908 418 939; x_wconf 86' lang='lat' dir='ltr'>videtur.</span> <span class='ocrx_word' id='word_1_145' title='bbox 456 906 573 938; x_wconf 88' lang='lat' dir='ltr'>Nonne</span> <span class='ocrx_word' id='word_1_146' title='bbox 588 906 716 937; x_wconf 85' lang='lat' dir='ltr'>videtur</span> <span class='ocrx_word' id='word_1_147' title='bbox 728 907 787 937; x_wconf 87' lang='lat' dir='ltr'>tibi</span> <span class='ocrx_word' id='word_1_148' title='bbox 800 906 940 948; x_wconf 89' lang='lat' dir='ltr'>(inquit)</span> <span class='ocrx_word' id='word_1_149' title='bbox 957 906 1090 937; x_wconf 88' lang='lat' dir='ltr'>stolidus</span> <span class='ocrx_word' id='word_1_150' title='bbox 1114 916 1197 943; x_wconf 84' lang='lat' dir='ltr'>esse,</span> <span class='ocrx_word' id='word_1_151' title='bbox 1220 906 1320 948; x_wconf 85' lang='lat' dir='ltr'>siquis</span> <span class='ocrx_word' id='word_1_152' title='bbox 1343 906 1490 948; x_wconf 87' lang='lat' dir='ltr'>precibus</span> <span class='ocrx_word' id='word_1_153' title='bbox 1515 907 1555 938; x_wconf 90' lang='lat' dir='ltr'>ad</span> <span class='ocrx_word' id='word_1_154' title='bbox 1583 908 1663 938; x_wconf 86' lang='lat' dir='ltr'>deos</span> 
     </span>
     <span class='ocr_line' id='line_1_14' title="bbox 190 960 1664 1004; baseline -0.001 -11"><span class='ocrx_word' id='word_1_155' title='bbox 190 961 311 999; x_wconf 84' lang='lat' dir='ltr'>effusis,</span> <span class='ocrx_word' id='word_1_156' title='bbox 339 961 574 1004; x_wconf 86' lang='lat' dir='ltr'>grammaticum</span> <span class='ocrx_word' id='word_1_157' title='bbox 599 966 653 991; x_wconf 88' lang='lat' dir='ltr'>aut</span> <span class='ocrx_word' id='word_1_158' title='bbox 677 961 833 991; x_wconf 89' lang='lat' dir='ltr'>musicum</span> <span class='ocrx_word' id='word_1_159' title='bbox 860 970 894 990; x_wconf 89' lang='lat' dir='ltr'>se</span> <span class='ocrx_word' id='word_1_160' title='bbox 919 960 984 991; x_wconf 84' lang='lat' dir='ltr'>fore</span> <span class='ocrx_word' id='word_1_161' title='bbox 1008 965 1112 1002; x_wconf 86' lang='lat' dir='ltr'>putet,</span> <span class='ocrx_word' id='word_1_162' title='bbox 1135 967 1190 991; x_wconf 89' lang='lat' dir='ltr'>aut</span> <span class='ocrx_word' id='word_1_163' title='bbox 1211 961 1302 992; x_wconf 84' lang='lat' dir='ltr'>aliam</span> <span class='ocrx_word' id='word_1_164' title='bbox 1320 961 1481 1002; x_wconf 81' lang='lat' dir='ltr'>quandam</span> <span class='ocrx_word' id='word_1_165' title='bbox 1495 962 1664 992; x_wconf 80' lang='lat' dir='ltr'>scientiam</span> 
     </span>
     <span class='ocr_line' id='line_1_15' title="bbox 188 1014 1662 1058; baseline -0.001 -10"><span class='ocrx_word' id='word_1_166' title='bbox 188 1017 388 1058; x_wconf 77' lang='lat' dir='ltr'>adepturum,</span> <span class='ocrx_word' id='word_1_167' title='bbox 404 1015 431 1046; x_wconf 89' lang='lat' dir='ltr'>si</span> <span class='ocrx_word' id='word_1_168' title='bbox 445 1024 576 1046; x_wconf 89' lang='grc'>11000350</span> <span class='ocrx_word' id='word_1_169' title='bbox 591 1020 641 1045; x_wconf 86' lang='grc'>031</span> <span class='ocrx_word' id='word_1_170' title='bbox 656 1021 709 1045; x_wconf 85' lang='grc'>3111</span> <span class='ocrx_word' id='word_1_171' title='bbox 724 1014 764 1045; x_wconf 89' lang='lat' dir='ltr'>ab</span> <span class='ocrx_word' id='word_1_172' title='bbox 779 1014 841 1045; x_wconf 80' lang='lat' dir='ltr'>alio</span> <span class='ocrx_word' id='word_1_173' title='bbox 858 1014 1010 1046; x_wconf 87' lang='lat' dir='ltr'>discendo</span> <span class='ocrx_word' id='word_1_174' title='bbox 1026 1015 1202 1056; x_wconf 78' lang='lat' dir='ltr'><strong>acquirere,</strong></span> <span class='ocrx_word' id='word_1_175' title='bbox 1217 1020 1273 1046; x_wconf 86' lang='lat' dir='ltr'>aut</span> <span class='ocrx_word' id='word_1_176' title='bbox 1283 1020 1316 1046; x_wconf 88' lang='lat' dir='ltr'>ut</span> <span class='ocrx_word' id='word_1_177' title='bbox 1327 1015 1399 1056; x_wconf 88' lang='lat' dir='ltr'>quis</span> <span class='ocrx_word' id='word_1_178' title='bbox 1413 1015 1483 1057; x_wconf 89' lang='lat' dir='ltr'>ipse</span> <span class='ocrx_word' id='word_1_179' title='bbox 1495 1015 1662 1046; x_wconf 81' lang='lat' dir='ltr'>inveniat?</span> 
     </span>
     <span class='ocr_line' id='line_1_16' title="bbox 189 1067 1663 1111; baseline -0.001 -10"><span class='ocrx_word' id='word_1_180' title='bbox 189 1070 352 1101; x_wconf 87' lang='lat' dir='ltr'>Assensus</span> <span class='ocrx_word' id='word_1_181' title='bbox 367 1074 416 1100; x_wconf 85' lang='lat' dir='ltr'>est</span> <span class='ocrx_word' id='word_1_182' title='bbox 431 1074 464 1100; x_wconf 90' lang='lat' dir='ltr'>et</span> <span class='ocrx_word' id='word_1_183' title='bbox 478 1069 557 1100; x_wconf 84' lang='lat' dir='ltr'>haec.</span> <span class='ocrx_word' id='word_1_184' title='bbox 601 1068 718 1100; x_wconf 83' lang='lat' dir='ltr'><strong>Nonne</strong></span> <span class='ocrx_word' id='word_1_185' title='bbox 734 1067 856 1110; x_wconf 87' lang='lat' dir='ltr'>(inquit</span> <span class='ocrx_word' id='word_1_186' title='bbox 876 1068 1150 1111; x_wconf 85' lang='lat' dir='ltr'>adolescentulus)</span> <span class='ocrx_word' id='word_1_187' title='bbox 1178 1074 1222 1106; x_wconf 90' lang='lat' dir='ltr'>tu,</span> <span class='ocrx_word' id='word_1_188' title='bbox 1246 1079 1266 1099; x_wconf 93' lang='grc' dir='ltr'>ο</span> <span class='ocrx_word' id='word_1_189' title='bbox 1289 1069 1436 1106; x_wconf 86' lang='lat' dir='ltr'>Prodice,</span> <span class='ocrx_word' id='word_1_190' title='bbox 1462 1080 1560 1111; x_wconf 90' lang='lat' dir='ltr'>quum</span> <span class='ocrx_word' id='word_1_191' title='bbox 1585 1069 1663 1101; x_wconf 86' lang='lat' dir='ltr'>deos</span> 
     </span>
     <span class='ocr_line' id='line_1_17' title="bbox 190 1122 1664 1167; baseline -0.001 -11"><span class='ocrx_word' id='word_1_192' title='bbox 190 1124 331 1167; x_wconf 84' lang='lat' dir='ltr'>precaris</span> <span class='ocrx_word' id='word_1_193' title='bbox 344 1124 471 1155; x_wconf 82' lang='lat' dir='ltr'><strong>felicem</strong></span> <span class='ocrx_word' id='word_1_194' title='bbox 488 1133 679 1159; x_wconf 84' lang='lat' dir='ltr'>successum,</span> <span class='ocrx_word' id='word_1_195' title='bbox 694 1127 727 1154; x_wconf 85' lang='lat' dir='ltr'>et</span> <span class='ocrx_word' id='word_1_196' title='bbox 740 1127 776 1153; x_wconf 90' lang='lat' dir='ltr'>ut</span> <span class='ocrx_word' id='word_1_197' title='bbox 792 1124 876 1154; x_wconf 87' lang='lat' dir='ltr'>bona</span> <span class='ocrx_word' id='word_1_198' title='bbox 891 1123 949 1154; x_wconf 82' lang='lat' dir='ltr'>tibi</span> <span class='ocrx_word' id='word_1_199' title='bbox 973 1124 1172 1165; x_wconf 81' lang='lat' dir='ltr'>contingant,</span> <span class='ocrx_word' id='word_1_200' title='bbox 1199 1129 1276 1155; x_wconf 89' lang='lat' dir='ltr'>tunc</span> <span class='ocrx_word' id='word_1_201' title='bbox 1305 1122 1386 1153; x_wconf 89' lang='lat' dir='ltr'>nihil</span> <span class='ocrx_word' id='word_1_202' title='bbox 1409 1123 1495 1154; x_wconf 86' lang='lat' dir='ltr'>aliud</span> <span class='ocrx_word' id='word_1_203' title='bbox 1524 1123 1664 1165; x_wconf 86' lang='lat' dir='ltr'>precaris</span> 
     </span>
     <span class='ocr_line' id='line_1_18' title="bbox 189 1176 1664 1222; baseline -0.002 -12"><span class='ocrx_word' id='word_1_204' title='bbox 189 1189 282 1222; x_wconf 89' lang='lat' dir='ltr'>quam</span> <span class='ocrx_word' id='word_1_205' title='bbox 296 1184 331 1210; x_wconf 91' lang='lat' dir='ltr'>ut</span> <span class='ocrx_word' id='word_1_206' title='bbox 358 1182 510 1220; x_wconf 83' lang='lat' dir='ltr'>praestans</span> <span class='ocrx_word' id='word_1_207' title='bbox 537 1182 571 1208; x_wconf 87' lang='lat' dir='ltr'>et</span> <span class='ocrx_word' id='word_1_208' title='bbox 595 1177 695 1208; x_wconf 88' lang='lat' dir='ltr'>bonus</span> <span class='ocrx_word' id='word_1_209' title='bbox 725 1177 803 1207; x_wconf 87' lang='lat' dir='ltr'>fias?</span> <span class='ocrx_word' id='word_1_210' title='bbox 837 1176 864 1207; x_wconf 93' lang='lat' dir='ltr'>si</span> <span class='ocrx_word' id='word_1_211' title='bbox 890 1176 1021 1219; x_wconf 87' lang='lat' dir='ltr'>quidem</span> <span class='ocrx_word' id='word_1_212' title='bbox 1049 1177 1277 1218; x_wconf 73' lang='lat' dir='ltr'>praestantibus</span> <span class='ocrx_word' id='word_1_213' title='bbox 1302 1182 1335 1207; x_wconf 92' lang='lat' dir='ltr'>et</span> <span class='ocrx_word' id='word_1_214' title='bbox 1360 1177 1454 1208; x_wconf 87' lang='lat' dir='ltr'>bonis</span> <span class='ocrx_word' id='word_1_215' title='bbox 1483 1177 1664 1207; x_wconf 89' lang='lat' dir='ltr'>hominibus</span> 
     </span>
     <span class='ocr_line' id='line_1_19' title="bbox 189 1230 1662 1273; baseline -0.002 -9"><span class='ocrx_word' id='word_1_216' title='bbox 189 1233 284 1265; x_wconf 88' lang='lat' dir='ltr'>etiam</span> <span class='ocrx_word' id='word_1_217' title='bbox 299 1243 348 1263; x_wconf 87' lang='lat' dir='ltr'>res</span> <span class='ocrx_word' id='word_1_218' title='bbox 359 1232 449 1263; x_wconf 88' lang='lat' dir='ltr'>bonae</span> <span class='ocrx_word' id='word_1_219' title='bbox 466 1237 538 1263; x_wconf 88' lang='lat' dir='ltr'>sunt</span> <span class='ocrx_word' id='word_1_220' title='bbox 551 1243 558 1262; x_wconf 90' lang='lat'>:</span> <span class='ocrx_word' id='word_1_221' title='bbox 582 1231 672 1262; x_wconf 86' lang='grc'>1113115</span> <span class='ocrx_word' id='word_1_222' title='bbox 686 1236 803 1268; x_wconf 87' lang='lat' dir='ltr'>autem,</span> <span class='ocrx_word' id='word_1_223' title='bbox 818 1232 922 1262; x_wconf 81' lang='lat' dir='ltr'>malae.</span> <span class='ocrx_word' id='word_1_224' title='bbox 966 1232 998 1262; x_wconf 89' lang='lat' dir='ltr'>Si</span> <span class='ocrx_word' id='word_1_225' title='bbox 1013 1231 1143 1273; x_wconf 88' lang='lat' dir='ltr'>quidem</span> <span class='ocrx_word' id='word_1_226' title='bbox 1155 1231 1251 1273; x_wconf 83' lang='lat' dir='ltr'>igitur</span> <span class='ocrx_word' id='word_1_227' title='bbox 1278 1231 1379 1262; x_wconf 83' lang='lat' dir='ltr'>virtus</span> <span class='ocrx_word' id='word_1_228' title='bbox 1407 1230 1514 1262; x_wconf 90' lang='lat' dir='ltr'>doceri</span> <span class='ocrx_word' id='word_1_229' title='bbox 1546 1235 1662 1272; x_wconf 83' lang='lat' dir='ltr'>potest,</span> 
     </span>
     <span class='ocr_line' id='line_1_20' title="bbox 190 1284 1665 1328; baseline -0.002 -10"><span class='ocrx_word' id='word_1_230' title='bbox 190 1288 271 1320; x_wconf 87' lang='lat' dir='ltr'>nihil</span> <span class='ocrx_word' id='word_1_231' title='bbox 286 1286 373 1317; x_wconf 85' lang='lat' dir='ltr'>aliud</span> <span class='ocrx_word' id='word_1_232' title='bbox 386 1286 506 1328; x_wconf 84' lang='lat' dir='ltr'>precari</span> <span class='ocrx_word' id='word_1_233' title='bbox 532 1285 660 1322; x_wconf 85' lang='lat' dir='ltr'>videris,</span> <span class='ocrx_word' id='word_1_234' title='bbox 682 1295 778 1326; x_wconf 85' lang='lat' dir='ltr'>quam</span> <span class='ocrx_word' id='word_1_235' title='bbox 801 1290 838 1316; x_wconf 92' lang='lat' dir='ltr'>ut</span> <span class='ocrx_word' id='word_1_236' title='bbox 865 1285 1008 1316; x_wconf 87' lang='lat' dir='ltr'>docearis</span> <span class='ocrx_word' id='word_1_237' title='bbox 1036 1295 1076 1316; x_wconf 88' lang='lat' dir='ltr'>ea</span> <span class='ocrx_word' id='word_1_238' title='bbox 1100 1295 1170 1327; x_wconf 79' lang='lat' dir='ltr'>quae</span> <span class='ocrx_word' id='word_1_239' title='bbox 1195 1296 1258 1316; x_wconf 91' lang='lat' dir='ltr'>non</span> <span class='ocrx_word' id='word_1_240' title='bbox 1287 1285 1362 1316; x_wconf 88' lang='grc'>5015.</span> <span class='ocrx_word' id='word_1_241' title='bbox 1406 1285 1476 1326; x_wconf 79' lang='lat' dir='ltr'>Ego</span> <span class='ocrx_word' id='word_1_242' title='bbox 1503 1284 1600 1326; x_wconf 85' lang='lat' dir='ltr'>igitur</span> <span class='ocrx_word' id='word_1_243' title='bbox 1623 1284 1665 1315; x_wconf 85' lang='lat' dir='ltr'>ad</span> 
     </span>
     <span class='ocr_line' id='line_1_21' title="bbox 189 1339 1664 1381; baseline -0.003 -8"><span class='ocrx_word' id='word_1_244' title='bbox 189 1341 362 1373; x_wconf 86' lang='lat' dir='ltr'>Prodicum</span> <span class='ocrx_word' id='word_1_245' title='bbox 378 1340 521 1372; x_wconf 82' lang='lat' dir='ltr'>dicebam</span> <span class='ocrx_word' id='word_1_246' title='bbox 535 1339 621 1381; x_wconf 90' lang='lat' dir='ltr'>quod</span> <span class='ocrx_word' id='word_1_247' title='bbox 638 1340 713 1371; x_wconf 91' lang='lat' dir='ltr'>mihi</span> <span class='ocrx_word' id='word_1_248' title='bbox 727 1339 891 1370; x_wconf 90' lang='lat' dir='ltr'>videretur</span> <span class='ocrx_word' id='word_1_249' title='bbox 904 1350 969 1370; x_wconf 90' lang='lat' dir='ltr'>non</span> <span class='ocrx_word' id='word_1_250' title='bbox 981 1340 1056 1371; x_wconf 89' lang='lat' dir='ltr'>vilis</span> <span class='ocrx_word' id='word_1_251' title='bbox 1071 1350 1122 1370; x_wconf 90' lang='lat' dir='ltr'>res</span> <span class='ocrx_word' id='word_1_252' title='bbox 1136 1340 1200 1381; x_wconf 89' lang='lat' dir='ltr'>ipsi</span> <span class='ocrx_word' id='word_1_253' title='bbox 1214 1339 1379 1376; x_wconf 87' lang='lat' dir='ltr'>accidisse,</span> <span class='ocrx_word' id='word_1_254' title='bbox 1396 1339 1422 1369; x_wconf 82' lang='lat' dir='ltr'>si</span> <span class='ocrx_word' id='word_1_255' title='bbox 1447 1339 1481 1370; x_wconf 87' lang='lat' dir='ltr'>in</span> <span class='ocrx_word' id='word_1_256' title='bbox 1504 1339 1563 1370; x_wconf 88' lang='grc'>1130</span> <span class='ocrx_word' id='word_1_257' title='bbox 1588 1349 1664 1380; x_wconf 86' lang='lat' dir='ltr'>pec-</span> 
     </span>
     <span class='ocr_line' id='line_1_22' title="bbox 191 1392 1662 1436; baseline -0.003 -9"><span class='ocrx_word' id='word_1_258' title='bbox 191 1401 304 1432; x_wconf 83' lang='lat' dir='ltr'>casset,</span> <span class='ocrx_word' id='word_1_259' title='bbox 320 1400 363 1432; x_wconf 89' lang='lat' dir='ltr'>et,</span> <span class='ocrx_word' id='word_1_260' title='bbox 380 1396 404 1426; x_wconf 86' lang='lat' dir='ltr'>si</span> <span class='ocrx_word' id='word_1_261' title='bbox 418 1395 511 1426; x_wconf 84' lang='lat' dir='ltr'>nobis</span> <span class='ocrx_word' id='word_1_262' title='bbox 522 1404 561 1425; x_wconf 88' lang='lat' dir='ltr'>ea</span> <span class='ocrx_word' id='word_1_263' title='bbox 575 1404 645 1436; x_wconf 80' lang='lat' dir='ltr'>quae</span> <span class='ocrx_word' id='word_1_264' title='bbox 661 1404 680 1424; x_wconf 85' lang='grc'>3</span> <span class='ocrx_word' id='word_1_265' title='bbox 696 1394 757 1424; x_wconf 82' lang='grc'>(1115</span> <span class='ocrx_word' id='word_1_266' title='bbox 772 1404 947 1435; x_wconf 75' lang='lat' dir='ltr'>precamur,</span> <span class='ocrx_word' id='word_1_267' title='bbox 963 1394 1058 1424; x_wconf 87' lang='lat' dir='ltr'>simul</span> <span class='ocrx_word' id='word_1_268' title='bbox 1073 1394 1169 1424; x_wconf 86' lang='lat' dir='ltr'>etiam</span> <span class='ocrx_word' id='word_1_269' title='bbox 1188 1394 1370 1435; x_wconf 83' lang='lat' dir='ltr'>contingere</span> <span class='ocrx_word' id='word_1_270' title='bbox 1394 1398 1530 1434; x_wconf 84' lang='lat' dir='ltr'>putaret.</span> <span class='ocrx_word' id='word_1_271' title='bbox 1575 1392 1662 1424; x_wconf 85' lang='lat' dir='ltr'>Nam</span> 
     </span>
     <span class='ocr_line' id='line_1_23' title="bbox 191 1447 1664 1489; baseline -0.002 -8"><span class='ocrx_word' id='word_1_272' title='bbox 191 1450 317 1481; x_wconf 87' lang='lat' dir='ltr'>etiamsi</span> <span class='ocrx_word' id='word_1_273' title='bbox 329 1449 464 1480; x_wconf 85' lang='lat' dir='ltr'>subinde</span> <span class='ocrx_word' id='word_1_274' title='bbox 480 1459 613 1489; x_wconf 85' lang='lat' dir='ltr'>propere</span> <span class='ocrx_word' id='word_1_275' title='bbox 630 1447 671 1479; x_wconf 89' lang='lat' dir='ltr'>ad</span> <span class='ocrx_word' id='word_1_276' title='bbox 685 1448 848 1479; x_wconf 81' lang='lat' dir='ltr'>civitatem</span> <span class='ocrx_word' id='word_1_277' title='bbox 863 1447 965 1484; x_wconf 86' lang='lat' dir='ltr'>vadis,</span> <span class='ocrx_word' id='word_1_278' title='bbox 983 1452 1015 1479; x_wconf 86' lang='lat' dir='ltr'>et</span> <span class='ocrx_word' id='word_1_279' title='bbox 1030 1447 1194 1479; x_wconf 19' lang='lat' dir='ltr'>adorando*</span> <span class='ocrx_word' id='word_1_280' title='bbox 1213 1458 1232 1478; x_wconf 91' lang='lat' dir='ltr'>a</span> <span class='ocrx_word' id='word_1_281' title='bbox 1247 1448 1308 1478; x_wconf 89' lang='lat' dir='ltr'>diis</span> <span class='ocrx_word' id='word_1_282' title='bbox 1333 1447 1417 1488; x_wconf 87' lang='lat' dir='ltr'>petis</span> <span class='ocrx_word' id='word_1_283' title='bbox 1443 1452 1480 1478; x_wconf 89' lang='lat' dir='ltr'>ut</span> <span class='ocrx_word' id='word_1_284' title='bbox 1499 1448 1590 1478; x_wconf 84' lang='lat' dir='ltr'>dent·</span> <span class='ocrx_word' id='word_1_285' title='bbox 1604 1447 1664 1478; x_wconf 84' lang='lat' dir='ltr'>tibi</span> 
     </span>
     <span class='ocr_line' id='line_1_24' title="bbox 191 1500 1662 1543; baseline -0.003 -8"><span class='ocrx_word' id='word_1_286' title='bbox 191 1504 294 1535; x_wconf 89' lang='lat' dir='ltr'>bona:</span> <span class='ocrx_word' id='word_1_287' title='bbox 319 1503 404 1535; x_wconf 86' lang='lat' dir='ltr'>nosti</span> <span class='ocrx_word' id='word_1_288' title='bbox 417 1508 534 1538; x_wconf 83' lang='lat' dir='ltr'>tamen,</span> <span class='ocrx_word' id='word_1_289' title='bbox 549 1502 622 1533; x_wconf 89' lang='grc'>11103</span> <span class='ocrx_word' id='word_1_290' title='bbox 636 1513 699 1533; x_wconf 86' lang='grc'>11011</span> <span class='ocrx_word' id='word_1_291' title='bbox 713 1513 806 1543; x_wconf 85' lang='lat' dir='ltr'>posse</span> <span class='ocrx_word' id='word_1_292' title='bbox 831 1503 898 1533; x_wconf 85' lang='lat' dir='ltr'>haec</span> <span class='ocrx_word' id='word_1_293' title='bbox 925 1502 983 1533; x_wconf 87' lang='lat' dir='ltr'>tibi</span> <span class='ocrx_word' id='word_1_294' title='bbox 997 1502 1071 1532; x_wconf 89' lang='lat' dir='ltr'>dare</span> <span class='ocrx_word' id='word_1_295' title='bbox 1095 1512 1166 1542; x_wconf 68' lang='lat' dir='ltr'>qua&gt;</span> <span class='ocrx_word' id='word_1_296' title='bbox 1192 1505 1225 1532; x_wconf 86' lang='lat' dir='ltr'>tu</span> <span class='ocrx_word' id='word_1_297' title='bbox 1247 1501 1342 1542; x_wconf 82' lang='lat' dir='ltr'>petis.</span> <span class='ocrx_word' id='word_1_298' title='bbox 1387 1500 1662 1538; x_wconf 80' lang='lat' dir='ltr'>Quemadmodum</span> 
     </span>
     <span class='ocr_line' id='line_1_25' title="bbox 192 1554 1663 1599; baseline -0.003 -11"><span class='ocrx_word' id='word_1_299' title='bbox 192 1557 220 1588; x_wconf 86' lang='lat' dir='ltr'>si</span> <span class='ocrx_word' id='word_1_300' title='bbox 234 1558 274 1588; x_wconf 91' lang='lat' dir='ltr'>ad</span> <span class='ocrx_word' id='word_1_301' title='bbox 296 1557 520 1599; x_wconf 85' lang='lat' dir='ltr'>grammatistae</span> <span class='ocrx_word' id='word_1_302' title='bbox 534 1556 619 1586; x_wconf 88' lang='lat' dir='ltr'>fores</span> <span class='ocrx_word' id='word_1_303' title='bbox 634 1555 812 1592; x_wconf 82' lang='lat' dir='ltr'>accederes,</span> <span class='ocrx_word' id='word_1_304' title='bbox 828 1561 862 1586; x_wconf 91' lang='lat' dir='ltr'>et</span> <span class='ocrx_word' id='word_1_305' title='bbox 878 1561 1001 1597; x_wconf 84' lang='lat' dir='ltr'>peteres</span> <span class='ocrx_word' id='word_1_306' title='bbox 1014 1561 1050 1586; x_wconf 90' lang='lat' dir='ltr'>ut</span> <span class='ocrx_word' id='word_1_307' title='bbox 1066 1554 1153 1585; x_wconf 89' lang='lat' dir='ltr'>daret</span> <span class='ocrx_word' id='word_1_308' title='bbox 1167 1555 1224 1586; x_wconf 90' lang='lat' dir='ltr'>tibi</span> <span class='ocrx_word' id='word_1_309' title='bbox 1241 1555 1474 1596; x_wconf 80' lang='lat' dir='ltr'>grammaticam</span> <span class='ocrx_word' id='word_1_310' title='bbox 1488 1555 1663 1591; x_wconf 84' lang='lat' dir='ltr'>scientiam,</span> 
     </span>
     <span class='ocr_line' id='line_1_26' title="bbox 193 1608 1666 1653; baseline -0.003 -11"><span class='ocrx_word' id='word_1_311' title='bbox 193 1612 248 1653; x_wconf 88' lang='lat' dir='ltr'>qui</span> <span class='ocrx_word' id='word_1_312' title='bbox 262 1612 344 1642; x_wconf 86' lang='lat' dir='ltr'>nihil</span> <span class='ocrx_word' id='word_1_313' title='bbox 358 1611 443 1641; x_wconf 85' lang='lat' dir='ltr'>aliud</span> <span class='ocrx_word' id='word_1_314' title='bbox 460 1610 528 1652; x_wconf 91' lang='lat' dir='ltr'>ejus</span> <span class='ocrx_word' id='word_1_315' title='bbox 545 1611 644 1651; x_wconf 81' lang='lat' dir='ltr'>gratia</span> <span class='ocrx_word' id='word_1_316' title='bbox 667 1614 845 1645; x_wconf 82' lang='lat' dir='ltr'>tractasses,</span> <span class='ocrx_word' id='word_1_317' title='bbox 867 1609 924 1639; x_wconf 88' lang='lat' dir='ltr'>sed</span> <span class='ocrx_word' id='word_1_318' title='bbox 949 1619 1012 1650; x_wconf 91' lang='lat' dir='ltr'>qua</span> <span class='ocrx_word' id='word_1_319' title='bbox 1035 1617 1167 1649; x_wconf 88' lang='lat' dir='ltr'>accepta</span> <span class='ocrx_word' id='word_1_320' title='bbox 1188 1608 1296 1639; x_wconf 88' lang='lat' dir='ltr'>statim</span> <span class='ocrx_word' id='word_1_321' title='bbox 1319 1609 1416 1639; x_wconf 89' lang='grc'>0113111</span> <span class='ocrx_word' id='word_1_322' title='bbox 1444 1610 1666 1650; x_wconf 74' lang='lat' dir='ltr'>grammatistzr·</span> 
     </span>
     <span class='ocr_line' id='line_1_27' title="bbox 192 1662 1666 1707; baseline -0.003 -10"><span class='ocrx_word' id='word_1_323' title='bbox 192 1676 290 1707; x_wconf 86' lang='lat' dir='ltr'>opera</span> <span class='ocrx_word' id='word_1_324' title='bbox 315 1665 448 1696; x_wconf 81' lang='lat' dir='ltr'>faceres.</span> <span class='ocrx_word' id='word_1_325' title='bbox 494 1664 573 1694; x_wconf 76' lang='lat' dir='ltr'>Haec</span> <span class='ocrx_word' id='word_1_326' title='bbox 588 1674 638 1694; x_wconf 88' lang='lat' dir='ltr'>me</span> <span class='ocrx_word' id='word_1_327' title='bbox 653 1663 960 1704; x_wconf 83' lang='lat' dir='ltr'>dicente‚Prodicus</span> <span class='ocrx_word' id='word_1_328' title='bbox 986 1663 1019 1693; x_wconf 91' lang='lat' dir='ltr'>in</span> <span class='ocrx_word' id='word_1_329' title='bbox 1045 1663 1320 1693; x_wconf 85' lang='lat' dir='ltr'>adolescentulum</span> <span class='ocrx_word' id='word_1_330' title='bbox 1343 1662 1562 1700; x_wconf 80' lang='lat' dir='ltr'>invehebatur,</span> <span class='ocrx_word' id='word_1_331' title='bbox 1578 1664 1666 1694; x_wconf 85' lang='lat' dir='ltr'>velut</span> 
     </span>
     <span class='ocr_line' id='line_1_28' title="bbox 192 1716 1666 1759; baseline -0.002 -9"><span class='ocrx_word' id='word_1_332' title='bbox 192 1720 327 1757; x_wconf 81' lang='lat' dir='ltr'>ulturus,</span> <span class='ocrx_word' id='word_1_333' title='bbox 340 1725 373 1750; x_wconf 89' lang='lat' dir='ltr'>et</span> <span class='ocrx_word' id='word_1_334' title='bbox 395 1718 666 1749; x_wconf 81' lang='lat' dir='ltr'>demonstraturus</span> <span class='ocrx_word' id='word_1_335' title='bbox 692 1718 760 1749; x_wconf 88' lang='lat' dir='ltr'>haec</span> <span class='ocrx_word' id='word_1_336' title='bbox 782 1728 852 1759; x_wconf 86' lang='lat' dir='ltr'>quae</span> <span class='ocrx_word' id='word_1_337' title='bbox 875 1723 909 1748; x_wconf 89' lang='lat' dir='ltr'>tu</span> <span class='ocrx_word' id='word_1_338' title='bbox 931 1728 1014 1748; x_wconf 89' lang='lat' dir='ltr'>nunc</span> <span class='ocrx_word' id='word_1_339' title='bbox 1041 1716 1140 1758; x_wconf 84' lang='lat'>[399]</span> <span class='ocrx_word' id='word_1_340' title='bbox 1167 1717 1299 1747; x_wconf 85' lang='lat' dir='ltr'>moleste</span> <span class='ocrx_word' id='word_1_341' title='bbox 1329 1716 1432 1747; x_wconf 85' lang='lat' dir='ltr'>ferens</span> <span class='ocrx_word' id='word_1_342' title='bbox 1457 1717 1483 1747; x_wconf 78' lang='lat' dir='ltr'>si</span> <span class='ocrx_word' id='word_1_343' title='bbox 1504 1716 1666 1748; x_wconf 86' lang='lat' dir='ltr'>videretur</span> 
     </span>
     <span class='ocr_line' id='line_1_29' title="bbox 194 1770 1667 1814; baseline -0.004 -8"><span class='ocrx_word' id='word_1_344' title='bbox 194 1773 308 1806; x_wconf 78' lang='lat' dir='ltr'>frustra</span> <span class='ocrx_word' id='word_1_345' title='bbox 337 1774 416 1804; x_wconf 90' lang='lat' dir='ltr'>deos</span> <span class='ocrx_word' id='word_1_346' title='bbox 444 1772 577 1814; x_wconf 86' lang='lat' dir='ltr'>precari.</span> <span class='ocrx_word' id='word_1_347' title='bbox 624 1771 750 1803; x_wconf 81' lang='lat' dir='ltr'>Deinde</span> <span class='ocrx_word' id='word_1_348' title='bbox 782 1782 965 1813; x_wconf 76' lang='lat' dir='ltr'>progressus</span> <span class='ocrx_word' id='word_1_349' title='bbox 980 1771 1248 1814; x_wconf 84' lang='lat' dir='ltr'>Gymnasiarchus</span> <span class='ocrx_word' id='word_1_350' title='bbox 1260 1770 1366 1812; x_wconf 87' lang='lat' dir='ltr'>ipsum</span> <span class='ocrx_word' id='word_1_351' title='bbox 1389 1781 1406 1801; x_wconf 92' lang='lat' dir='ltr'>e</span> <span class='ocrx_word' id='word_1_352' title='bbox 1423 1770 1589 1812; x_wconf 82' lang='lat' dir='ltr'>gymnasio</span> <span class='ocrx_word' id='word_1_353' title='bbox 1605 1770 1667 1801; x_wconf 75' lang='lat' dir='ltr'>dis-</span> 
     </span>
     <span class='ocr_line' id='line_1_30' title="bbox 195 1824 1666 1870; baseline -0.004 -10"><span class='ocrx_word' id='word_1_354' title='bbox 195 1829 309 1861; x_wconf 86' lang='lat' dir='ltr'>cedere</span> <span class='ocrx_word' id='word_1_355' title='bbox 321 1827 467 1870; x_wconf 80' lang='lat' dir='ltr'>jubebat,</span> <span class='ocrx_word' id='word_1_356' title='bbox 488 1827 572 1858; x_wconf 89' lang='lat' dir='ltr'>velut</span> <span class='ocrx_word' id='word_1_357' title='bbox 585 1827 639 1868; x_wconf 92' lang='lat' dir='ltr'>qui</span> <span class='ocrx_word' id='word_1_358' title='bbox 655 1836 718 1857; x_wconf 90' lang='lat' dir='ltr'>non</span> <span class='ocrx_word' id='word_1_359' title='bbox 746 1825 863 1857; x_wconf 87' lang='lat' dir='ltr'>idonea</span> <span class='ocrx_word' id='word_1_360' title='bbox 882 1825 1054 1867; x_wconf 84' lang='lat' dir='ltr'>juvenibus</span> <span class='ocrx_word' id='word_1_361' title='bbox 1084 1825 1271 1855; x_wconf 82' lang='lat' dir='ltr'>dissereret:</span> <span class='ocrx_word' id='word_1_362' title='bbox 1298 1824 1323 1854; x_wconf 89' lang='lat' dir='ltr'>si</span> <span class='ocrx_word' id='word_1_363' title='bbox 1346 1834 1422 1855; x_wconf 87' lang='lat' dir='ltr'>vero</span> <span class='ocrx_word' id='word_1_364' title='bbox 1451 1834 1515 1855; x_wconf 90' lang='grc'>11011</span> <span class='ocrx_word' id='word_1_365' title='bbox 1539 1824 1666 1860; x_wconf 83' lang='lat' dir='ltr'>idonea,</span> 
     </span>
     <span class='ocr_line' id='line_1_31' title="bbox 194 1879 1668 1924; baseline -0.003 -10"><span class='ocrx_word' id='word_1_366' title='bbox 194 1883 346 1915; x_wconf 88' lang='lat' dir='ltr'>nimirum</span> <span class='ocrx_word' id='word_1_367' title='bbox 366 1884 461 1915; x_wconf 86' lang='lat' dir='ltr'>mala.</span> <span class='ocrx_word' id='word_1_368' title='bbox 508 1883 586 1914; x_wconf 86' lang='lat' dir='ltr'>Haec</span> <span class='ocrx_word' id='word_1_369' title='bbox 603 1893 674 1913; x_wconf 81' lang='lat' dir='ltr'>vero</span> <span class='ocrx_word' id='word_1_370' title='bbox 689 1882 780 1924; x_wconf 82' lang='lat' dir='ltr'>hujus</span> <span class='ocrx_word' id='word_1_371' title='bbox 797 1882 896 1924; x_wconf 85' lang='lat' dir='ltr'>gratia</span> <span class='ocrx_word' id='word_1_372' title='bbox 912 1882 969 1913; x_wconf 86' lang='lat' dir='ltr'>tibi</span> <span class='ocrx_word' id='word_1_373' title='bbox 984 1881 1142 1917; x_wconf 89' lang='lat' dir='ltr'>recensui,</span> <span class='ocrx_word' id='word_1_374' title='bbox 1161 1886 1197 1911; x_wconf 88' lang='lat' dir='ltr'>ut</span> <span class='ocrx_word' id='word_1_375' title='bbox 1211 1880 1321 1910; x_wconf 86' lang='lat' dir='ltr'>videas</span> <span class='ocrx_word' id='word_1_376' title='bbox 1344 1879 1504 1921; x_wconf 90' lang='lat' dir='ltr'>quomodo</span> <span class='ocrx_word' id='word_1_377' title='bbox 1523 1879 1668 1911; x_wconf 87' lang='lat' dir='ltr'>homines</span> 
     </span>
     <span class='ocr_line' id='line_1_32' title="bbox 195 1933 1666 1979; baseline -0.003 -11"><span class='ocrx_word' id='word_1_378' title='bbox 195 1938 304 1969; x_wconf 80' lang='lat' dir='ltr'>affecti</span> <span class='ocrx_word' id='word_1_379' title='bbox 318 1943 391 1968; x_wconf 84' lang='lat' dir='ltr'>sunt</span> <span class='ocrx_word' id='word_1_380' title='bbox 404 1947 479 1979; x_wconf 86' lang='lat' dir='ltr'>erga</span> <span class='ocrx_word' id='word_1_381' title='bbox 494 1936 738 1978; x_wconf 83' lang='lat' dir='ltr'>philosophiam.</span> <span class='ocrx_word' id='word_1_382' title='bbox 769 1936 922 1967; x_wconf 82' lang='lat' dir='ltr'>Prodicus</span> <span class='ocrx_word' id='word_1_383' title='bbox 938 1936 1022 1966; x_wconf 87' lang='lat' dir='ltr'>enirn</span> <span class='ocrx_word' id='word_1_384' title='bbox 1039 1945 1153 1977; x_wconf 82' lang='lat' dir='ltr'>nuper,</span> <span class='ocrx_word' id='word_1_385' title='bbox 1173 1945 1269 1976; x_wconf 89' lang='lat' dir='ltr'>quum</span> <span class='ocrx_word' id='word_1_386' title='bbox 1285 1935 1352 1965; x_wconf 82' lang='lat' dir='ltr'>haec</span> <span class='ocrx_word' id='word_1_387' title='bbox 1374 1933 1506 1970; x_wconf 88' lang='lat' dir='ltr'>diceret,</span> <span class='ocrx_word' id='word_1_388' title='bbox 1530 1934 1666 1964; x_wconf 82' lang='lat' dir='ltr'>insanire</span> 
     </span>
     <span class='ocr_line' id='line_1_33' title="bbox 196 1988 1667 2034; baseline -0.003 -11"><span class='ocrx_word' id='word_1_389' title='bbox 196 1992 405 2034; x_wconf 82' lang='lat' dir='ltr'>praesentibus</span> <span class='ocrx_word' id='word_1_390' title='bbox 421 1991 597 2028; x_wconf 84' lang='lat' dir='ltr'>videbatur,</span> <span class='ocrx_word' id='word_1_391' title='bbox 615 1990 695 2021; x_wconf 87' lang='lat' dir='ltr'>adeo</span> <span class='ocrx_word' id='word_1_392' title='bbox 721 1995 756 2021; x_wconf 88' lang='lat' dir='ltr'>ut</span> <span class='ocrx_word' id='word_1_393' title='bbox 783 1990 879 2022; x_wconf 87' lang='lat' dir='ltr'>etiam</span> <span class='ocrx_word' id='word_1_394' title='bbox 903 2002 920 2021; x_wconf 94' lang='lat' dir='ltr'>e</span> <span class='ocrx_word' id='word_1_395' title='bbox 946 1989 1110 2033; x_wconf 78' lang='lat' dir='ltr'>gymnasio</span> <span class='ocrx_word' id='word_1_396' title='bbox 1134 1988 1322 2030; x_wconf 82' lang='lat' dir='ltr'>ejiceretur:</span> <span class='ocrx_word' id='word_1_397' title='bbox 1348 1993 1381 2019; x_wconf 88' lang='lat' dir='ltr'>tu</span> <span class='ocrx_word' id='word_1_398' title='bbox 1407 1998 1481 2019; x_wconf 78' lang='lat' dir='ltr'>vero</span> <span class='ocrx_word' id='word_1_399' title='bbox 1506 1998 1591 2019; x_wconf 91' lang='lat' dir='ltr'>nunc</span> <span class='ocrx_word' id='word_1_400' title='bbox 1620 1988 1667 2019; x_wconf 80' lang='lat' dir='ltr'>ita</span> 
     </span>
     <span class='ocr_line' id='line_1_34' title="bbox 195 2041 1670 2085; baseline -0.003 -9"><span class='ocrx_word' id='word_1_401' title='bbox 195 2047 399 2078; x_wconf 85' lang='lat' dir='ltr'>vehementer</span> <span class='ocrx_word' id='word_1_402' title='bbox 412 2046 495 2076; x_wconf 90' lang='lat' dir='ltr'>bene</span> <span class='ocrx_word' id='word_1_403' title='bbox 509 2045 694 2076; x_wconf 88' lang='lat' dir='ltr'>disseruisse</span> <span class='ocrx_word' id='word_1_404' title='bbox 704 2044 834 2082; x_wconf 84' lang='lat' dir='ltr'>videris,</span> <span class='ocrx_word' id='word_1_405' title='bbox 850 2050 884 2076; x_wconf 90' lang='lat' dir='ltr'>ut</span> <span class='ocrx_word' id='word_1_406' title='bbox 898 2054 963 2075; x_wconf 88' lang='grc'>11011</span> <span class='ocrx_word' id='word_1_407' title='bbox 975 2045 1076 2074; x_wconf 88' lang='lat' dir='ltr'>solum</span> <span class='ocrx_word' id='word_1_408' title='bbox 1089 2042 1296 2085; x_wconf 85' lang='lat' dir='ltr'>praesentibus</span> <span class='ocrx_word' id='word_1_409' title='bbox 1320 2042 1524 2083; x_wconf 83' lang='lat' dir='ltr'>persuaseris,</span> <span class='ocrx_word' id='word_1_410' title='bbox 1549 2041 1617 2078; x_wconf 86' lang='lat' dir='ltr'>sed,</span> <span class='ocrx_word' id='word_1_411' title='bbox 1633 2047 1670 2072; x_wconf 91' lang='lat' dir='ltr'>ut</span> 
     </span>
     <span class='ocr_line' id='line_1_35' title="bbox 196 2095 1668 2138; baseline -0.003 -7"><span class='ocrx_word' id='word_1_412' title='bbox 196 2101 294 2132; x_wconf 83' lang='grc'>0113111</span> <span class='ocrx_word' id='word_1_413' title='bbox 308 2100 504 2131; x_wconf 87' lang='lat' dir='ltr'>adversarius</span> <span class='ocrx_word' id='word_1_414' title='bbox 513 2099 573 2130; x_wconf 84' lang='lat' dir='ltr'>tibi</span> <span class='ocrx_word' id='word_1_415' title='bbox 589 2099 790 2136; x_wconf 85' lang='lat' dir='ltr'>assentiatur,</span> <span class='ocrx_word' id='word_1_416' title='bbox 806 2098 960 2130; x_wconf 81' lang='lat' dir='ltr'>effeceris.</span> <span class='ocrx_word' id='word_1_417' title='bbox 1008 2096 1286 2135; x_wconf 85' lang='lat' dir='ltr'>Quemadmodum</span> <span class='ocrx_word' id='word_1_418' title='bbox 1300 2096 1396 2136; x_wconf 87' lang='lat' dir='ltr'>igitur</span> <span class='ocrx_word' id='word_1_419' title='bbox 1419 2096 1453 2127; x_wconf 87' lang='lat' dir='ltr'>in</span> <span class='ocrx_word' id='word_1_420' title='bbox 1470 2095 1611 2138; x_wconf 88' lang='lat' dir='ltr'>judiciis,</span> <span class='ocrx_word' id='word_1_421' title='bbox 1640 2095 1668 2126; x_wconf 83' lang='lat' dir='ltr'>si</span> 
     </span>
     <span class='ocr_line' id='line_1_36' title="bbox 195 2151 1667 2194; baseline -0.003 -9"><span class='ocrx_word' id='word_1_422' title='bbox 195 2154 258 2185; x_wconf 91' lang='lat' dir='ltr'>duo</span> <span class='ocrx_word' id='word_1_423' title='bbox 269 2154 414 2185; x_wconf 89' lang='lat' dir='ltr'>homines</span> <span class='ocrx_word' id='word_1_424' title='bbox 427 2154 513 2185; x_wconf 89' lang='lat' dir='ltr'>idem</span> <span class='ocrx_word' id='word_1_425' title='bbox 529 2154 742 2184; x_wconf 83' lang='lat' dir='ltr'>testimonium</span> <span class='ocrx_word' id='word_1_426' title='bbox 758 2153 934 2194; x_wconf 85' lang='lat' dir='ltr'>perhibent,</span> <span class='ocrx_word' id='word_1_427' title='bbox 950 2152 1040 2188; x_wconf 80' lang='lat' dir='ltr'>alter,</span> <span class='ocrx_word' id='word_1_428' title='bbox 1053 2151 1108 2193; x_wconf 90' lang='lat' dir='ltr'>qui</span> <span class='ocrx_word' id='word_1_429' title='bbox 1121 2157 1273 2193; x_wconf 82' lang='lat' dir='ltr'>praestans</span> <span class='ocrx_word' id='word_1_430' title='bbox 1287 2156 1320 2181; x_wconf 92' lang='lat' dir='ltr'>et</span> <span class='ocrx_word' id='word_1_431' title='bbox 1331 2151 1430 2181; x_wconf 87' lang='lat' dir='ltr'>bonus</span> <span class='ocrx_word' id='word_1_432' title='bbox 1444 2161 1513 2181; x_wconf 86' lang='lat' dir='ltr'>esse</span> <span class='ocrx_word' id='word_1_433' title='bbox 1529 2151 1667 2186; x_wconf 77' lang='lat' dir='ltr'>videtur,</span> 
     </span>
     <span class='ocr_line' id='line_1_37' title="bbox 194 2203 1667 2248; baseline -0.004 -9"><span class='ocrx_word' id='word_1_434' title='bbox 194 2209 285 2244; x_wconf 88' lang='lat' dir='ltr'>alter,</span> <span class='ocrx_word' id='word_1_435' title='bbox 316 2208 436 2238; x_wconf 91' lang='lat' dir='ltr'>malus:</span> <span class='ocrx_word' id='word_1_436' title='bbox 461 2212 592 2248; x_wconf 87' lang='lat' dir='ltr'>propter</span> <span class='ocrx_word' id='word_1_437' title='bbox 612 2207 688 2238; x_wconf 89' lang='lat' dir='ltr'>mali</span> <span class='ocrx_word' id='word_1_438' title='bbox 699 2206 914 2237; x_wconf 86' lang='lat' dir='ltr'>testimonium</span> <span class='ocrx_word' id='word_1_439' title='bbox 945 2206 1046 2236; x_wconf 81' lang='lat' dir='ltr'>nihilo</span> <span class='ocrx_word' id='word_1_440' title='bbox 1067 2205 1167 2247; x_wconf 80' lang='lat' dir='ltr'>magis</span> <span class='ocrx_word' id='word_1_441' title='bbox 1187 2204 1314 2246; x_wconf 83' lang='lat' dir='ltr'>judices</span> <span class='ocrx_word' id='word_1_442' title='bbox 1336 2205 1577 2246; x_wconf 89' lang='lat' dir='ltr'>persuadentur,</span> <span class='ocrx_word' id='word_1_443' title='bbox 1609 2203 1667 2234; x_wconf 83' lang='lat' dir='ltr'>sed</span> 
     </span>
     <span class='ocr_line' id='line_1_38' title="bbox 196 2257 1667 2302; baseline -0.003 -9"><span class='ocrx_word' id='word_1_444' title='bbox 196 2262 337 2293; x_wconf 77' lang='lat' dir='ltr'>fortassis</span> <span class='ocrx_word' id='word_1_445' title='bbox 348 2262 441 2293; x_wconf 84' lang='lat' dir='ltr'>etiam</span> <span class='ocrx_word' id='word_1_446' title='bbox 459 2262 612 2292; x_wconf 85' lang='lat' dir='ltr'>contraria</span> <span class='ocrx_word' id='word_1_447' title='bbox 623 2261 766 2292; x_wconf 88' lang='lat' dir='ltr'>faciunt:</span> <span class='ocrx_word' id='word_1_448' title='bbox 792 2261 819 2292; x_wconf 90' lang='grc'>51</span> <span class='ocrx_word' id='word_1_449' title='bbox 833 2271 907 2291; x_wconf 85' lang='lat' dir='ltr'>vero</span> <span class='ocrx_word' id='word_1_450' title='bbox 922 2265 1076 2302; x_wconf 66' lang='lat' dir='ltr'>praestans</span> <span class='ocrx_word' id='word_1_451' title='bbox 1092 2265 1124 2290; x_wconf 88' lang='lat' dir='ltr'>et</span> <span class='ocrx_word' id='word_1_452' title='bbox 1139 2259 1240 2290; x_wconf 90' lang='lat' dir='ltr'>bonus</span> <span class='ocrx_word' id='word_1_453' title='bbox 1252 2259 1305 2289; x_wconf 87' lang='grc'>1110</span> <span class='ocrx_word' id='word_1_454' title='bbox 1329 2259 1396 2289; x_wconf 81' lang='lat' dir='ltr'>haec</span> <span class='ocrx_word' id='word_1_455' title='bbox 1421 2257 1546 2294; x_wconf 79' lang='lat' dir='ltr'>dixerit,</span> <span class='ocrx_word' id='word_1_456' title='bbox 1570 2258 1667 2289; x_wconf 87' lang='lat' dir='ltr'>etiam</span> 
     </span>
     <span class='ocr_line' id='line_1_39' title="bbox 197 2311 1667 2355; baseline -0.003 -9"><span class='ocrx_word' id='word_1_457' title='bbox 197 2316 401 2346; x_wconf 78' lang='lat' dir='ltr'>vehementer</span> <span class='ocrx_word' id='word_1_458' title='bbox 412 2325 486 2346; x_wconf 82' lang='lat' dir='ltr'>vera</span> <span class='ocrx_word' id='word_1_459' title='bbox 500 2325 568 2346; x_wconf 90' lang='lat' dir='ltr'>esse</span> <span class='ocrx_word' id='word_1_460' title='bbox 591 2315 794 2346; x_wconf 85' lang='lat' dir='ltr'>videbuntur.</span> <span class='ocrx_word' id='word_1_461' title='bbox 841 2314 996 2346; x_wconf 83' lang='lat' dir='ltr'>Fortassis</span> <span class='ocrx_word' id='word_1_462' title='bbox 1018 2314 1115 2355; x_wconf 83' lang='lat' dir='ltr'>igitur</span> <span class='ocrx_word' id='word_1_463' title='bbox 1137 2313 1234 2344; x_wconf 88' lang='lat' dir='ltr'>etiarn</span> <span class='ocrx_word' id='word_1_464' title='bbox 1259 2312 1467 2354; x_wconf 83' lang='lat' dir='ltr'>praesentibus</span> <span class='ocrx_word' id='word_1_465' title='bbox 1497 2313 1560 2342; x_wconf 86' lang='lat' dir='ltr'>tale</span> <span class='ocrx_word' id='word_1_466' title='bbox 1589 2311 1667 2353; x_wconf 85' lang='lat' dir='ltr'>quid</span> 
     </span>
     <span class='ocr_line' id='line_1_40' title="bbox 198 2368 1668 2410; baseline -0.003 -10"><span class='ocrx_word' id='word_1_467' title='bbox 198 2369 316 2401; x_wconf 75' lang='lat' dir='ltr'>accidit</span> <span class='ocrx_word' id='word_1_468' title='bbox 327 2379 402 2410; x_wconf 86' lang='lat' dir='ltr'>erga</span> <span class='ocrx_word' id='word_1_469' title='bbox 415 2374 448 2399; x_wconf 88' lang='lat' dir='ltr'>te</span> <span class='ocrx_word' id='word_1_470' title='bbox 463 2374 495 2400; x_wconf 89' lang='lat' dir='ltr'>et</span> <span class='ocrx_word' id='word_1_471' title='bbox 510 2369 690 2405; x_wconf 86' lang='lat' dir='ltr'>Prodicum,</span> <span class='ocrx_word' id='word_1_472' title='bbox 706 2374 739 2400; x_wconf 92' lang='lat' dir='ltr'>et</span> <span class='ocrx_word' id='word_1_473' title='bbox 753 2368 845 2400; x_wconf 88' lang='lat' dir='ltr'>illum</span> <span class='ocrx_word' id='word_1_474' title='bbox 861 2368 988 2409; x_wconf 87' lang='lat' dir='ltr'>quidem</span> <span class='ocrx_word' id='word_1_475' title='bbox 1006 2368 1188 2409; x_wconf 87' lang='lat' dir='ltr'>Sophistam</span> <span class='ocrx_word' id='word_1_476' title='bbox 1200 2372 1232 2398; x_wconf 87' lang='lat' dir='ltr'>et</span> <span class='ocrx_word' id='word_1_477' title='bbox 1248 2374 1447 2408; x_wconf 86' lang='lat' dir='ltr'>arrogantem</span> <span class='ocrx_word' id='word_1_478' title='bbox 1460 2376 1528 2397; x_wconf 88' lang='lat' dir='ltr'>esse</span> <span class='ocrx_word' id='word_1_479' title='bbox 1540 2371 1668 2407; x_wconf 87' lang='lat' dir='ltr'>putant,</span> 
     </span>
     <span class='ocr_line' id='line_1_41' title="bbox 196 2421 1668 2464; baseline -0.002 -11"><span class='ocrx_word' id='word_1_480' title='bbox 196 2429 230 2454; x_wconf 88' lang='lat' dir='ltr'>te</span> <span class='ocrx_word' id='word_1_481' title='bbox 244 2433 320 2454; x_wconf 88' lang='lat' dir='ltr'>vero</span> <span class='ocrx_word' id='word_1_482' title='bbox 337 2422 437 2453; x_wconf 88' lang='lat' dir='ltr'>virum</span> <span class='ocrx_word' id='word_1_483' title='bbox 453 2423 577 2453; x_wconf 89' lang='lat' dir='ltr'>civilem</span> <span class='ocrx_word' id='word_1_484' title='bbox 593 2428 627 2453; x_wconf 92' lang='lat' dir='ltr'>et</span> <span class='ocrx_word' id='word_1_485' title='bbox 638 2432 759 2464; x_wconf 83' lang='lat' dir='ltr'>magnae</span> <span class='ocrx_word' id='word_1_486' title='bbox 781 2422 1032 2453; x_wconf 81' lang='lat' dir='ltr'>existimationis.</span> <span class='ocrx_word' id='word_1_487' title='bbox 1078 2421 1207 2452; x_wconf 86' lang='lat' dir='ltr'>Deinde</span> <span class='ocrx_word' id='word_1_488' title='bbox 1233 2421 1406 2462; x_wconf 77' lang='lat' dir='ltr'>opinantur</span> <span class='ocrx_word' id='word_1_489' title='bbox 1431 2426 1573 2461; x_wconf 76' lang='lat' dir='ltr'>oportere</span> <span class='ocrx_word' id='word_1_490' title='bbox 1604 2430 1668 2450; x_wconf 91' lang='lat' dir='ltr'>non</span> 
     </span>
     <span class='ocr_line' id='line_1_42' title="bbox 199 2473 1668 2518; baseline -0.004 -10"><span class='ocrx_word' id='word_1_491' title='bbox 199 2478 334 2508; x_wconf 86' lang='lat' dir='ltr'>eundem</span> <span class='ocrx_word' id='word_1_492' title='bbox 351 2487 529 2508; x_wconf 88' lang='lat' dir='ltr'>sermonem</span> <span class='ocrx_word' id='word_1_493' title='bbox 542 2482 696 2518; x_wconf 85' lang='lat' dir='ltr'>spectare,</span> <span class='ocrx_word' id='word_1_494' title='bbox 712 2477 769 2507; x_wconf 88' lang='lat' dir='ltr'>sed</span> <span class='ocrx_word' id='word_1_495' title='bbox 785 2478 896 2518; x_wconf 87' lang='lat' dir='ltr'>quales</span> <span class='ocrx_word' id='word_1_496' title='bbox 911 2475 975 2507; x_wconf 84' lang='lat' dir='ltr'>sint</span> <span class='ocrx_word' id='word_1_497' title='bbox 998 2476 1029 2506; x_wconf 87' lang='lat' dir='ltr'>hi</span> <span class='ocrx_word' id='word_1_498' title='bbox 1046 2476 1100 2517; x_wconf 87' lang='lat' dir='ltr'>qui</span> <span class='ocrx_word' id='word_1_499' title='bbox 1113 2475 1240 2506; x_wconf 62' lang='lat' dir='ltr'>dicuntae</span> <span class='ocrx_word' id='word_1_500' title='bbox 1280 2474 1327 2505; x_wconf 85' lang='lat' dir='ltr'>At</span> <span class='ocrx_word' id='word_1_501' title='bbox 1345 2484 1418 2504; x_wconf 90' lang='lat' dir='ltr'>vero</span> <span class='ocrx_word' id='word_1_502' title='bbox 1443 2473 1566 2514; x_wconf 86' lang='lat' dir='ltr'>(inquit</span> <span class='ocrx_word' id='word_1_503' title='bbox 1592 2473 1668 2503; x_wconf 84' lang='lat' dir='ltr'>Era-</span> 
     </span>
     <span class='ocr_line' id='line_1_43' title="bbox 199 2527 1670 2572; baseline -0.004 -10"><span class='ocrx_word' id='word_1_504' title='bbox 199 2530 375 2572; x_wconf 84' lang='lat' dir='ltr'>sistratus),</span> <span class='ocrx_word' id='word_1_505' title='bbox 392 2540 411 2561; x_wconf 94' lang='lat' dir='ltr'>o</span> <span class='ocrx_word' id='word_1_506' title='bbox 427 2531 583 2567; x_wconf 85' lang='lat' dir='ltr'>Socrates,</span> <span class='ocrx_word' id='word_1_507' title='bbox 601 2530 726 2561; x_wconf 83' lang='lat' dir='ltr'>etiamsi</span> <span class='ocrx_word' id='word_1_508' title='bbox 751 2531 929 2561; x_wconf 83' lang='lat' dir='ltr'>cavillando</span> <span class='ocrx_word' id='word_1_509' title='bbox 953 2530 1045 2566; x_wconf 88' lang='lat' dir='ltr'>dicis,</span> <span class='ocrx_word' id='word_1_510' title='bbox 1074 2534 1182 2561; x_wconf 88' lang='lat' dir='ltr'>tamen</span> <span class='ocrx_word' id='word_1_511' title='bbox 1204 2528 1323 2569; x_wconf 87' lang='lat' dir='ltr'>aliquid</span> <span class='ocrx_word' id='word_1_512' title='bbox 1338 2528 1444 2558; x_wconf 88' lang='lat' dir='ltr'>dicere</span> <span class='ocrx_word' id='word_1_513' title='bbox 1461 2527 1576 2558; x_wconf 84' lang='lat' dir='ltr'>Critias</span> <span class='ocrx_word' id='word_1_514' title='bbox 1595 2527 1670 2557; x_wconf 83' lang='lat' dir='ltr'>mihi</span> 
     </span>
     <span class='ocr_line' id='line_1_44' title="bbox 199 2581 1669 2626; baseline -0.004 -10"><span class='ocrx_word' id='word_1_515' title='bbox 199 2584 334 2616; x_wconf 84' lang='lat' dir='ltr'>videtur.</span> <span class='ocrx_word' id='word_1_516' title='bbox 378 2584 425 2615; x_wconf 89' lang='lat' dir='ltr'>At</span> <span class='ocrx_word' id='word_1_517' title='bbox 436 2585 526 2615; x_wconf 89' lang='lat' dir='ltr'>nullo</span> <span class='ocrx_word' id='word_1_518' title='bbox 546 2584 639 2615; x_wconf 91' lang='lat' dir='ltr'>modo</span> <span class='ocrx_word' id='word_1_519' title='bbox 655 2595 710 2626; x_wconf 90' lang='lat' dir='ltr'>per</span> <span class='ocrx_word' id='word_1_520' title='bbox 724 2585 850 2621; x_wconf 86' lang='lat' dir='ltr'>Jovem,</span> <span class='ocrx_word' id='word_1_521' title='bbox 876 2585 1005 2625; x_wconf 89' lang='lat' dir='ltr'>inquam</span> <span class='ocrx_word' id='word_1_522' title='bbox 1030 2593 1102 2625; x_wconf 89' lang='lat' dir='ltr'>ego.</span> <span class='ocrx_word' id='word_1_523' title='bbox 1147 2583 1209 2614; x_wconf 89' lang='lat' dir='ltr'>Sed</span> <span class='ocrx_word' id='word_1_524' title='bbox 1234 2593 1301 2619; x_wconf 90' lang='lat' dir='ltr'>cur,</span> <span class='ocrx_word' id='word_1_525' title='bbox 1325 2581 1582 2623; x_wconf 86' lang='lat' dir='ltr'>quandoquidem</span> <span class='ocrx_word' id='word_1_526' title='bbox 1603 2581 1669 2610; x_wconf 66' lang='lat' dir='ltr'>ha‘c</span> 
     </span>
     <span class='ocr_line' id='line_1_45' title="bbox 199 2635 1668 2679; baseline -0.004 -9"><span class='ocrx_word' id='word_1_527' title='bbox 199 2640 282 2671; x_wconf 90' lang='lat' dir='ltr'>bene</span> <span class='ocrx_word' id='word_1_528' title='bbox 299 2644 331 2669; x_wconf 89' lang='lat' dir='ltr'>et</span> <span class='ocrx_word' id='word_1_529' title='bbox 341 2645 427 2670; x_wconf 84' lang='lat' dir='ltr'>recte</span> <span class='ocrx_word' id='word_1_530' title='bbox 439 2638 665 2676; x_wconf 82' lang='lat' dir='ltr'>disseruerunt,</span> <span class='ocrx_word' id='word_1_531' title='bbox 681 2648 745 2669; x_wconf 91' lang='lat' dir='ltr'>non</span> <span class='ocrx_word' id='word_1_532' title='bbox 759 2638 856 2669; x_wconf 81' lang='lat' dir='ltr'>etiam</span> <span class='ocrx_word' id='word_1_533' title='bbox 869 2648 940 2679; x_wconf 86' lang='lat' dir='ltr'>quae</span> <span class='ocrx_word' id='word_1_534' title='bbox 955 2643 1074 2669; x_wconf 81' lang='lat' dir='ltr'>restant</span> <span class='ocrx_word' id='word_1_535' title='bbox 1088 2637 1129 2668; x_wconf 89' lang='lat' dir='ltr'>de</span> <span class='ocrx_word' id='word_1_536' title='bbox 1145 2637 1205 2668; x_wconf 89' lang='lat' dir='ltr'>hoc</span> <span class='ocrx_word' id='word_1_537' title='bbox 1220 2646 1363 2667; x_wconf 86' lang='lat' dir='ltr'>sermone</span> <span class='ocrx_word' id='word_1_538' title='bbox 1377 2636 1431 2666; x_wconf 85' lang='lat' dir='ltr'>isti</span> <span class='ocrx_word' id='word_1_539' title='bbox 1447 2635 1511 2665; x_wconf 88' lang='lat' dir='ltr'>duo</span> <span class='ocrx_word' id='word_1_540' title='bbox 1528 2635 1668 2676; x_wconf 76' lang='lat' dir='ltr'>perfece-</span> 
     </span>
     <span class='ocr_line' id='line_1_46' title="bbox 199 2688 1669 2734; baseline -0.005 -10"><span class='ocrx_word' id='word_1_541' title='bbox 199 2694 295 2725; x_wconf 83' lang='lat' dir='ltr'>runt?</span> <span class='ocrx_word' id='word_1_542' title='bbox 342 2693 477 2724; x_wconf 79' lang='lat' dir='ltr'>Videtur</span> <span class='ocrx_word' id='word_1_543' title='bbox 488 2698 595 2723; x_wconf 85' lang='lat' dir='ltr'>autem</span> <span class='ocrx_word' id='word_1_544' title='bbox 611 2692 686 2722; x_wconf 90' lang='lat' dir='ltr'>mihi</span> <span class='ocrx_word' id='word_1_545' title='bbox 709 2697 824 2723; x_wconf 87' lang='lat' dir='ltr'>restare</span> <span class='ocrx_word' id='word_1_546' title='bbox 849 2692 926 2734; x_wconf 88' lang='lat' dir='ltr'>quid</span> <span class='ocrx_word' id='word_1_547' title='bbox 951 2691 1043 2723; x_wconf 80' lang='lat' dir='ltr'>vobis</span> <span class='ocrx_word' id='word_1_548' title='bbox 1066 2691 1340 2722; x_wconf 85' lang='lat' dir='ltr'>considerandum.</span> <span class='ocrx_word' id='word_1_549' title='bbox 1385 2689 1558 2730; x_wconf 88' lang='lat' dir='ltr'>Postquam</span> <span class='ocrx_word' id='word_1_550' title='bbox 1583 2688 1669 2719; x_wconf 87' lang='lat' dir='ltr'>enim</span> 
     </span>
     <span class='ocr_line' id='line_1_47' title="bbox 199 2741 1670 2786; baseline -0.005 -7"><span class='ocrx_word' id='word_1_551' title='bbox 199 2747 235 2779; x_wconf 91' lang='lat' dir='ltr'>in</span> <span class='ocrx_word' id='word_1_552' title='bbox 251 2749 311 2779; x_wconf 89' lang='lat' dir='ltr'>hoc</span> <span class='ocrx_word' id='word_1_553' title='bbox 332 2751 575 2784; x_wconf 85' lang='lat' dir='ltr'>consenserunt,</span> <span class='ocrx_word' id='word_1_554' title='bbox 596 2746 754 2786; x_wconf 81' lang='lat' dir='ltr'>aliquibus</span> <span class='ocrx_word' id='word_1_555' title='bbox 771 2746 890 2776; x_wconf 88' lang='lat' dir='ltr'>bonum</span> <span class='ocrx_word' id='word_1_556' title='bbox 906 2756 989 2782; x_wconf 84' lang='lat' dir='ltr'>esse,</span> <span class='ocrx_word' id='word_1_557' title='bbox 1005 2745 1161 2786; x_wconf 85' lang='lat' dir='ltr'>aliquibus</span> <span class='ocrx_word' id='word_1_558' title='bbox 1179 2744 1306 2779; x_wconf 90' lang='lat' dir='ltr'>malum,</span> <span class='ocrx_word' id='word_1_559' title='bbox 1322 2743 1481 2784; x_wconf 88' lang='lat' dir='ltr'>reliquum</span> <span class='ocrx_word' id='word_1_560' title='bbox 1496 2749 1544 2773; x_wconf 86' lang='lat' dir='ltr'>est</span> <span class='ocrx_word' id='word_1_561' title='bbox 1566 2741 1670 2772; x_wconf 86' lang='lat' dir='ltr'>consi-</span> 
     </span>
     <span class='ocr_line' id='line_1_48' title="bbox 201 2796 1670 2843; baseline -0.005 -11"><span class='ocrx_word' id='word_1_562' title='bbox 201 2802 313 2833; x_wconf 85' lang='lat' dir='ltr'>derare</span> <span class='ocrx_word' id='word_1_563' title='bbox 329 2800 406 2843; x_wconf 90' lang='lat' dir='ltr'>quid</span> <span class='ocrx_word' id='word_1_564' title='bbox 432 2801 471 2831; x_wconf 88' lang='lat' dir='ltr'>sit</span> <span class='ocrx_word' id='word_1_565' title='bbox 490 2800 592 2841; x_wconf 88' lang='lat' dir='ltr'>ipsum</span> <span class='ocrx_word' id='word_1_566' title='bbox 619 2799 789 2830; x_wconf 86' lang='lat' dir='ltr'>ditescere.</span> <span class='ocrx_word' id='word_1_567' title='bbox 833 2799 866 2829; x_wconf 90' lang='lat' dir='ltr'>Si</span> <span class='ocrx_word' id='word_1_568' title='bbox 883 2799 967 2830; x_wconf 89' lang='lat' dir='ltr'>enim</span> <span class='ocrx_word' id='word_1_569' title='bbox 988 2808 1053 2829; x_wconf 90' lang='lat' dir='ltr'>non</span> <span class='ocrx_word' id='word_1_570' title='bbox 1079 2799 1137 2828; x_wconf 91' lang='lat' dir='ltr'>hoc</span> <span class='ocrx_word' id='word_1_571' title='bbox 1161 2798 1296 2838; x_wconf 89' lang='lat' dir='ltr'>primum</span> <span class='ocrx_word' id='word_1_572' title='bbox 1320 2796 1544 2838; x_wconf 71' lang='lat' dir='ltr'>cognoveritiS,</span> <span class='ocrx_word' id='word_1_573' title='bbox 1566 2805 1670 2836; x_wconf 82' lang='lat' dir='ltr'>neque</span> 
     </span>
     <span class='ocr_line' id='line_1_49' title="bbox 201 2851 1673 2893; baseline -0.005 -8"><span class='ocrx_word' id='word_1_574' title='bbox 201 2860 305 2885; x_wconf 89' lang='lat' dir='ltr'>utrum</span> <span class='ocrx_word' id='word_1_575' title='bbox 327 2855 442 2886; x_wconf 80' lang='lat' dir='ltr'>maium</span> <span class='ocrx_word' id='word_1_576' title='bbox 459 2860 512 2885; x_wconf 87' lang='lat' dir='ltr'>aut</span> <span class='ocrx_word' id='word_1_577' title='bbox 524 2855 641 2884; x_wconf 86' lang='lat' dir='ltr'>bonum</span> <span class='ocrx_word' id='word_1_578' title='bbox 655 2853 695 2883; x_wconf 87' lang='lat' dir='ltr'>sit</span> <span class='ocrx_word' id='word_1_579' title='bbox 711 2852 890 2884; x_wconf 84' lang='lat' dir='ltr'>consentire</span> <span class='ocrx_word' id='word_1_580' title='bbox 913 2851 1060 2893; x_wconf 86' lang='lat' dir='ltr'>potestis.</span> <span class='ocrx_word' id='word_1_581' title='bbox 1106 2852 1237 2882; x_wconf 86' lang='lat' dir='ltr'>Paratus</span> <span class='ocrx_word' id='word_1_582' title='bbox 1264 2856 1371 2882; x_wconf 85' lang='lat' dir='ltr'>autem</span> <span class='ocrx_word' id='word_1_583' title='bbox 1395 2855 1427 2881; x_wconf 89' lang='lat' dir='ltr'>et</span> <span class='ocrx_word' id='word_1_584' title='bbox 1451 2859 1511 2889; x_wconf 82' lang='lat' dir='ltr'>ego</span> <span class='ocrx_word' id='word_1_585' title='bbox 1537 2859 1605 2879; x_wconf 84' lang='grc'>511111</span> <span class='ocrx_word' id='word_1_586' title='bbox 1636 2853 1673 2879; x_wconf 86' lang='lat' dir='ltr'>ut</span> 
     </span>
     <span class='ocr_line' id='line_1_50' title="bbox 203 2902 1671 2951; baseline -0.006 -11"><span class='ocrx_word' id='word_1_587' title='bbox 203 2913 359 2951; x_wconf 86' lang='lat' dir='ltr'>quantum</span> <span class='ocrx_word' id='word_1_588' title='bbox 379 2919 505 2951; x_wconf 80' lang='lat' dir='ltr'>possum</span> <span class='ocrx_word' id='word_1_589' title='bbox 522 2919 585 2940; x_wconf 87' lang='lat' dir='ltr'>uua</span> <span class='ocrx_word' id='word_1_590' title='bbox 614 2908 777 2940; x_wconf 85' lang='lat' dir='ltr'>vobiscum</span> <span class='ocrx_word' id='word_1_591' title='bbox 804 2906 1012 2939; x_wconf 85' lang='lat' dir='ltr'>considerem.</span> <span class='ocrx_word' id='word_1_592' title='bbox 1059 2904 1154 2939; x_wconf 76' lang='lat' dir='ltr'>Dicat</span> <span class='ocrx_word' id='word_1_593' title='bbox 1179 2905 1275 2948; x_wconf 84' lang='lat' dir='ltr'>igitur</span> <span class='ocrx_word' id='word_1_594' title='bbox 1303 2904 1395 2936; x_wconf 90' lang='lat' dir='ltr'>nobis</span> <span class='ocrx_word' id='word_1_595' title='bbox 1410 2904 1436 2935; x_wconf 88' lang='lat' dir='ltr'>is</span> <span class='ocrx_word' id='word_1_596' title='bbox 1458 2903 1513 2945; x_wconf 88' lang='lat' dir='ltr'>qui</span> <span class='ocrx_word' id='word_1_597' title='bbox 1537 2902 1671 2933; x_wconf 84' lang='lat' dir='ltr'>divitem</span> 
     </span>
    </p>
   </div>
  </div>
 </body>
</html>
