1840 3225
236 221 306 257 114
810 192 1074 254 Pmoms
1552 213 1555 216 ·
1585 215 1680 267 [382

220 325 267 356 nis
284 330 315 356 et
331 322 450 354 virtutis
464 334 530 354 esse
547 323 651 353 Deum
668 322 814 353 dicimus.
856 322 910 351 So.
937 321 1036 352 Recte
1060 322 1188 352 nimium
1219 321 1362 361 loqueris.
1388 331 1491 351 verum
1517 330 1587 351 cnm
1611 321 1680 351 haec

222 381 266 409 ita
283 389 317 408 sc
333 378 480 417 habeant,
497 377 637 407 credisne
653 381 687 406 tu
703 386 758 406 sua
772 382 882 416 sponte
899 375 1045 416 aliquem,
1062 375 1125 405 sive
1143 374 1245 405 Deum
1274 375 1338 405 sive
1361 373 1530 410 hominem,
1546 373 1682 404 deterio-

222 441 285 461 rem
302 441 333 462 se
349 431 449 461 facere
463 431 474 460 ?
521 430 602 460 Am.
626 429 824 471 Impossibile
839 434 921 460 certe
937 429 1032 459 istud.
1077 429 1133 459 So.
1158 427 1356 468 Impossibile
1371 428 1478 468 igitur,
1494 427 1599 458 Deum
1614 437 1682 457 mu-

223 489 286 514 tare
303 495 334 514 se
350 484 429 514 velle
444 495 451 514 z
477 484 544 525 sed,
561 488 595 513 ut
612 483 743 520 videtur,
760 483 982 524 pulcherrimus
998 482 1194 523 optimusque
1219 492 1289 512 cum
1315 481 1355 512 sit
1380 481 1517 512 Deorum
1539 480 1684 522 quisque,

222 537 308 577 quod
325 537 389 573 fieri
406 541 520 577 potest,
537 547 644 568 omnes
659 547 715 568 sua
737 537 769 567 in
795 537 891 566 forma
917 537 1105 576 sempiterna
1130 540 1162 565 ct
1188 535 1321 576 simplici
1347 539 1553 576 perseverant.
1599 533 1685 564 Anr.

229 590 444 621 Necessarium
460 600 526 620 esse
540 590 666 620 omnino
683 591 741 621 hoc
757 589 895 621 arbitror.
941 590 999 620 So.
1021 589 1137 619 Nullus
1163 589 1258 629 igitur
1285 588 1446 629 po'e'tarum
1473 588 1577 624 nobis,
1593 597 1613 618 o
1639 587 1686 617 vir

222 645 352 685 optime,
369 644 454 674 dicat
468 643 556 674 Deos
573 643 748 684 hospitibus
764 643 877 674 similes
893 643 984 673 variis
1000 643 1031 673 in
1049 642 1153 673 formis
1170 643 1260 673 urbes
1276 643 1372 674 adire.
1396 652 1498 683 neque
1514 641 1625 682 aliquis
1643 640 1684 670 de

228 698 338 727 Proteo
353 702 386 727 et
398 697 532 728 Thetide
548 696 658 727 similia
675 697 839 727 mentiatur
854 708 861 726 ι
887 707 990 737 neque
1007 696 1037 725 in
1055 696 1211 737 tragoediis
1227 702 1280 727 aut
1295 696 1365 726 aliis
1382 694 1536 735 poematis
1557 694 1687 725 inducat

223 750 381 781 Junonem
398 750 430 780 in
449 750 616 781 sacerdotis
631 750 765 791 speciem
782 755 986 791 permutatam
1003 748 1112 780 Inachi
1127 749 1235 790 Argivi
1251 750 1385 780 fluminis
1400 749 1470 779 filiis
1484 748 1547 778 vita
1562 746 1687 778 donatis

225 815 352 835 munera
379 805 577 846 colligentem
596 818 602 834 ε
628 810 792 845 ceteraque
821 805 895 835 talia
921 814 1013 834 nemo
1040 805 1155 835 audeat
1180 803 1307 844 fingere.
1331 813 1433 844 neque
1461 807 1572 833 matres
1594 802 1684 832 vanis

224 857 271 887 his
301 857 415 888 fabulis
445 868 556 899 pueros
585 863 728 893 terreant,
754 857 841 888 Deos
868 858 1019 898 quosdam
1047 864 1139 887 nocte
1164 857 1268 897 vagari
1295 856 1462 898 peregrinis
1487 855 1685 897 quibusdam,

224 910 314 940 variis
336 911 393 941 sub
419 910 534 946 formis,
553 911 744 951 persimiles:
770 922 808 941 ne
833 911 922 941 simul
948 917 980 941 et
1003 913 1035 941 in
1059 910 1146 942 Deos
1173 911 1251 941 male
1276 911 1384 942 dicant
1409 916 1442 941 et
1467 910 1550 951 ipsos
1572 919 1686 951 pueros

224 962 396 994 timidiores
411 964 554 994 reddant.
600 964 680 996 on.
705 964 802 994 Nullo
825 965 928 995 modo.
972 964 1025 996 So.
1050 964 1093 994 At
1118 974 1191 995 vero
1216 964 1358 1006 nunquid
1374 963 1427 994 Dii
1453 963 1515 1005 ipsi
1542 963 1687 993 immuta-

224 1016 303 1046 biles
319 1021 402 1053 sunt,
419 1018 472 1048 sed
488 1017 673 1058 quibusdam
691 1018 855 1059 praestigiis
878 1029 935 1048 nos
961 1018 1155 1059 decipientes
1181 1018 1280 1049 varias
1306 1018 1337 1048 in
1364 1018 1477 1048 formas
1500 1016 1612 1047 mutari
1639 1015 1688 1047 vi·

225 1069 359 1100 dentur?
406 1070 486 1102 Am.
512 1070 654 1101 Forsitan
680 1071 734 1102 ita.
781 1072 837 1102 So.
860 1072 946 1108 Quid
973 1082 1058 1106 vero,
1084 1071 1248 1102 mentirine
1279 1070 1368 1102 Deus
1397 1070 1476 1107 vult,
1509 1069 1607 1112 [382]
1632 1075 1687 1100 aut

224 1123 323 1152 verbis
351 1127 403 1153 aut
434 1133 464 1153 re
492 1123 600 1154 falsam
629 1123 790 1165 objectans
820 1125 985 1166 imaginem
1002 1126 1012 1155 ?
1059 1125 1141 1156 Anr.
1166 1124 1283 1155 Nescio
1312 1125 1411 1155 istud.
1457 1124 1514 1163 So.
1548 1124 1598 1155 An
1629 1133 1688 1154 ne-

222 1174 294 1212 scis,
309 1175 392 1215 quod
410 1176 510 1217 ipsum
527 1187 631 1208 revera
647 1178 856 1214 mendacium,
873 1179 897 1209 si
924 1179 1020 1209 modo
1036 1179 1098 1210 dici
1126 1178 1157 1209 id
1187 1183 1301 1219 potest,
1317 1188 1425 1209 omnes
1450 1178 1592 1209 homines
1613 1177 1687 1208 Dii-

223 1238 284 1268 que
299 1229 456 1259 oderunt?
503 1230 586 1262 Am.
611 1230 676 1268 Qui
700 1231 784 1262 istud
813 1232 881 1262 ais?
927 1232 983 1262 So.
1004 1232 1058 1263 Sic
1083 1232 1222 1273 inquam.
1244 1231 1349 1262 nullus
1374 1231 1458 1262 enim
1483 1237 1596 1273 sponte
1620 1231 1688 1262 vult

223 1281 292 1321 ipso
305 1283 440 1323 quodam
454 1284 498 1314 sui
513 1284 672 1325 praecipuo
686 1284 1012 1326 praestantissimoque,
1022 1291 1054 1317 et
1065 1286 1145 1316 circa
1157 1296 1202 1316 res
1215 1286 1389 1326 praecipuas
1403 1284 1685 1326 praestantissimas-

225 1345 287 1375 que
304 1336 425 1366 mentiri
441 1348 447 1366 :
473 1338 526 1367 sed
543 1348 739 1380 summopere
754 1339 830 1369 illud
847 1339 890 1369 ibi
907 1339 1103 1371 mendacium
1123 1340 1219 1370 timet.
1266 1339 1347 1371 Am.
1368 1338 1482 1380 Neque
1493 1349 1577 1370 nune
1589 1339 1684 1370 etiam

227 1388 382 1429 intelligo.
430 1390 485 1421 So.
511 1391 609 1422 Putas
626 1402 673 1422 me
689 1402 832 1432 magnum
849 1392 967 1433 aliquid
983 1393 1099 1424 dicere.
1121 1404 1179 1434 ego
1196 1398 1298 1423 autern
1315 1392 1399 1432 dico,
1415 1392 1500 1434 quod
1527 1392 1596 1434 ipsa
1619 1393 1687 1423 ani-

227 1452 277 1471 ma
293 1442 374 1472 circa
389 1453 435 1473 res
450 1443 534 1483 ipsas
549 1445 670 1475 mentiri
685 1450 717 1475 et
735 1445 897 1476 mentitum
915 1457 993 1482 esse,
1010 1452 1041 1477 et
1056 1447 1181 1477 inscitia
1195 1446 1272 1483 falli,
1289 1452 1382 1488 atque
1399 1445 1430 1476 in
1446 1455 1484 1476 ea
1495 1445 1609 1476 habere
1634 1455 1686 1477 ac-

225 1495 409 1536 ccpisseque
425 1497 632 1533 mendacium,
647 1497 750 1528 nullus
767 1508 902 1540 unquam
920 1499 1057 1539 eligeret.
1083 1499 1276 1530 mendacium
1294 1498 1413 1540 quippe
1428 1498 1541 1529 habere
1568 1497 1599 1528 in
1621 1498 1688 1529 ani-

227 1558 276 1578 mo
292 1559 485 1590 summopere
502 1560 608 1581 omnes
624 1551 767 1583 oderunt.
812 1550 894 1581 Aur.
918 1551 1130 1592 Summopere.
1176 1551 1232 1582 So.
1256 1551 1354 1593 Atqui
1377 1556 1472 1591 recte,
1486 1551 1570 1592 quod
1593 1551 1688 1582 ruodo

227 1600 383 1643 dicebam,
399 1602 459 1633 hoc
474 1613 578 1633 revera
595 1605 791 1635 mendacium
809 1610 979 1644 vocaretur,
996 1605 1027 1635 in
1045 1604 1148 1635 animo
1165 1605 1343 1635 mentientis
1368 1604 1492 1635 inscitia
1506 1616 1514 1634 :
1537 1602 1687 1646 quoniam

227 1655 311 1695 quod
328 1660 375 1686 cst
390 1655 420 1685 in
438 1666 578 1687 sermone
593 1658 803 1697 mendacium,
818 1658 948 1688 imitatio
965 1658 1107 1698 quaedam
1125 1663 1171 1688 est
1182 1657 1334 1699 passionis
1346 1657 1427 1698 ejus,
1438 1668 1509 1699 quae
1519 1658 1609 1688 estin
1622 1657 1690 1688 ani-

229 1713 336 1748 mo,et
351 1709 502 1749 posterius
529 1711 701 1750 procedens
725 1711 935 1748 simulacrum,
951 1712 1034 1742 haud
1059 1712 1187 1742 omnino
1214 1721 1325 1752 purum
1353 1711 1560 1742 mendacium.
1583 1721 1689 1742 nonne

225 1760 296 1790 ita?
343 1761 423 1794 Am.
447 1762 497 1792 Ita
513 1773 647 1803 prorsus.
693 1764 749 1796 So.
773 1764 880 1805 Ipsum
908 1765 1013 1806 itaque
1037 1775 1141 1796 revera
1168 1764 1363 1795 mendacium
1388 1774 1451 1794 non
1477 1764 1578 1795 solum
1605 1765 1691 1801 Diis,

228 1814 283 1844 sed
299 1814 475 1846 hominibus
490 1815 583 1846 etiam
600 1822 646 1847 est
661 1818 816 1850 odiosum.
862 1817 945 1849 Aur.
969 1818 1051 1849 Mihi
1066 1819 1194 1859 quidem
1222 1817 1355 1850 videtur.
1399 1817 1486 1854 Quid
1509 1823 1612 1849 autem
1639 1819 1689 1860 ip-

229 1878 295 1898 sum
310 1868 343 1898 in
360 1869 459 1899 verbis
475 1870 685 1912 mendacium,
699 1872 898 1912 quandonam
916 1877 948 1903 et
962 1873 1012 1903 cui
1029 1873 1109 1903 adeo
1126 1873 1201 1903 utile
1229 1877 1287 1908 est,
1304 1876 1339 1902 ut
1363 1881 1426 1902 non
1454 1871 1493 1901 sit
1518 1872 1592 1902 odio
1618 1872 1688 1913 dig-

228 1931 301 1950 num
316 1921 328 1951 ?
373 1921 426 1952 So.
450 1921 566 1954 Nonne
580 1923 725 1955 adversus
740 1925 842 1956 hostes
857 1930 950 1967 atque
966 1935 1020 1956 eos
1035 1926 1088 1966 qui
1105 1930 1253 1956 vocantur
1269 1924 1374 1961 amici,
1390 1925 1517 1966 quando
1539 1925 1580 1956 ob
1605 1925 1689 1956 suro-

228 1984 290 2005 rem
306 1979 400 2016 atque
416 1975 551 2017 aliquam
567 1977 720 2009 inscitiam
738 1979 851 2009 malum
867 1979 993 2021 aliquod
1010 1979 1130 2010 facinus
1145 1979 1390 2021 aggrediuntur?
1415 1983 1489 2009 tunc
1502 1989 1592 2020 porro
1603 1987 1690 2010 aver-

231 2028 320 2058 tendi
335 2029 444 2069 gratia,
463 2036 610 2070 tanquam
628 2031 782 2062 medicina
797 2033 952 2072 quaedam,
972 2033 1045 2063 utile
1064 2038 1132 2063 est:
1159 2038 1190 2064 et
1216 2033 1247 2063 in
1271 2033 1330 2069 his,
1347 2042 1424 2074 quas
1446 2032 1540 2063 modo
1562 2032 1689 2063 diceba-

228 2090 309 2121 mus,
324 2081 643 2123 confabulationibus,
657 2094 695 2114 eo
711 2085 796 2124 quod
812 2095 873 2115 non
890 2095 1125 2125 cognoscamus,
1143 2086 1173 2115 in
1190 2096 1252 2125 quo
1268 2086 1464 2126 antiquarum
1488 2095 1586 2116 rerum
1611 2095 1690 2116 con-

227 2134 316 2164 sistat
329 2135 452 2175 veritus,
467 2137 670 2168 assimilantes
687 2138 806 2168 veritati
822 2139 1030 2170 mendacium.
1056 2140 1099 2169 ita
1121 2139 1204 2169 enim
1232 2139 1360 2169 maxime
1386 2138 1418 2168 id
1447 2139 1521 2169 utile
1546 2139 1690 2172 facimus.

228 2187 312 2223 Aor.
335 2187 387 2219 Sic
402 2193 449 2218 est
466 2199 596 2228 prorsus.
641 2190 695 2222 So.
721 2191 899 2222 Secundum
916 2202 988 2233 ergo
1005 2192 1080 2232 quid
1092 2192 1222 2222 istorum
1237 2192 1432 2223 mendacium
1444 2197 1491 2222 est
1504 2191 1580 2223 utile
1594 2192 1688 2224 Deo?

227 2251 278 2282 an,
295 2242 368 2282 quia
383 2252 446 2272 non
462 2248 630 2283 cognoscat
644 2249 760 2285 vetera,
776 2246 831 2276 sub
850 2245 987 2276 veritatis
1004 2246 1138 2287 imagine
1164 2246 1327 2276 mentiatur
1342 2245 1352 2275 ?
1401 2245 1477 2276 Adi.
1502 2244 1684 2276 Ridiculum

229 2294 309 2324 istud
326 2294 466 2335 quidem.
511 2295 567 2327 So.
593 2295 694 2328 Poeta
709 2297 803 2338 igitur
821 2298 950 2329 mendax
969 2299 1000 2328 in
1018 2298 1089 2330 Deo
1107 2309 1170 2329 uon
1193 2304 1250 2330 est.
1297 2298 1380 2329 Aoi.
1403 2298 1477 2329 Nou
1502 2299 1578 2330 mihi
1603 2299 1689 2330 vide-

229 2351 288 2378 tur.
333 2347 391 2378 So.
404 2347 556 2390 Nunquid
574 2355 656 2381 metu
670 2351 803 2382 hostium
822 2352 1012 2382 mentietur?
1061 2352 1143 2384 Am.
1168 2352 1277 2393 Longe
1293 2353 1391 2384 abest.
1437 2352 1492 2383 So.
1515 2352 1567 2383 Au
1594 2363 1689 2394 prop-

232 2404 276 2430 ter
292 2399 486 2432 familiarium
503 2403 691 2435 dementiam
709 2409 802 2446 atque
819 2405 968 2436 insaniam
983 2406 993 2435 ?
1041 2406 1121 2438 Anr.
1147 2407 1190 2436 At
1206 2406 1309 2437 nullus
1324 2405 1487 2436 stultorum
1508 2410 1541 2436 et
1565 2406 1691 2437 insano-

232 2462 296 2482 rum
313 2452 385 2484 Deo
402 2455 517 2486 amicus
531 2461 589 2487 est.
634 2457 690 2488 So.
713 2457 787 2488 Non
805 2457 897 2499 igitur
913 2463 972 2494 est,
988 2469 1042 2489 cur
1061 2458 1150 2489 Deus
1175 2459 1352 2490 mentiatur.
1397 2458 1479 2490 Am.
1502 2458 1588 2490 Non.
1632 2459 1690 2490 So.

232 2505 313 2546 Ergo
330 2507 456 2537 omnino
472 2508 538 2539 sine
565 2511 726 2542 mendacio
752 2517 799 2542 est
824 2511 962 2542 Deorum
991 2512 1242 2554 Daemonumque
1266 2518 1387 2544 natura.
1432 2512 1513 2544 Am.
1537 2511 1688 2544 Omnino.

234 2557 290 2588 SO·
313 2558 418 2595 Quare
433 2566 464 2590 et
478 2561 607 2603 simplex
623 2565 749 2596 omnino
765 2565 853 2596 Deus
869 2571 900 2596 et
915 2576 1003 2596 verax
1021 2566 1112 2597 dictis
1129 2576 1165 2597 ac
1193 2565 1281 2597 factis
1296 2579 1302 2596 :
1327 2576 1429 2607 neque
1453 2570 1588 2596 mutatur
1610 2566 1691 2607 ipse,

234 2621 336 2652 neque
350 2612 427 2643 alios
443 2614 571 2655 decip†t‚
587 2627 689 2658 neque
705 2628 759 2659 per
776 2618 908 2649 visiones
923 2629 1024 2659 neque
1040 2629 1094 2659 per
1109 2629 1264 2650 sermones
1280 2629 1381 2660 neque
1396 2629 1450 2660 per
1472 2618 1571 2659 signa,
1587 2629 1692 2660 neque

234 2665 324 2695 nobis
336 2665 559 2698 dormientibus
571 2679 672 2710 neque
686 2671 898 2712 vigilantibus.
922 2670 949 2701 A
958 2682 1004 2702 nr.
1021 2671 1070 2702 Ita
1084 2682 1208 2713 quoque
1222 2672 1295 2702 mihi
1308 2672 1347 2702 de
1358 2672 1417 2702 hoe
1428 2677 1458 2702 te
1468 2671 1593 2702 dicente
1605 2671 1692 2703 vide·

232 2723 291 2749 tur.
313 2719 369 2750 So.
386 2719 543 2752 concedis
558 2733 630 2763 ergo
646 2724 725 2755 hanc
741 2725 908 2756 secundam
924 2736 990 2756 esse
1005 2725 1143 2766 liguram,
1160 2726 1189 2755 iu
1203 2736 1264 2766 qua
1279 2730 1403 2766 oportet
1417 2725 1457 2755 de
1471 2724 1542 2755 Diis
1551 2725 1596 2755 ira
1607 2725 1694 2756 dice·

233 2781 263 2801 re
280 2777 311 2802 et
325 2773 442 2808 audire,
460 2781 604 2815 tanquam
622 2778 674 2817 qui
692 2789 791 2819 neque
808 2778 1046 2820 prmstigiatores
1061 2779 1134 2815 siut,
1149 2790 1249 2820 neque
1264 2789 1296 2809 sc
1308 2783 1438 2814 mutent,
1450 2788 1551 2819 neque
1563 2778 1691 2808 menda·

232 2823 287 2855 ciis
300 2835 355 2856 nos
371 2832 424 2856 aut
439 2827 530 2858 dictis
545 2835 599 2860 aut
613 2830 701 2861 factis
714 2832 887 2863 seducant?
926 2832 1007 2862 Am.
1033 2832 1193 2863 Concedo.
1225 2833 1281 2863 So.
1298 2831 1401 2862 Multa
1413 2830 1504 2871 igitur
1519 2830 1558 2860 ab
1574 2830 1692 2862 Home-

231 2887 263 2907 ro
275 2878 357 2910 dicta
373 2879 546 2918 laudantes,
564 2885 715 2916 somnium
732 2886 769 2916 ab
786 2886 865 2918 Jove
882 2887 1110 2928 Agamemnoni
1128 2886 1251 2916 missum
1264 2894 1459 2926 nequaquam
1472 2883 1666 2915 laudabimus
1682 2891 1691 2910 ²
