1840 3225
227 204 301 242 328
815 204 1080 244 PLATONis
1591 211 1688 262 [710

228 307 361 339 feliciter
387 306 481 343 adsit,
509 317 566 338 nec
592 306 652 338 alia
667 317 699 338 re
717 312 919 350 praeterquam
936 309 1068 340 artificio
1083 320 1162 350 opus
1183 310 1245 340 sit?
1293 310 1370 341 Cu.
1393 310 1508 342 Valde.
1552 311 1693 346 Aratu.

231 360 336 393 Ceteri
363 371 488 403 quoque
514 371 633 398 omnes,
655 371 735 403 quos
759 363 852 393 modo
876 363 1019 399 diximus,
1046 364 1153 405 siquis
1168 364 1336 405 quaesierit,
1352 375 1423 396 suas
1436 375 1543 407 preces
1555 371 1693 408 votaque

231 415 383 456 aperient.
405 424 445 446 an
463 415 549 446 non?
596 414 672 448 Cu.
697 416 810 447 Plane.
855 416 994 449 Arnen.
1017 417 1108 449 Idem
1130 424 1163 449 et
1183 418 1355 461 legislator,
1371 425 1406 450 ut
1421 420 1563 462 arbitror,
1580 420 1689 452 faciet.

231 468 308 500 Cm.
336 469 388 500 Sic
417 475 504 510 puto.
550 470 688 501 Arnim.
712 471 780 511 Age
804 471 919 513 itaque,
945 472 989 503 sic
1006 483 1076 503 eum
1094 472 1339 514 interrogemus:
1386 473 1599 516 Olegislator,
1615 484 1692 516 qua·

229 522 290 553 lem
307 523 363 554 tibi
378 524 535 555 civitatem
549 525 628 556 tradi
644 524 814 561 desideras,
833 531 867 556 ut
891 526 958 567 ipse
974 537 1011 557 ex
1027 526 1156 568 reliquis
1172 533 1281 568 postea
1296 527 1484 559 sufficienter
1496 537 1565 559 eam
1582 528 1691 570 dispo-

230 588 304 609 nere
326 579 451 620 possis?
476 579 552 622 quid
573 584 657 611 recte
675 579 790 610 deinde
805 580 951 611 dicetur?
975 591 1013 611 an
1036 581 1250 622 legumlatoris
1274 582 1435 623 responsio
1450 582 1553 613 afferri
1568 581 1692 613 debet?

231 630 307 663 CLI.
324 632 455 674 Utique.
487 633 626 665 ΑΤΗΕΝ.
642 633 812 676 Tyrannidi
830 633 1003 676 subjectam
1019 635 1092 665 mihi
1109 636 1220 666 tradite
1237 636 1407 672 civitatem,
1424 636 1521 672 dicet,
1538 641 1692 678 tyrannus

229 691 334 718 autem
355 687 480 728 juvenis
510 689 560 724 sit,
584 689 797 724 memoriosus,
824 697 946 729 acutus,
971 689 1058 720 sonis
1089 695 1263 732 naturaque
1288 690 1482 731 magnificus.
1505 695 1538 721 et
1558 690 1644 732 quod
1656 690 1690 721 in

229 742 437 782 superioribus
453 753 559 773 omnes
574 743 693 773 virtutis
710 747 812 784 partes
828 743 917 785 sequi
932 743 1045 774 debere
1062 744 1255 780 dicebamus,
1272 744 1303 774 id
1320 744 1424 775 animo
1440 754 1567 785 quoque
1587 749 1692 786 tyran-

229 794 300 826 nico
316 795 401 832 insit,
416 795 513 839 [710]
537 797 561 827 si
578 796 656 838 quid
672 797 763 828 modo
778 803 883 828 cetera
899 797 1060 839 profutura
1074 799 1146 829 sint.
1184 798 1260 830 Cn.
1288 798 1544 840 Temperantiam
1557 798 1630 828 mihi
1647 798 1692 829 ri-

229 848 319 880 detur
334 851 459 891 hospes,
488 862 506 881 o
522 851 669 892 Megille,
687 851 790 882 dicere
821 852 946 893 tyranni
973 852 1079 883 animo
1102 853 1206 883 inesse
1223 858 1377 894 oportere.
1399 852 1528 883 noune?
1552 851 1691 883 Amnu-

228 903 430 945 Popularem,
458 916 477 935 o
503 904 617 941 Clinia,
640 905 730 936 dico:
755 915 820 936 non
846 906 1081 947 temperantiam
1098 906 1195 942 illam,
1212 916 1304 947 quam
1321 906 1477 938 extollens
1490 905 1604 946 aliquis
1618 915 1692 947 pru·

228 957 367 988 dentiam
380 958 600 999 appellandam
616 970 681 991 esse
699 965 905 999 monstraret3
927 961 983 991 sed
1000 970 1068 990 eain
1085 960 1186 1001 ipsam
1200 960 1413 996 affectionem,
1440 970 1508 1002 quae
1530 959 1563 990 in
1583 958 1692 990 bestiis

228 1017 261 1042 et
288 1013 390 1054 pueris
411 1013 496 1044 illico
520 1019 653 1054 apparet
675 1014 796 1051 innata,
812 1019 848 1045 ut
863 1015 914 1045 alii
929 1016 968 1045 ad
986 1015 1179 1055 voluptatem
1197 1015 1370 1056 proniores,
1382 1013 1625 1045 continentiores
1639 1012 1695 1044 alii

227 1066 292 1096 nati
322 1077 389 1097 esse
415 1067 590 1098 videantur.
613 1077 706 1109 quam
735 1068 864 1110 quidem
891 1069 1129 1105 continentiam,
1157 1080 1174 1100 a
1201 1069 1289 1100 bonis
1315 1069 1384 1100 aliis
1398 1074 1584 1110 separatam,
1604 1067 1693 1109 parvi

227 1120 405 1151 faciendam
431 1131 500 1152 esse
521 1120 678 1154 duximus.
722 1122 862 1160 Tenetis,
883 1124 967 1164 quod
994 1123 1086 1154 dico?
1132 1123 1209 1154 Cu.
1232 1123 1386 1154 Maxime.
1428 1122 1568 1153 Arnen.
1595 1121 1690 1153 Hanc

228 1184 300 1215 ergo
325 1180 466 1206 naturam
487 1177 526 1206 ad
543 1177 718 1217 superiores
730 1177 802 1208 illas
812 1182 932 1208 naturae
947 1177 1115 1219 qualitates
1131 1183 1280 1220 tyrannus
1293 1177 1418 1214 habeat,
1435 1177 1461 1208 si
1473 1175 1570 1207 debet
1583 1176 1692 1207 civitas

227 1228 388 1259 celerrime
405 1234 437 1260 et
447 1230 577 1271 optime,
593 1236 687 1273 prout
699 1231 844 1272 possibile
857 1236 915 1269 est,
930 1242 998 1263 eam
1015 1232 1274 1274 gubernationem
1286 1232 1421 1274 assequi,
1435 1242 1496 1274 qua
1511 1231 1689 1262 felicissime

228 1283 322 1313 vivat.
344 1284 432 1314 nulla
458 1285 542 1315 enim
565 1285 712 1322 velocior,
735 1286 825 1317 nulla
839 1287 948 1318 melior
963 1286 1126 1328 dispositio
1142 1286 1278 1317 civitatis
1293 1292 1346 1317 aut
1363 1291 1411 1317 est
1425 1291 1481 1316 aut
1492 1295 1561 1316 esse
1578 1289 1694 1326 potest.

227 1336 304 1368 Cn.
328 1337 494 1374 Quomodo
521 1350 592 1370 vero
615 1345 647 1370 et
662 1350 726 1381 qua
739 1341 871 1377 ratione,
886 1341 1010 1382 hospes,
1027 1340 1060 1371 id
1072 1351 1211 1372 asserens
1224 1341 1338 1382 aliquis
1349 1346 1435 1372 recte
1449 1339 1517 1371 diei
1531 1338 1590 1370 sibi
1604 1339 1691 1381 quis-

228 1390 311 1432 piam
336 1391 504 1423 suadebit?
561 1393 701 1425 Arum.
723 1394 831 1426 Facile
856 1395 1021 1427 intellectu
1051 1401 1112 1438 est,
1127 1406 1146 1426 o
1176 1395 1293 1431 Clinia,
1321 1396 1381 1426 hoc
1400 1395 1448 1425 ita
1473 1402 1589 1425 namn
1612 1403 1692 1424 esse.

227 1445 304 1477 Cu.
327 1445 411 1483 Quid
431 1446 500 1477 ais?
525 1448 666 1489 nunquid
696 1459 762 1480 esse
786 1449 865 1480 illud
895 1450 1014 1486 asseris,
1045 1450 1070 1480 si
1096 1456 1246 1491 tyrannus
1269 1449 1397 1490 juvenis
1419 1448 1470 1485 sit,
1489 1453 1692 1489 tempentus,

226 1499 408 1542 ingeniique
423 1502 569 1532 acumine
586 1507 618 1532 et
633 1504 780 1534 memoria
800 1503 935 1545 pollens,
964 1504 1061 1540 fortis,
1087 1504 1270 1546 magnificus
1288 1510 1383 1545 atque
1405 1503 1479 1535 felix
1497 1503 1508 1532 ?
1553 1502 1695 1533 Arnim.

225 1553 324 1586 Adde
346 1555 423 1585 nihil
449 1556 549 1593 aliud,
564 1557 623 1587 nisi
638 1562 673 1587 ut
685 1563 826 1600 tempore
838 1569 895 1589 suo
913 1559 1004 1589 laude
1021 1559 1134 1600 dignus
1150 1558 1305 1600 legislator
1319 1558 1498 1600 reperiatur,
1513 1562 1548 1588 et
1565 1556 1694 1587 fortuna

227 1609 373 1649 quaedam
401 1620 454 1640 eos
472 1610 502 1640 in
520 1610 605 1641 idem
620 1611 787 1642 conducat.
811 1613 869 1643 hoc
885 1613 971 1643 enim
988 1613 1012 1643 si
1028 1613 1206 1648 accesserit,
1222 1612 1327 1643 onmia
1339 1613 1436 1643 ferme
1450 1611 1540 1643 Deus
1554 1610 1691 1647 dederit,

227 1673 297 1704 quae
323 1663 398 1694 dare
423 1665 514 1700 solet,
543 1666 686 1706 quotiens
710 1666 871 1697 civitatem
897 1668 1034 1707 aliquam
1058 1668 1187 1698 felicem
1200 1667 1333 1698 maxime
1350 1666 1416 1697 vult
1428 1666 1508 1697 fore.
1523 1665 1652 1702 deinde,
1666 1665 1694 1696 si

226 1716 290 1747 duo
306 1717 385 1748 tates
401 1718 558 1760 principes
574 1719 636 1749 sint
650 1731 657 1748 :
681 1721 773 1751 tertio
787 1721 869 1756 loco,
885 1721 909 1751 si
926 1727 988 1751 tres
1006 1733 1013 1751 :
1039 1726 1071 1751 et
1085 1721 1292 1752 successionis
1308 1721 1418 1751 eadem
1434 1719 1554 1751 ratione
1567 1724 1693 1751 servata

227 1782 266 1801 eo
287 1770 454 1809 difficilius,
483 1783 547 1814 quo
577 1773 682 1814 plures
692 1784 702 1813 3
737 1779 831 1815 atque
860 1780 981 1814 contra,
1003 1784 1066 1816 qua
1092 1775 1268 1816 pauciores,
1292 1785 1331 1806 eo
1360 1774 1497 1806 facilius.
1542 1774 1619 1806 Cn.
1642 1772 1691 1804 Ex

229 1825 392 1868 tyrannide
404 1827 557 1868 optimam
569 1827 633 1858 fieri
649 1829 875 1870 rempublicam
892 1829 1040 1860 affirmare
1054 1828 1187 1868 videris3
1198 1839 1268 1860 cum
1285 1839 1407 1859 summo
1420 1833 1505 1860 certe
1515 1827 1693 1870 legislatore

230 1881 434 1922 modestoque
447 1886 580 1923 tyranno
590 1881 727 1913 facilime
739 1889 772 1913 et
785 1882 941 1914 celerrime
951 1893 990 1914 ex
1003 1883 1057 1914 illa.
1068 1883 1102 1914 in
1112 1884 1192 1914 hauc
1207 1883 1410 1914 mutationem
1426 1882 1492 1913 fieri
1507 1894 1515 1913 ε
1541 1882 1692 1918 seeundo,

227 1945 266 1964 ex
283 1945 454 1976 paucorum
471 1935 633 1977 potentia:
659 1937 766 1973 tertio,
780 1947 820 1967 ex
837 1937 992 1979 populari.
1015 1947 1055 1968 an
1077 1947 1141 1968 non
1168 1937 1239 1967 ita?
1285 1935 1425 1967 Aram.
1449 1935 1612 1967 Minime:
1636 1934 1692 1967 sed

228 1999 267 2018 ex
292 1990 456 2031 tyrannide
475 1990 574 2030 primo
593 2002 599 2020 :
625 1989 741 2021 deinde
763 2002 801 2022 ex
830 1991 914 2033 regia
938 1991 1189 2033 gubernatione:
1215 1991 1309 2022 tertio
1333 2001 1374 2022 ex
1403 1990 1536 2032 quadam
1549 1989 1695 2032 populari

229 2043 370 2083 potentia
388 2055 395 2073 :
419 2048 579 2084 postremo
595 2055 765 2085 paucorum
780 2046 925 2086 potentia
938 2047 1064 2087 optimae
1080 2046 1263 2088 reipublicae
1283 2045 1517 2087 generationem
1544 2043 1694 2075 difficilli-

229 2108 279 2128 me
305 2097 449 2139 suscipit.
473 2098 598 2139 plurimi
618 2099 700 2128 enim
718 2099 751 2129 in
767 2100 837 2140 ipsa
852 2106 997 2140 potentes
1011 2105 1094 2131 sunt.
1119 2106 1193 2131 tunc
1211 2109 1282 2130 vero
1296 2100 1364 2130 haec
1378 2098 1447 2129 fieri
1462 2097 1608 2134 dicimus,
1622 2108 1694 2129 cum

230 2162 320 2182 verus
346 2158 457 2182 natura
480 2152 583 2193 legum
606 2153 749 2183 conditor
762 2153 932 2189 invenitur,
948 2160 980 2184 et
991 2154 1021 2184 ei
1034 2154 1178 2195 potentia
1192 2154 1335 2194 quaedam
1350 2152 1526 2184 communis
1538 2162 1614 2183 cum
1626 2151 1694 2182 illie

229 2205 395 2246 contingit.
422 2205 476 2247 qui
502 2205 666 2247 plurimum
693 2206 725 2236 in
751 2207 878 2238 civitate
895 2213 1033 2248 possunt.
1057 2207 1155 2249 [711]
1182 2207 1235 2237 ubi
1251 2212 1354 2238 nutem
1368 2205 1547 2247 paucissimi
1562 2205 1690 2247 quidem

229 2269 360 2291 numero
382 2265 467 2296 sunt,
490 2261 633 2302 potentia
653 2271 726 2292 vero
753 2262 878 2298 summi,
903 2263 986 2303 qnod
1001 2262 1158 2304 tyrannidi
1170 2261 1297 2298 accidit,
1312 2261 1357 2291 ibi
1372 2261 1500 2291 celeret
1511 2259 1612 2290 facilis
1626 2258 1692 2290 fieri

229 2314 362 2345 mutatio
377 2315 467 2345 solet.
511 2314 588 2346 Cm.
612 2316 684 2352 Quo
704 2316 822 2358 pacto?
847 2327 908 2347 non
925 2317 1007 2348 enim
1031 2316 1250 2357 intelligimus.
1294 2314 1433 2346 Arnen.
1455 2314 1500 2345 At
1524 2324 1598 2345 vero
1627 2323 1690 2345 non

229 2369 326 2399 semel
351 2369 384 2399 id
412 2378 431 2399 a
458 2370 561 2409 nobis,
576 2369 634 2400 sed
655 2371 781 2412 saepius,
797 2376 831 2402 ut
847 2372 970 2413 opinor,
987 2376 1034 2402 est
1045 2371 1176 2403 dictum.
1198 2380 1253 2401 vos
1269 2375 1372 2401 autem
1385 2369 1518 2400 sortasse
1532 2369 1693 2400 civitatem

228 2423 392 2465 tyrannide
410 2433 544 2464 pressam
556 2434 716 2466 nunquam
733 2424 865 2456 vidistis.
908 2425 983 2456 Cu.
1008 2425 1076 2467 Ego
1091 2424 1220 2466 quidem
1232 2424 1339 2455 videre
1359 2433 1427 2455 eam
1444 2423 1572 2454 minime
1583 2423 1693 2464 cupio.

229 2477 366 2508 Arnen.
389 2477 486 2518 Atqui
513 2478 597 2519 quod
624 2480 718 2510 modo
745 2479 890 2516 dixiruus,
912 2482 944 2510 in
960 2490 997 2511 ea
1013 2480 1171 2521 inspicies.
1219 2478 1296 2510 Cn.
1317 2477 1505 2515 Quidnam?
1550 2476 1694 2508 Arnen.

231 2531 327 2567 Quod
340 2541 401 2562 non
420 2532 517 2563 multo
533 2532 639 2564 labore
657 2543 715 2565 nec
732 2534 824 2576 longo
839 2539 977 2576 tempore
993 2539 1124 2576 tyranno
1138 2544 1217 2575 opus
1236 2533 1286 2570 sit,
1303 2532 1439 2564 civitatis
1455 2541 1557 2562 mores
1571 2536 1690 2561 mure

232 2584 364 2616 volenti.
386 2595 458 2616 nam
485 2586 549 2618 sive
576 2587 617 2617 ad
640 2587 760 2619 virtutis
775 2588 877 2620 officia
893 2589 957 2619 sive
975 2594 1083 2619 contra
1096 2589 1180 2620 cives
1195 2586 1368 2629 perducere
1384 2585 1472 2626 velit,
1487 2585 1557 2627 ipse
1573 2585 1692 2626 primus

233 2638 328 2675 viam,
342 2649 399 2680 per
423 2650 516 2681 quam
538 2647 708 2682 sequantur
720 2643 828 2679 ceteri,
843 2642 1035 2684 ingrediatur
1046 2647 1180 2684 oportet.
1195 2641 1363 2681 omniaque
1375 2640 1410 2671 in
1423 2649 1459 2670 oe
1473 2639 1543 2680 ipso
1555 2638 1692 2680 primum

231 2702 377 2734 expressa
390 2694 568 2735 praescribat
583 2697 705 2737 agendo
718 2708 724 2726 :
752 2697 814 2728 alia
829 2696 954 2739 quidem
971 2698 1104 2728 laudans
1116 2702 1210 2738 atque
1225 2696 1391 2730 timemus,
1404 2693 1468 2724 alin
1482 2702 1555 2723 vem
1568 2691 1693 2733 vimpo-

232 2756 314 2782 ταηε,
337 2752 371 2777 et
394 2757 460 2783 eoa,
486 2748 538 2788 qui
563 2758 627 2780 non
647 2750 800 2781 obediunt
823 2750 855 2781 in
883 2751 1014 2792 singulis
1028 2750 1218 2786 actionibus,
1234 2759 1355 2790 semper
1366 2747 1571 2779 dedecoras.
1614 2745 1693 2778 Cu.

232 2801 399 2837 Quomodo
425 2811 496 2831 vero
525 2802 640 2844 ubique
664 2815 809 2846 magnum
837 2805 913 2847 quid
941 2811 999 2836 aut
1023 2805 1155 2836 arduum
1182 2802 1436 2837 existimabimus
1462 2807 1498 2832 nt
1522 2801 1607 2833 cives
1615 2810 1692 2831 eum

231 2854 337 2885 atatim
362 2863 545 2896 sequantur,
574 2858 627 2898 qui
650 2858 694 2890 ita
719 2861 832 2891 suadet
853 2866 885 2891 et
905 2860 1017 2901 cogit?
1064 2858 1202 2891 Arnim.
1226 2857 1330 2889 Nemo
1355 2856 1446 2889 nobis
1459 2854 1659 2897 persuadeat,
1674 2863 1693 2884 o

235 2908 338 2944 anniti,
362 2907 451 2940 aliter
476 2920 610 2951 unquam
626 2912 717 2944 citius
739 2919 771 2945 et
787 2914 919 2952 facilius,
935 2924 1027 2956 quam
1044 2912 1220 2956 principum
1244 2911 1402 2952 exemplo,
1414 2910 1502 2951 leges
1514 2909 1548 2941 in
1564 2908 1690 2942 citime
