1840 3225
253 231 332 267 roo
862 229 1130 269 PLATONIS
1637 230 1732 284 [367

259 329 506 371 velinjustitiam
526 331 723 372 vituperavit,
737 342 830 374 quam
849 333 887 363 nd
905 332 1032 374 gloriam
1053 343 1242 375 muneraque
1259 333 1306 363 vol
1335 344 1441 374 poenas
1459 334 1640 376 respiciens,
1663 329 1735 377 qu'ae

262 384 301 413 ab
317 384 376 414 illis
394 385 641 425 proficiscuntur.
688 386 795 426 Ipsum
813 396 883 416 vero
902 391 1065 427 utrumque
1083 392 1193 427 suapte
1209 393 1318 417 natura
1337 387 1413 428 quid
1439 394 1514 429 agat
1534 389 1569 419 iu
1592 389 1738 420 habentis

262 437 366 467 animo
384 438 482 468 latens
500 438 588 469 Deos
604 445 635 469 et
650 439 804 481 homines,
819 440 924 470 nullus
940 450 1075 481 unquam
1102 441 1148 470 vel
1166 441 1196 470 in
1214 440 1368 481 poematis
1384 441 1433 472 vel
1455 442 1518 472 alio
1541 450 1680 473 sermone
1696 443 1737 472 ad

263 491 479 522 sufficientiam
495 493 669 523 enarravit:
696 494 778 534 quod
811 493 956 524 videlicet
981 493 1136 534 injustitia
1158 494 1198 524 sit
1222 495 1387 524 maximum
1413 495 1561 525 malorum
1587 495 1738 532 omnium,

263 533 466 586 quotcunque
482 548 631 577 sustineat
648 548 786 585 animus;
798 547 921 588 justitia
934 558 1004 578 vero
1022 549 1187 578 maximum
1203 549 1330 580 bonum.
1375 548 1410 579 Si
1426 547 1523 589 [367]
1539 549 1623 580 enim
1638 549 1684 580 sic
1697 549 1738 579 ab

263 599 407 629 omnibus
424 600 511 629 vohis
526 600 634 631 fuisset
651 612 668 631 a
686 601 836 642 principio
853 602 970 632 dictum
988 607 1019 631 et
1035 601 1125 632 nobis
1140 603 1178 632 ab
1206 601 1276 642 ipsa
1300 602 1432 643 pueritia
1458 612 1649 644 persuasum,
1673 613 1738 632 non

261 651 394 682 invicem
410 654 637 692 coliiberemur‚
650 666 688 685 ne
704 655 779 696 quid
797 655 827 685 in
845 655 939 685 alium
955 666 1115 696 ageremus
1130 655 1261 696 injuste,
1276 657 1330 686 sed
1348 656 1561 698 unusquisque
1577 657 1624 687 sui
1641 657 1738 698 ipsius

262 710 367 736 custos
383 712 476 742 esset,
491 707 602 738 timens
618 719 657 740 ne
673 708 789 749 injuste
815 720 910 750 agens
937 710 1068 739 maximo
1095 710 1174 740 malo
1200 711 1382 741 adliaereret.
1426 709 1516 747 llaec,
1540 721 1559 742 o
1582 711 1739 752 Socrates,

263 760 426 793 hactenus.
448 761 527 792 sorte
544 773 614 793 vero
630 768 662 793 et
680 763 766 804 plura
782 762 1032 804 Thrasymachus
1049 768 1103 793 aut
1120 763 1232 804 aliquis
1247 763 1327 794 alius
1342 763 1515 804 dejustitia
1527 769 1560 795 et
1570 764 1739 806 injustitia,

267 813 426 854 utriusque.
443 818 650 846 transvertens
665 817 740 852 vim,
755 817 883 852 diceret,
899 822 932 847 et
946 827 1075 847 onerose
1092 817 1275 856 admodum,
1291 822 1325 847 ut
1339 817 1414 847 mihi
1425 817 1558 849 videtur.
1592 818 1654 849 Sed
1665 828 1739 859 ego,

264 867 340 897 nihil
359 868 414 898 abs
428 875 458 899 te
474 870 567 900 celari
583 870 705 906 volens„
719 871 912 911 cupiensque
928 881 965 900 ex
982 875 1012 901 te
1028 870 1134 901 audire
1161 871 1358 910 contrariam,
1382 871 1552 902 orationem
1580 872 1738 912 protraho.

264 920 317 951 Ne
333 932 406 961 ergo
423 923 511 952 nobis
526 923 624 953 solum
651 924 809 954 ostendito
833 923 987 963 justitiam
1014 923 1169 964 injustitia
1194 926 1440 965 praestantiorem
1465 935 1554 956 esse:
1580 925 1635 955 sed
1659 935 1739 965 quo-

266 974 360 1004 modo
377 974 445 1015 ipsa
461 986 514 1015 per
530 986 561 1006 se
578 976 715 1006 afficiens
746 982 876 1017 utraque
908 977 1059 1016 animum,
1084 977 1151 1008 haec
1176 978 1302 1017 quidem
1329 978 1455 1014 malum,
1476 979 1527 1009 illa
1553 979 1668 1009 bonurn
1690 978 1742 1009 sit.

268 1027 436 1068 opiniones
451 1035 553 1059 autern
570 1029 701 1064 auferas,
718 1035 752 1059 ut
767 1030 859 1059 etiam
877 1029 1001 1060 Glauco
1014 1030 1160 1070 jusserat.
1184 1031 1208 1060 si
1225 1031 1306 1061 enim
1323 1041 1387 1062 non
1409 1032 1572 1062 abstuleris
1596 1032 1740 1072 utrinque

267 1091 366 1121 veras,
380 1081 472 1112 salsas
489 1088 592 1112 autem
610 1083 791 1123 apposueris
805 1095 811 1113 :
839 1094 900 1113 non
914 1082 1033 1123 justum
1049 1083 1190 1114 dicemus
1205 1084 1331 1115 laudare
1348 1091 1390 1121 te,
1407 1086 1460 1116 sed
1477 1086 1508 1116 id
1525 1085 1740 1127 quodjustum

269 1134 409 1165 videatur
426 1147 432 1164 ς
470 1146 572 1176 neque
599 1136 748 1176 injustum
777 1137 962 1178 vituperare,
993 1138 1046 1168 sed
1077 1138 1162 1178 quod
1193 1138 1334 1169 videatur
1364 1139 1534 1180 injustum:
1564 1139 1740 1180 jubereque

266 1188 417 1228 injustum
434 1189 618 1230 injustitiam
634 1190 809 1226 occultare,
831 1191 1019 1222 assentiente
1040 1190 1284 1233 'I'lirasymach0‚
1304 1192 1424 1233 justum
1451 1193 1580 1234 quidem
1602 1193 1740 1224 alienum

267 1243 396 1278 bonum,
416 1244 582 1284 potentiori
607 1245 787 1275 conserens:
814 1244 964 1285 injustum
994 1252 1101 1275 autem
1126 1246 1227 1287 ipsum
1257 1247 1422 1277 conferens
1450 1253 1542 1288 atque
1566 1246 1655 1283 utile,
1680 1247 1740 1276 im·

267 1297 419 1328 becilliori
436 1303 538 1329 tamen
555 1299 674 1329 inutile.
721 1299 888 1340 Postquam
907 1299 1002 1340 igitur
1017 1310 1159 1330 assensus
1175 1310 1219 1338 cs,
1232 1299 1387 1340 justitiam
1402 1301 1434 1331 in
1455 1301 1502 1330 his
1523 1300 1613 1330 bonis
1637 1310 1740 1330 annu-

269 1351 390 1390 merari,
405 1362 474 1392 quae
491 1357 521 1382 et
541 1359 665 1393 propter
692 1353 744 1383 illa
765 1364 835 1393 quae
855 1358 1040 1394 sequuntur,
1066 1360 1098 1384 et
1120 1354 1217 1384 multo
1245 1355 1342 1396 magis
1364 1355 1433 1396 ipsa
1459 1359 1583 1396 propter
1607 1365 1640 1384 se
1665 1358 1741 1384 sunt

268 1406 458 1445 expetenda,
473 1406 621 1437 videlicet
637 1405 754 1446 videre,
771 1406 891 1446 audire,
909 1417 1029 1447 sapere,
1045 1407 1124 1437 bene
1141 1408 1242 1438 valere
1257 1419 1263 1437 :
1289 1413 1321 1438 et
1347 1418 1543 1449 quaecunque
1568 1407 1630 1438 alia
1655 1408 1741 1438 bona

269 1463 380 1499 suapte
396 1465 505 1490 natura
521 1460 656 1491 secunda
672 1466 744 1491 sunt
760 1466 791 1491 et
807 1461 953 1502 pretiosa,
970 1471 1033 1491 non
1059 1461 1208 1502 opinione
1232 1468 1398 1492 constant:
1423 1463 1482 1493 hoc
1507 1462 1615 1503 utique
1637 1461 1739 1503 ipsum

269 1511 364 1542 lauda
380 1512 410 1542 in
428 1513 494 1554 ipsa
506 1513 642 1554 justitia,
658 1515 742 1555 quod
760 1525 814 1555 per
829 1525 861 1545 se
877 1515 945 1555 ipsa
960 1516 1124 1545 habentem
1138 1515 1240 1555 juvat,
1257 1527 1325 1546 cum
1340 1515 1493 1556 injustitia
1508 1516 1613 1546 laedat.
1658 1514 1739 1556 Opi-

268 1565 381 1596 niones
396 1571 498 1596 autem
514 1572 546 1596 et
563 1567 687 1607 praemia
702 1567 769 1598 aliis
786 1568 942 1598 laudanda
957 1568 1109 1609 relinque.
1133 1579 1204 1599 nam
1231 1580 1289 1610 ego
1302 1569 1429 1610 quidem
1444 1569 1520 1600 alios
1543 1568 1739 1604 sustinerem,

269 1619 415 1659 quotiens
431 1620 474 1650 ita
487 1620 638 1660 justitiam
656 1622 818 1652 laudarent
835 1622 882 1652 vel
900 1622 1109 1663 vituperarent
1124 1622 1321 1663 injustitiam,
1338 1629 1372 1653 ut
1388 1623 1552 1664 opiniones
1565 1628 1597 1653 ct
1613 1623 1742 1664 praemia

272 1673 396 1704 laudare
421 1673 467 1704 vel
487 1674 660 1715 vituperare
674 1676 874 1706 viderentur:
900 1681 930 1706 tc
946 1681 1049 1707 autem
1066 1677 1205 1712 minime,
1222 1676 1281 1707 nisi
1295 1677 1374 1707 forte
1390 1683 1422 1707 tu
1435 1672 1578 1717 jusseriS,
1593 1676 1741 1717 quoniam

272 1737 395 1757 omnem
413 1728 505 1758 vitam
522 1729 608 1759 nulla
623 1729 654 1759 in
671 1740 702 1760 re
717 1730 778 1760 alia
802 1740 894 1771 quam
920 1730 951 1760 in
976 1731 1034 1761 hac
1058 1731 1272 1772 speculatione
1297 1731 1527 1772 consumpsisti.
1573 1729 1625 1761 Ne
1649 1729 1742 1770 igitur

270 1778 357 1810 nobi's
374 1781 472 1811 solum
488 1783 626 1814 oratione
642 1784 772 1814 ostende
789 1784 1031 1825 praestantiorem
1047 1784 1203 1825 injustitia
1224 1784 1379 1825 justitiam
1407 1795 1473 1815 esse
1488 1796 1496 1814 t
1521 1783 1576 1815 sed
1602 1793 1739 1824 quonam

271 1834 364 1864 modo
381 1839 511 1876 utraque
526 1836 660 1877 ipsarum
677 1838 723 1867 sui
739 1838 924 1879 participem
941 1838 1090 1875 afficiens,
1116 1839 1179 1869 sive
1195 1838 1291 1868 lateat
1315 1837 1379 1869 sive
1402 1848 1465 1868 non
1488 1837 1584 1868 lateat
1606 1835 1699 1868 Deos
1708 1842 1741 1867 et

270 1887 422 1924 homines,
436 1888 503 1919 haec
519 1889 646 1930 quidem
664 1891 779 1922 bonum
803 1891 854 1927 sit,
871 1891 924 1922 illa
950 1892 1077 1923 malum.
1125 1892 1203 1922 Haec
1228 1902 1286 1932 ego
1311 1902 1382 1922 cum
1404 1891 1578 1928 audissem,
1598 1890 1742 1932 quamvis

270 1945 303 1971 et
329 1941 405 1972 alias
427 1952 547 1983 semper
573 1943 747 1975 Glauconis
769 1950 802 1974 et
830 1944 994 1975 Adimanti
1020 1945 1179 1985 ingenium
1211 1945 1417 1985 adamassem,
1452 1951 1527 1976 tunc
1549 1950 1652 1975 tamen
1683 1955 1736 1974 ve-

268 1995 428 2025 hementer
457 1996 624 2028 admiratus
650 2008 730 2034 sum,
755 1997 852 2040 [368]
885 1999 1030 2040 dixique:
1056 1999 1131 2030 Non
1164 1999 1245 2030 male
1269 1999 1301 2029 in
1332 2009 1400 2035 vos,
1429 2010 1448 2030 o
1472 1999 1529 2029 filii
1553 1998 1638 2030 illius
1668 1997 1739 2034 viri,

272 2048 460 2089 principium
505 2050 662 2091 elegorum
703 2052 873 2083 carminum
911 2059 1028 2083 amator
1070 2053 1244 2084 Glauconis
1275 2053 1452 2094 inscripsit:
1497 2052 1564 2094 qui,
1602 2063 1672 2083 cum
1704 2053 1737 2082 in

271 2101 451 2142 Megarensi
480 2104 587 2144 proelio
611 2105 732 2136 sortiter
758 2105 996 2146 pugnam-issem,
1031 2107 1060 2137 Ο
1075 2106 1159 2147 filii,
1190 2106 1306 2147 inquit,
1335 2107 1508 2143 Aristonis,
1537 2106 1650 2148 inclyti
1674 2106 1739 2137 viri

271 2155 414 2187 divinum
437 2166 548 2196 genus.
593 2158 664 2189 Hoc
690 2159 770 2190 bene
797 2159 874 2198 dici,
899 2171 917 2190 o
946 2159 1052 2196 amici,
1067 2160 1203 2191 videtur.
1237 2161 1345 2191 divine
1373 2160 1455 2190 enim
1481 2159 1585 2191 affecti
1611 2160 1697 2198 estis,
1710 2159 1738 2190 si

273 2219 336 2239 non
351 2210 425 2240 estis
443 2210 579 2251 persuasi
594 2211 776 2252 injusmiam
788 2212 913 2253 justitia
927 2214 1084 2244 meliorem
1100 2224 1180 2249 esse,
1195 2224 1266 2245 cum
1282 2214 1361 2244 adeo
1380 2223 1434 2254 pro
1451 2213 1519 2254 ipsa
1540 2213 1665 2244 abunde
1691 2213 1737 2243 lo-

271 2263 425 2303 quamini.
469 2263 630 2295 Videmini
647 2270 749 2296 autem
765 2266 839 2296 mihi
857 2267 992 2306 persuasi
1018 2277 1081 2297 non
1109 2277 1187 2298 esse.
1223 2266 1435 2307 conjecturam
1461 2266 1553 2308 capio
1569 2277 1606 2298 ex
1630 2266 1738 2298 vestris

273 2316 429 2347 moribus:
455 2317 603 2358 quoniam
620 2319 792 2350 secundum
809 2320 979 2350 orationem
1007 2320 1108 2361 ipsam
1134 2320 1221 2351 vobis
1251 2321 1374 2352 minime
1402 2321 1615 2352 credidissem.
1661 2320 1736 2357 Quo

272 2374 375 2400 autem
394 2370 488 2411 magis
504 2372 610 2412 credo,
625 2383 663 2403 eo
679 2374 785 2414 magis,
799 2384 861 2414 quo
879 2384 926 2405 me
943 2380 1070 2411 vertam,
1084 2374 1221 2416 ambigo.
1245 2385 1315 2405 nam
1331 2375 1489 2416 quomodo
1505 2373 1664 2416 adjuvem,
1679 2383 1736 2404 ne-

273 2422 349 2454 scio.
375 2423 482 2454 videor
496 2424 614 2466 quippe
631 2437 692 2456 non
711 2437 812 2468 posse.
837 2427 914 2457 illud
931 2434 1034 2458 autem
1051 2429 1172 2469 signum
1187 2435 1245 2463 est,
1262 2430 1346 2469 quod
1364 2439 1412 2462 ca,
1429 2428 1543 2469 quibus
1558 2438 1618 2468 ego
1643 2437 1735 2468 supra

274 2477 421 2506 adversus
436 2477 700 2520 Thrasymachum
723 2480 910 2512 sufficienter
936 2481 1109 2513 ostendisse
1137 2482 1283 2523 putabam
1311 2481 1465 2523 injustitia
1490 2481 1646 2512 meliorem
1669 2491 1738 2511 esse

269 2528 437 2569 justitiam,
452 2541 514 2561 non
530 2533 707 2565 admisistis.
738 2545 839 2576 neque
865 2545 966 2565 rursus
992 2536 1150 2577 quomodo
1177 2546 1260 2567 nunc
1284 2546 1470 2575 succurram,
1485 2534 1632 2566 invenio:
1659 2534 1740 2565 veri·

274 2588 324 2611 tus
340 2592 379 2612 ne
394 2583 471 2614 sorte
486 2585 618 2626 impium
635 2586 686 2624 si-t,
703 2593 748 2623 ut,
765 2589 818 2629 qui
839 2588 993 2629 justitiam
1020 2600 1122 2620 coram
1145 2590 1312 2630 vituperari
1339 2589 1496 2630 intelligit,
1509 2588 1736 2629 subterfugiam

272 2644 376 2674 neque
393 2646 446 2676 pro
463 2636 530 2677 ejus
546 2639 727 2672 defensione
745 2642 835 2672 verba
851 2642 954 2678 faciat,
971 2643 1119 2683 quamdiu
1136 2644 1249 2683 spirare
1266 2648 1298 2674 et
1324 2643 1412 2684 loqui
1435 2641 1629 2673 conceditur.
1657 2651 1735 2682 prm-

272 2692 333 2717 stat
349 2688 453 2729 itaque
470 2701 525 2730 pro
542 2692 655 2723 viribus
671 2694 841 2736 sulii-agari.
886 2695 974 2727 'l'unc
991 2696 1113 2727 Glauco
1131 2702 1163 2727 et
1177 2696 1269 2727 ceteri
1285 2706 1394 2726 omncs
1417 2685 1574 2736 roger-unt,
1590 2700 1625 2725 ut
1649 2695 1736 2725 omni

272 2750 333 2780 ope
364 2743 536 2779 auxiliaret,
569 2756 669 2787 neque
699 2748 941 2789 disputationem
969 2750 1186 2790 relinquerem,
1215 2750 1269 2780 scd
1302 2753 1517 2790 perscrutarer,
1547 2749 1623 2788 quid
1654 2753 1735 2778 esset

274 2799 437 2834 utrumque
453 2807 561 2836 quaeve
579 2809 680 2830 revera
697 2802 855 2844 utriusque
881 2803 1012 2833 utilitas.
1060 2803 1135 2834 Dixi
1153 2803 1256 2843 igitur,
1273 2808 1305 2832 ut
1331 2812 1398 2833 mea
1423 2807 1489 2832 erat
1512 2801 1632 2841 opinio.
1649 2811 1734 2841 quae-

273 2847 404 2878 ationem
423 2849 516 2890 lianc,
534 2862 626 2892 quam
643 2855 850 2895 aggredimur,
868 2867 930 2887 non
946 2867 1012 2887 esse
1027 2857 1302 2897 contemnendam,
1317 2856 1370 2887 sed
1392 2854 1528 2886 hominis
1549 2859 1640 2885 acute
1665 2863 1732 2884 cer—

267 2902 369 2931 nentis
386 2912 476 2943 opus,
494 2910 526 2934 ut
543 2898 618 2937 mihi
637 2908 757 2940 videtur
773 2922 779 2939 :
809 2920 843 2942 ac
862 2917 1027 2952 postquam
1045 2922 1102 2942 nos
1116 2911 1205 2942 aliter
1219 2921 1281 2942 nou
1299 2910 1448 2950 valemus,
1463 2907 1592 2951 perinde
1606 2907 1730 2938 investi·
