1840 3225
157 219 253 269 944]
566 217 638 256 DE
675 216 903 256 LEGIBUS
937 218 1036 257 LIB.
1065 218 1157 256 ΧΠ.
1528 220 1609 259 437

152 322 278 353 mitates
291 322 360 353 istae
376 332 447 353 cum
463 327 608 353 naturam
624 325 811 352 conservant
826 330 926 356 suam,
945 321 1097 351 maximas
1116 321 1175 352 toti
1201 321 1321 363 corpori
1347 322 1429 353 vires
1454 322 1614 362 praebent:

153 381 264 406 contra
289 386 365 407 vero
395 377 597 407 contrarium.
621 381 654 405 et
677 375 773 405 altera
800 375 930 416 quidem
956 376 1101 406 universo
1129 376 1252 417 corpori
1277 377 1410 407 maxime
1438 376 1615 420 ministrat:

151 430 252 461 altera
265 435 367 461 totum
384 431 481 465 ducit,
499 441 568 460 cum
594 429 785 470 principales
808 428 879 469 ejus
910 440 1022 460 sensus
1051 440 1159 459 omnes
1186 436 1297 460 natura
1320 430 1491 471 possideat.
1517 429 1615 471 [943]

153 483 211 514 sed
227 483 407 525 hujusmodi
422 484 551 525 quidem
576 484 687 513 laudes
711 483 867 514 bellicosae
890 483 965 512 vitae
983 482 1119 523 juvenes
1143 484 1296 522 audiant3
1327 484 1414 524 leges
1431 494 1506 514 vero
1523 484 1618 514 istas:

133 548 135 551 ·
153 538 288 574 Militet,
304 539 485 579 quicunque
501 537 698 577 conscriptus
713 543 763 566 est
779 541 833 566 aut
847 536 928 577 parti
944 537 1040 567 alicui
1056 536 1235 576 deputatus.
1259 537 1283 566 si
1300 537 1370 577 quis
1391 548 1465 568 vero
1487 543 1618 578 propter

154 592 327 633 ignaviam,
343 593 459 633 absque
475 598 648 621 commeatu
663 590 862 631 imperatoris
876 589 970 630 desit,
1000 590 1040 620 ad
1066 590 1226 631 principes
1250 590 1337 626 belli,
1363 602 1432 621 cum
1456 592 1620 627 redierint,

153 652 330 677 accusetur.
355 646 502 687 judicent
528 651 644 680 autem,
674 646 727 685 qui
752 644 937 679 militarunt,
961 655 1080 681 omneS‚
1104 654 1242 675 seorsum
1268 645 1396 684 quidem
1423 646 1557 686 pedites,
1589 651 1622 676 et

155 700 280 740 equites
309 710 459 735 seorsum,
487 699 649 739 celerique
681 699 836 728 similiter.
882 698 1020 738 pedites,
1051 697 1168 738 quippe
1200 697 1241 727 ad
1269 699 1406 738 pedites,
1436 704 1469 728 et
1495 699 1619 739 equites

156 753 300 784 similiter
323 754 362 784 ad
380 754 513 794 equites,
531 753 693 793 ceterique
710 752 827 793 singuli
843 751 882 782 ad
901 751 1040 794 ejusdem
1056 751 1148 782 sortis
1171 752 1331 793 principes
1357 752 1522 782 deserendi
1537 759 1621 786 sunt.

153 807 208 837 ubi
225 808 404 848 quicunque
431 807 596 838 damnatus
617 806 724 843 suerit,
749 812 782 836 et
809 807 843 836 in
868 811 1025 837 certamen
1049 811 1160 846 postea
1184 805 1395 847 quodcunque
1424 806 1618 837 descendere

147 854 187 892 ‘et
207 861 307 891 alium
321 862 476 902 neglectae
490 861 613 891 militiae
627 871 775 892 accusare
791 860 1004 901 prohibeatur.
1029 865 1189 901 praeterea,
1211 860 1289 901 quid
1305 860 1379 890 dare
1394 861 1500 901 pative
1517 861 1620 902 ipsum

154 920 309 956 oporteat,
328 916 453 958 judices
474 920 624 946 statuant.
646 914 703 946 sed
727 916 860 945 desertse
886 914 1008 945 militiae
1035 913 1158 955 judicio
1178 919 1319 955 peracto,
1350 914 1492 955 peditum
1514 925 1621 945 rursus

155 970 361 1011 equitumque
377 975 408 1001 et
421 970 553 1001 aliorum
568 975 666 1000 coetus
681 979 698 999 a
715 969 909 1010 principibus
932 969 1114 1004 habeantur,
1126 975 1161 999 ut
1176 969 1324 998 militaria
1342 969 1402 1005 his,
1419 969 1473 1009 qui
1493 976 1619 1000 strenue

155 1033 190 1054 se
209 1031 384 1065 gesserunt,
407 1023 490 1054 dona
506 1023 629 1054 dentur.
648 1023 773 1064 judicet
788 1029 890 1053 autem
907 1023 947 1053 de
964 1023 1105 1058 victoria,
1121 1023 1262 1064 quisquis
1288 1023 1376 1058 velit,
1398 1023 1482 1053 inter
1503 1023 1623 1054 ordinis

156 1078 204 1108 sui
221 1079 405 1119 participes,
423 1078 467 1108 ita
487 1084 523 1108 ut
537 1078 769 1118 praeteritorum
784 1077 992 1108 certaminum
1006 1087 1065 1107 nec
1083 1076 1283 1117 conjecturas
1297 1087 1402 1118 neque
1418 1082 1514 1108 testes
1535 1078 1624 1108 adhi-

155 1131 252 1162 beat:
285 1133 340 1162 sed
372 1142 443 1162 eam
473 1142 542 1173 quae
569 1143 667 1172 nuper
693 1138 780 1173 gesta
810 1136 871 1170 est,
898 1141 1035 1172 pugnam
1064 1131 1226 1161 dumtaxat
1253 1131 1444 1161 consideret.
1468 1133 1624 1163 donentur

155 1185 284 1222 deinde,
299 1186 353 1227 qui
379 1187 526 1227 praeclare
543 1192 680 1217 certasse
704 1186 906 1221 videbuntur,
933 1195 1048 1216 corona
1073 1195 1110 1215 ex
1132 1185 1295 1216 frondibus
1325 1185 1443 1216 arboris
1470 1191 1624 1228 perpetuo

154 1240 285 1271 virentis
300 1246 456 1277 conserta,
473 1251 569 1281 quam
580 1246 702 1281 postea,
732 1240 784 1280 qui
800 1240 961 1270 consecuti
981 1246 1063 1275 sunt,
1086 1240 1118 1269 in
1142 1239 1358 1270 bellicosorum
1387 1241 1513 1281 templis
1537 1240 1625 1271 Deo-

155 1304 236 1330 rum,
254 1300 412 1336 utcunque
424 1295 589 1336 placuerit,
616 1305 686 1325 cum
711 1294 915 1335 inscriptione
938 1293 1093 1335 tituloque
1114 1293 1321 1334 suspendant,
1346 1299 1382 1324 ut
1407 1294 1622 1325 testimonium

154 1348 280 1378 virtutis
295 1349 336 1379 sit
351 1348 543 1379 diuturnum.
567 1350 706 1379 secundo
722 1359 847 1390 quoque.
863 1359 898 1379 ac
915 1349 1005 1379 tertio
1028 1349 1099 1378 loco
1123 1348 1273 1378 declarati
1296 1349 1341 1379 sic
1355 1348 1483 1379 faciant.
1505 1350 1533 1379 si
1555 1350 1627 1391 quis

156 1407 265 1433 autem
291 1403 438 1433 militiam
466 1403 637 1443 profectus,
669 1409 840 1444 antequam
870 1403 1028 1443 principes
1058 1402 1242 1439 dimiserint,
1272 1403 1311 1433 ab
1339 1403 1477 1434 exercitu
1502 1403 1625 1441 abierit,

156 1457 240 1497 apud
257 1457 387 1486 eosdem
398 1456 522 1498 judices
538 1457 597 1487 iste
614 1457 758 1488 derelicti
782 1457 900 1488 ordinis
924 1461 1102 1493 accusetur,
1124 1456 1210 1498 apud
1240 1467 1318 1497 quos
1348 1462 1380 1488 et
1401 1458 1456 1488 ille
1483 1458 1625 1499 superior

155 1510 308 1551 neglectae
323 1511 444 1541 militiae
461 1516 626 1542 accusatus
639 1519 707 1542 est:
739 1517 771 1542 et
786 1512 953 1542 damnatus
969 1511 1113 1541 similiter
1127 1511 1286 1552 puniatur.
1307 1522 1417 1542 cavere
1439 1516 1544 1542 autem
1569 1523 1626 1553 pro

156 1564 274 1594 viribus
289 1564 395 1601 debet,
411 1565 549 1607 quisquis
565 1566 700 1607 aliquem
709 1565 913 1606 judicaturus
928 1571 987 1602 est,
1016 1576 1055 1596 ne
1085 1571 1197 1607 sponte
1221 1570 1275 1595 aut
1294 1566 1414 1596 invitus
1436 1566 1625 1607 supplicium

158 1619 348 1649 mulctamve
363 1619 443 1649 falso
459 1624 492 1650 et
504 1630 568 1650 non
586 1621 695 1650 merito
711 1620 835 1651 inferat.
853 1620 1011 1662 judicium
1022 1620 1106 1650 enirn
1130 1619 1217 1660 virgo
1244 1620 1391 1660 quaedam
1412 1621 1532 1661 pudica
1557 1630 1628 1650 esse

156 1683 231 1703 vere
257 1672 384 1703 dicitur.
419 1673 531 1714 pudori
552 1680 660 1705 autem
685 1679 781 1715 atque
802 1674 924 1716 judicio
955 1675 1130 1705 secundum
1159 1679 1302 1705 naturam
1328 1674 1401 1704 odio
1428 1674 1627 1706 mendacium

156 1731 215 1757 est.
238 1727 442 1768 quamobrem
457 1739 526 1758 cum
544 1729 576 1758 in
594 1729 664 1759 aliis
678 1728 833 1764 omnibus,
849 1734 917 1759 tum
933 1728 1064 1759 maxime
1084 1729 1118 1759 in
1128 1728 1312 1758 bellicorum
1337 1738 1490 1759 armorum
1506 1729 1628 1771 projec-

159 1781 258 1817 tione,
275 1782 449 1812 cavendum
463 1788 521 1819 est,
536 1793 577 1813 ne
592 1783 695 1813 Deam
706 1783 820 1824 judicii
836 1784 1005 1824 praesidem
1029 1783 1226 1813 offendamus
1240 1795 1246 1812 :
1279 1793 1320 1813 ne
1341 1782 1413 1824 quis
1440 1783 1630 1814 necessarias

158 1844 310 1866 armorum
327 1835 521 1877 abjectiones
537 1837 628 1877 quasi
644 1843 756 1878 turpes
767 1848 822 1878 per
834 1837 1044 1878 ignorantiam
1060 1837 1236 1872 arbitratus,
1251 1837 1391 1878 aliquem
1413 1847 1505 1877 poena
1524 1837 1630 1878 indig-

158 1899 234 1919 num
258 1889 416 1919 immerito
433 1891 555 1930 puniat.
578 1892 707 1920 arduum
725 1891 855 1930 quidem
870 1897 918 1921 est
934 1891 994 1921 ista
1009 1890 1203 1931 distinguere
1217 1902 1224 1919 τ
1253 1895 1378 1930 oportet
1391 1896 1509 1927 tamen,
1525 1896 1561 1921 ut
1578 1891 1630 1921 lex

159 1943 356 1984 distinguere
369 1954 427 1984 per
456 1944 594 1984 singulas
619 1949 728 1983 partes
750 1949 892 1974 conetur.
915 1945 1023 1974 fabula
1045 1944 1139 1985 igitur
1158 1945 1197 1973 ad
1225 1945 1292 1973 haec
1316 1950 1449 1974 utamur.
1474 1944 1571 1986 [944]
1601 1946 1639 1976 si·

158 1996 276 2037 absque
303 1997 394 2027 armis
427 1997 646 2027 semimortuus
671 1998 707 2026 ad
736 1997 871 2027 tentoria
894 1997 1061 2027 Patroclus
1087 1997 1199 2027 fuisset
1223 1997 1358 2033 delatus,
1385 1998 1468 2038 quod
1490 1998 1630 2038 pluribus

163 2051 302 2089 accidit3
334 2056 368 2080 et
381 2060 476 2085 arma,
494 2060 564 2090 quae
591 2060 610 2080 a
626 2050 708 2086 Diis,
725 2056 760 2080 ut
789 2051 892 2092 po'eta
921 2050 1012 2085 dicit,
1038 2051 1073 2080 in
1102 2050 1211 2080 dotem
1237 2050 1364 2081 Thetidi
1393 2051 1467 2082 data
1494 2051 1631 2089 fuerant,

161 2103 200 2134 ab
217 2103 353 2134 Hectore
382 2109 470 2144 rapta
483 2103 637 2133 fuissent:
664 2110 767 2134 utrum
791 2103 1016 2139 Menoetiades,
1035 2104 1126 2144 quasi
1139 2114 1225 2134 arma
1242 2104 1405 2145 abjecerit,
1427 2116 1445 2135 a
1471 2106 1630 2137 detracto-

162 2158 251 2188 ribus
267 2157 493 2199 vituperandus
510 2157 627 2188 suerit?
657 2164 818 2199 praeterea,
832 2158 922 2199 siqui
936 2159 975 2188 ab
1001 2159 1064 2188 alto
1090 2159 1337 2199 praecipitarunt,
1350 2164 1404 2189 aut
1416 2160 1450 2190 in
1475 2160 1550 2191 mari
1575 2166 1631 2192 aut

162 2212 195 2242 iu
210 2212 410 2253 tempestatis
431 2222 642 2254 aquarumque
666 2212 843 2243 colluvione
870 2217 924 2243 aut
952 2215 985 2244 in
1015 2213 1084 2243 aliis
1110 2212 1329 2254 hujuscemodi
1357 2214 1535 2254 permultis,
1561 2225 1630 2256 quae

163 2265 204 2296 ad
221 2266 412 2307 purgandam
428 2266 563 2307 ignaviae
579 2266 789 2308 suspicionem
806 2268 911 2298 afferri
926 2277 1068 2309 possunt,
1083 2267 1184 2298 coacti
1199 2278 1280 2298 arma
1296 2268 1466 2303 amiserint,
1495 2274 1630 2299 eruntne

164 2320 388 2361 vituperandi?
412 2320 518 2351 danda
535 2331 606 2351 vero
634 2331 730 2362 opera
756 2327 814 2357 est,
843 2327 877 2352 ut
902 2321 1003 2363 majus
1026 2322 1213 2363 graviusque
1238 2323 1356 2352 malum
1384 2332 1441 2362 pro
1471 2323 1587 2353 viribus
1613 2334 1632 2354 a

163 2374 319 2405 contrario
337 2384 547 2407 secernamus,
570 2375 602 2405 in
617 2376 686 2416 ipsa
712 2376 807 2417 igitur
832 2377 1061 2417 vituperatione
1087 2376 1307 2406 vocabulorum
1338 2376 1474 2417 ipsorum
1493 2377 1630 2418 prolatio

165 2428 377 2459 differentiam
406 2428 564 2468 quandam
596 2430 745 2461 ostendit.
790 2440 864 2461 nam
896 2431 976 2461 scuti
1006 2430 1148 2472 abjector
1177 2441 1240 2461 non
1275 2430 1315 2460 de
1345 2430 1491 2461 omnibus
1521 2432 1630 2463 merito

167 2482 310 2519 dicitur;
333 2492 488 2513 armorum
505 2493 577 2513 vero
590 2484 720 2514 amissor
734 2484 774 2515 de
790 2485 957 2515 omnibus:
978 2495 1039 2515 nec
1065 2485 1221 2520 similiter,
1243 2485 1297 2526 qui
1328 2484 1360 2514 vi
1383 2485 1488 2515 amisit
1515 2491 1549 2516 et
1577 2486 1632 2527 qui

165 2542 279 2577 sponte
296 2535 424 2577 abjecit,
441 2536 522 2567 scuti
537 2536 678 2578 abjector
692 2543 740 2568 est
752 2537 956 2579 judicandus.
979 2539 1106 2570 omnino
1123 2539 1209 2570 enim
1228 2538 1369 2580 undique
1398 2539 1559 2571 differunt.
1584 2540 1631 2571 sic

166 2591 266 2632 igitur
282 2591 479 2622 sauciamus:
498 2592 532 2622 Si
541 2592 611 2633 quis
626 2592 665 2622 ab
680 2592 825 2624 hostibus
840 2593 1082 2629 circumventus,
1098 2604 1168 2624 cnm
1185 2598 1323 2624 armatus
1337 2599 1432 2629 esset,
1449 2604 1510 2624 non
1520 2594 1632 2625 desen-

166 2645 214 2675 dit
235 2655 267 2675 se
285 2655 389 2676 versus
413 2646 450 2675 ad
480 2655 545 2681 eos,
562 2645 619 2676 sed
642 2656 727 2677 arma
741 2653 852 2688 sponte
866 2647 983 2678 dimisit
997 2654 1049 2678 aut
1063 2647 1190 2688 abjecit,
1206 2654 1393 2688 turpemque
1409 2647 1503 2678 vitam
1515 2649 1630 2679 veloci-

167 2705 232 2730 tate
259 2710 437 2740 comparare
454 2700 512 2730 sibi
525 2700 637 2731 maluit
652 2711 746 2742 quam
760 2702 943 2732 fortitudine
961 2703 1123 2732 honestam
1142 2702 1330 2743 felicemque
1343 2707 1474 2732 moriem
1489 2713 1495 2731 ε
1521 2701 1560 2732 dc
1573 2703 1632 2732 hu-

164 2752 304 2793 jusmodi
325 2763 479 2784 armorum
499 2753 861 2796 projectionejudicium
876 2756 1038 2791 habeatur,
1065 2757 1104 2786 de
1119 2756 1268 2796 superiori
1299 2766 1371 2786 vero
1401 2756 1532 2786 nullum.
1558 2755 1630 2785 mali

170 2805 255 2836 enim
277 2806 446 2848 ignavique
463 2818 587 2849 semper
603 2809 752 2850 puniendi
770 2816 851 2846 sunt,
868 2815 901 2841 ut
917 2810 1062 2840 meliores
1083 2810 1288 2851 fortioresque
1317 2811 1469 2840 evadant:
1498 2809 1631 2840 infortu-

172 2860 238 2890 nati
254 2870 326 2891 vero
341 2861 480 2892 minime.
503 2862 582 2893 nihil
598 2864 682 2894 enim
699 2863 867 2905 proficitur.
898 2864 952 2894 sed
969 2875 1112 2904 qumnam
1128 2864 1311 2906 abjectionis
1326 2874 1478 2895 armorum
1501 2863 1632 2892 damna·

177 2919 221 2950 10,
239 2921 269 2946 ct
285 2925 303 2945 a
318 2915 398 2947 virili
415 2916 596 2949 soi-titudine
612 2917 818 2959 degeneranti
834 2929 925 2960 ptr-na
942 2928 1078 2960 congrua
1096 2919 1153 2949 erit
1170 2919 1180 2947 ἓ
1204 2919 1374 2960 praesertim
1397 2927 1466 2947 cum
1489 2915 1633 2957 impossi-
