<?xml version="1.0" encoding="UTF-8"?>
<!DOCTYPE html PUBLIC "-//W3C//DTD XHTML 1.0 Transitional//EN"
    "http://www.w3.org/TR/xhtml1/DTD/xhtml1-transitional.dtd">
<html xmlns="http://www.w3.org/1999/xhtml" xml:lang="en" lang="en">
 <head>
  <title>
</title>
<meta http-equiv="Content-Type" content="text/html;charset=utf-8" />
  <meta name='ocr-system' content='tesseract 3.04.00' />
  <meta name='ocr-capabilities' content='ocr_page ocr_carea ocr_par ocr_line ocrx_word'/>
</head>
<body>
  <div class='ocr_page' id='page_1' title='image "./platonisetquaeve11plat_0419.png"; bbox 0 0 1840 3225; ppageno 0'>
   <div class='ocr_carea' id='block_1_1' title="bbox 147 232 1606 289">
    <p class='ocr_par' dir='ltr' id='par_1_1' title="bbox 147 232 1606 289">
     <span class='ocr_line' id='line_1_1' title="bbox 147 232 1606 289; baseline 0.001 -16"><span class='ocrx_word' id='word_1_1' title='bbox 147 233 243 289; x_wconf 82' lang='lat'>873]</span> <span class='ocrx_word' id='word_1_2' title='bbox 603 236 675 273; x_wconf 82' lang='lat' dir='ltr'>DE</span> <span class='ocrx_word' id='word_1_3' title='bbox 706 232 936 273; x_wconf 88' lang='lat' dir='ltr'>LEGIBUS</span> <span class='ocrx_word' id='word_1_4' title='bbox 977 234 1076 274; x_wconf 73' lang='grc' dir='ltr'>ΗΒ,</span> <span class='ocrx_word' id='word_1_5' title='bbox 1109 236 1179 273; x_wconf 91' lang='grc' dir='ltr'>ΙΧ.</span> <span class='ocrx_word' id='word_1_6' title='bbox 1525 237 1606 274; x_wconf 84' lang='grc'>403</span> 
     </span>
    </p>
   </div>
   <div class='ocr_carea' id='block_1_2' title="bbox 132 338 1620 2984">
    <p class='ocr_par' dir='ltr' id='par_1_2' title="bbox 132 338 1620 2984">
     <span class='ocr_line' id='line_1_2' title="bbox 139 338 1603 381; baseline -0.001 -11"><span class='ocrx_word' id='word_1_7' title='bbox 139 344 251 380; x_wconf 79' lang='lat' dir='ltr'>pergat</span> <span class='ocrx_word' id='word_1_8' title='bbox 271 339 522 381; x_wconf 84' lang='lat' dir='ltr'>homicidamque</span> <span class='ocrx_word' id='word_1_9' title='bbox 540 338 711 369; x_wconf 82' lang='lat' dir='ltr'>secundum</span> <span class='ocrx_word' id='word_1_10' title='bbox 721 339 825 379; x_wconf 85' lang='lat' dir='ltr'>legem</span> <span class='ocrx_word' id='word_1_11' title='bbox 837 338 911 368; x_wconf 85' lang='lat' dir='ltr'>dare</span> <span class='ocrx_word' id='word_1_12' title='bbox 926 347 1036 380; x_wconf 88' lang='lat' dir='ltr'>poenas</span> <span class='ocrx_word' id='word_1_13' title='bbox 1050 339 1233 380; x_wconf 81' lang='lat' dir='ltr'>compellat.</span> <span class='ocrx_word' id='word_1_14' title='bbox 1249 339 1316 370; x_wconf 81' lang='lat' dir='ltr'>haec</span> <span class='ocrx_word' id='word_1_15' title='bbox 1334 343 1440 369; x_wconf 86' lang='lat' dir='ltr'>autem</span> <span class='ocrx_word' id='word_1_16' title='bbox 1454 338 1603 369; x_wconf 80' lang='lat' dir='ltr'>facienda</span> 
     </span>
     <span class='ocr_line' id='line_1_3' title="bbox 139 392 1600 435; baseline -0.001 -11"><span class='ocrx_word' id='word_1_17' title='bbox 139 402 211 424; x_wconf 86' lang='lat' dir='ltr'>esse</span> <span class='ocrx_word' id='word_1_18' title='bbox 234 393 380 435; x_wconf 81' lang='lat' dir='ltr'>precibus</span> <span class='ocrx_word' id='word_1_19' title='bbox 404 393 624 434; x_wconf 73' lang='lat' dir='ltr'>sacrificiisque</span> <span class='ocrx_word' id='word_1_20' title='bbox 652 392 802 429; x_wconf 86' lang='lat' dir='ltr'>Deorum,</span> <span class='ocrx_word' id='word_1_21' title='bbox 827 393 950 434; x_wconf 85' lang='lat' dir='ltr'>quibus,</span> <span class='ocrx_word' id='word_1_22' title='bbox 978 403 1016 423; x_wconf 94' lang='lat' dir='ltr'>ne</span> <span class='ocrx_word' id='word_1_23' title='bbox 1033 393 1137 424; x_wconf 84' lang='lat' dir='ltr'>caedes</span> <span class='ocrx_word' id='word_1_24' title='bbox 1152 394 1185 423; x_wconf 90' lang='lat' dir='ltr'>in</span> <span class='ocrx_word' id='word_1_25' title='bbox 1198 393 1324 425; x_wconf 81' lang='lat' dir='ltr'>urbibus</span> <span class='ocrx_word' id='word_1_26' title='bbox 1341 394 1428 429; x_wconf 83' lang='lat' dir='ltr'>fiant,</span> <span class='ocrx_word' id='word_1_27' title='bbox 1445 403 1527 424; x_wconf 81' lang='lat' dir='ltr'>curae</span> <span class='ocrx_word' id='word_1_28' title='bbox 1540 398 1600 428; x_wconf 87' lang='lat' dir='ltr'>est,</span> 
     </span>
     <span class='ocr_line' id='line_1_4' title="bbox 140 446 1601 490; baseline 0 -13"><span class='ocrx_word' id='word_1_29' title='bbox 140 446 234 479; x_wconf 84' lang='lat' dir='ltr'>facile</span> <span class='ocrx_word' id='word_1_30' title='bbox 260 448 418 490; x_wconf 77' lang='lat' dir='ltr'>legislator</span> <span class='ocrx_word' id='word_1_31' title='bbox 437 447 570 478; x_wconf 86' lang='lat' dir='ltr'>suadere</span> <span class='ocrx_word' id='word_1_32' title='bbox 597 452 709 488; x_wconf 79' lang='lat' dir='ltr'>potest.</span> <span class='ocrx_word' id='word_1_33' title='bbox 733 446 789 477; x_wconf 88' lang='lat' dir='ltr'>sed</span> <span class='ocrx_word' id='word_1_34' title='bbox 805 447 860 488; x_wconf 90' lang='lat' dir='ltr'>qui</span> <span class='ocrx_word' id='word_1_35' title='bbox 884 447 940 477; x_wconf 88' lang='lat' dir='ltr'>Dii</span> <span class='ocrx_word' id='word_1_36' title='bbox 955 453 1028 477; x_wconf 86' lang='lat' dir='ltr'>sunt</span> <span class='ocrx_word' id='word_1_37' title='bbox 1045 447 1107 482; x_wconf 85' lang='lat' dir='ltr'>isti,</span> <span class='ocrx_word' id='word_1_38' title='bbox 1124 453 1155 478; x_wconf 89' lang='lat' dir='ltr'>et</span> <span class='ocrx_word' id='word_1_39' title='bbox 1171 448 1328 488; x_wconf 87' lang='lat' dir='ltr'>quomodo</span> <span class='ocrx_word' id='word_1_40' title='bbox 1345 447 1519 478; x_wconf 85' lang='lat' dir='ltr'>secundum</span> <span class='ocrx_word' id='word_1_41' title='bbox 1536 446 1601 477; x_wconf 90' lang='lat' dir='ltr'>Dei</span> 
     </span>
     <span class='ocr_line' id='line_1_5' title="bbox 141 501 1602 543; baseline 0 -12"><span class='ocrx_word' id='word_1_42' title='bbox 141 506 279 532; x_wconf 86' lang='lat' dir='ltr'>mentem</span> <span class='ocrx_word' id='word_1_43' title='bbox 301 502 432 533; x_wconf 83' lang='lat' dir='ltr'>maxime</span> <span class='ocrx_word' id='word_1_44' title='bbox 447 502 514 532; x_wconf 87' lang='lat' dir='ltr'>haec</span> <span class='ocrx_word' id='word_1_45' title='bbox 529 501 652 542; x_wconf 80' lang='lat' dir='ltr'>judicia</span> <span class='ocrx_word' id='word_1_46' title='bbox 671 506 872 543; x_wconf 77' lang='lat' dir='ltr'>peragantur,</span> <span class='ocrx_word' id='word_1_47' title='bbox 888 501 993 542; x_wconf 83' lang='lat' dir='ltr'>legum</span> <span class='ocrx_word' id='word_1_48' title='bbox 1008 502 1155 532; x_wconf 86' lang='lat' dir='ltr'>custodes</span> <span class='ocrx_word' id='word_1_49' title='bbox 1169 512 1239 532; x_wconf 87' lang='lat' dir='ltr'>cum</span> <span class='ocrx_word' id='word_1_50' title='bbox 1253 501 1477 543; x_wconf 82' lang='lat' dir='ltr'>interpretibus</span> <span class='ocrx_word' id='word_1_51' title='bbox 1494 501 1602 532; x_wconf 84' lang='lat' dir='ltr'>harus-</span> 
     </span>
     <span class='ocr_line' id='line_1_6' title="bbox 139 554 1599 598; baseline -0.001 -12"><span class='ocrx_word' id='word_1_52' title='bbox 139 555 324 597; x_wconf 88' lang='lat' dir='ltr'>picibusque</span> <span class='ocrx_word' id='word_1_53' title='bbox 340 561 372 586; x_wconf 90' lang='lat' dir='ltr'>et</span> <span class='ocrx_word' id='word_1_54' title='bbox 390 555 461 586; x_wconf 91' lang='lat' dir='ltr'>Deo</span> <span class='ocrx_word' id='word_1_55' title='bbox 476 555 650 592; x_wconf 83' lang='lat' dir='ltr'>declarent,</span> <span class='ocrx_word' id='word_1_56' title='bbox 667 561 761 598; x_wconf 85' lang='lat' dir='ltr'>atque</span> <span class='ocrx_word' id='word_1_57' title='bbox 776 555 822 586; x_wconf 91' lang='lat' dir='ltr'>ita</span> <span class='ocrx_word' id='word_1_58' title='bbox 838 554 962 597; x_wconf 86' lang='lat' dir='ltr'>judicia</span> <span class='ocrx_word' id='word_1_59' title='bbox 985 565 1156 596; x_wconf 87' lang='lat' dir='ltr'>poenasque</span> <span class='ocrx_word' id='word_1_60' title='bbox 1179 555 1358 596; x_wconf 82' lang='lat' dir='ltr'>disponant.</span> <span class='ocrx_word' id='word_1_61' title='bbox 1377 555 1504 597; x_wconf 86' lang='lat' dir='ltr'>judices</span> <span class='ocrx_word' id='word_1_62' title='bbox 1524 565 1599 586; x_wconf 89' lang='lat' dir='ltr'>vero</span> 
     </span>
     <span class='ocr_line' id='line_1_7' title="bbox 142 608 1602 651; baseline 0 -12"><span class='ocrx_word' id='word_1_63' title='bbox 142 610 253 640; x_wconf 85' lang='lat' dir='ltr'>harum</span> <span class='ocrx_word' id='word_1_64' title='bbox 280 619 384 641; x_wconf 89' lang='lat' dir='ltr'>rerum</span> <span class='ocrx_word' id='word_1_65' title='bbox 408 609 454 640; x_wconf 92' lang='lat' dir='ltr'>illi</span> <span class='ocrx_word' id='word_1_66' title='bbox 480 610 556 650; x_wconf 86' lang='lat' dir='ltr'>sint,</span> <span class='ocrx_word' id='word_1_67' title='bbox 580 609 694 651; x_wconf 88' lang='lat' dir='ltr'>quibus</span> <span class='ocrx_word' id='word_1_68' title='bbox 719 610 876 651; x_wconf 86' lang='lat' dir='ltr'>sacrilegii</span> <span class='ocrx_word' id='word_1_69' title='bbox 903 608 1059 650; x_wconf 84' lang='lat' dir='ltr'>puniendi</span> <span class='ocrx_word' id='word_1_70' title='bbox 1074 609 1149 640; x_wconf 85' lang='lat' dir='ltr'>data</span> <span class='ocrx_word' id='word_1_71' title='bbox 1163 614 1212 640; x_wconf 89' lang='lat' dir='ltr'>est</span> <span class='ocrx_word' id='word_1_72' title='bbox 1225 610 1405 641; x_wconf 82' lang='lat' dir='ltr'>auctoritas.</span> <span class='ocrx_word' id='word_1_73' title='bbox 1428 609 1482 650; x_wconf 89' lang='lat' dir='ltr'>qui</span> <span class='ocrx_word' id='word_1_74' title='bbox 1497 615 1602 640; x_wconf 90' lang='lat' dir='ltr'>autem</span> 
     </span>
     <span class='ocr_line' id='line_1_8' title="bbox 140 662 1602 705; baseline -0.001 -11"><span class='ocrx_word' id='word_1_75' title='bbox 140 664 366 695; x_wconf 85' lang='lat' dir='ltr'>condemnatus</span> <span class='ocrx_word' id='word_1_76' title='bbox 379 663 482 699; x_wconf 81' lang='lat' dir='ltr'>suerit,</span> <span class='ocrx_word' id='word_1_77' title='bbox 496 669 597 694; x_wconf 87' lang='lat' dir='ltr'>morte</span> <span class='ocrx_word' id='word_1_78' title='bbox 612 674 722 704; x_wconf 82' lang='lat' dir='ltr'>poenas</span> <span class='ocrx_word' id='word_1_79' title='bbox 738 663 813 694; x_wconf 85' lang='lat' dir='ltr'>luat.</span> <span class='ocrx_word' id='word_1_80' title='bbox 837 670 870 694; x_wconf 90' lang='lat' dir='ltr'>et</span> <span class='ocrx_word' id='word_1_81' title='bbox 885 664 1035 704; x_wconf 87' lang='lat' dir='ltr'>quoniam</span> <span class='ocrx_word' id='word_1_82' title='bbox 1050 674 1114 694; x_wconf 91' lang='lat' dir='ltr'>non</span> <span class='ocrx_word' id='word_1_83' title='bbox 1129 664 1225 705; x_wconf 87' lang='lat' dir='ltr'>impie</span> <span class='ocrx_word' id='word_1_84' title='bbox 1238 665 1349 700; x_wconf 87' lang='lat' dir='ltr'>solum,</span> <span class='ocrx_word' id='word_1_85' title='bbox 1365 664 1420 694; x_wconf 90' lang='lat' dir='ltr'>sed</span> <span class='ocrx_word' id='word_1_86' title='bbox 1435 662 1602 704; x_wconf 88' lang='lat' dir='ltr'>impuden—</span> 
     </span>
     <span class='ocr_line' id='line_1_9' title="bbox 140 717 1602 759; baseline 0 -12"><span class='ocrx_word' id='word_1_87' title='bbox 140 722 189 748; x_wconf 93' lang='lat' dir='ltr'>ter</span> <span class='ocrx_word' id='word_1_88' title='bbox 204 728 328 759; x_wconf 88' lang='lat' dir='ltr'>quoque</span> <span class='ocrx_word' id='word_1_89' title='bbox 343 717 497 759; x_wconf 77' lang='lat' dir='ltr'>peccavit,</span> <span class='ocrx_word' id='word_1_90' title='bbox 511 718 544 748; x_wconf 91' lang='lat' dir='ltr'>in</span> <span class='ocrx_word' id='word_1_91' title='bbox 557 718 681 759; x_wconf 78' lang='lat' dir='ltr'>regione</span> <span class='ocrx_word' id='word_1_92' title='bbox 696 717 854 749; x_wconf 82' lang='lat' dir='ltr'>interfecti</span> <span class='ocrx_word' id='word_1_93' title='bbox 869 718 996 759; x_wconf 82' lang='lat' dir='ltr'>sepeliri</span> <span class='ocrx_word' id='word_1_94' title='bbox 1010 729 1073 749; x_wconf 88' lang='lat' dir='ltr'>non</span> <span class='ocrx_word' id='word_1_95' title='bbox 1090 717 1196 749; x_wconf 88' lang='lat' dir='ltr'>debet.</span> <span class='ocrx_word' id='word_1_96' title='bbox 1219 717 1305 759; x_wconf 89' lang='lat' dir='ltr'>quod</span> <span class='ocrx_word' id='word_1_97' title='bbox 1321 718 1348 748; x_wconf 90' lang='lat' dir='ltr'>si</span> <span class='ocrx_word' id='word_1_98' title='bbox 1362 717 1476 758; x_wconf 83' lang='lat' dir='ltr'>fugerit</span> <span class='ocrx_word' id='word_1_99' title='bbox 1498 727 1602 758; x_wconf 84' lang='lat' dir='ltr'>neque</span> 
     </span>
     <span class='ocr_line' id='line_1_10' title="bbox 136 771 1601 814; baseline 0 -12"><span class='ocrx_word' id='word_1_100' title='bbox 136 771 294 813; x_wconf 87' lang='lat' dir='ltr'>judicium</span> <span class='ocrx_word' id='word_1_101' title='bbox 307 772 500 810; x_wconf 82' lang='lat' dir='ltr'>sustinuerit,</span> <span class='ocrx_word' id='word_1_102' title='bbox 518 777 670 813; x_wconf 86' lang='lat' dir='ltr'>perpetuo</span> <span class='ocrx_word' id='word_1_103' title='bbox 685 772 818 803; x_wconf 85' lang='lat' dir='ltr'>exsulet.</span> <span class='ocrx_word' id='word_1_104' title='bbox 840 777 873 813; x_wconf 86' lang='lat' dir='ltr'>et</span> <span class='ocrx_word' id='word_1_105' title='bbox 888 772 913 803; x_wconf 90' lang='lat' dir='ltr'>si</span> <span class='ocrx_word' id='word_1_106' title='bbox 929 783 1067 814; x_wconf 87' lang='lat' dir='ltr'>unquam</span> <span class='ocrx_word' id='word_1_107' title='bbox 1082 773 1160 803; x_wconf 82' lang='lat' dir='ltr'>citra</span> <span class='ocrx_word' id='word_1_108' title='bbox 1175 773 1251 803; x_wconf 83' lang='lat' dir='ltr'>fines</span> <span class='ocrx_word' id='word_1_109' title='bbox 1264 772 1358 803; x_wconf 84' lang='lat' dir='ltr'>fuerit</span> <span class='ocrx_word' id='word_1_110' title='bbox 1369 772 1601 814; x_wconf 88' lang='lat' dir='ltr'>deprehensus:</span> 
     </span>
     <span class='ocr_line' id='line_1_11' title="bbox 137 826 1601 869; baseline 0 -13"><span class='ocrx_word' id='word_1_111' title='bbox 137 826 190 867; x_wconf 89' lang='lat' dir='ltr'>qui</span> <span class='ocrx_word' id='word_1_112' title='bbox 207 826 323 867; x_wconf 88' lang='lat' dir='ltr'>primus</span> <span class='ocrx_word' id='word_1_113' title='bbox 338 826 382 857; x_wconf 91' lang='lat' dir='ltr'>illi</span> <span class='ocrx_word' id='word_1_114' title='bbox 398 826 508 858; x_wconf 89' lang='lat' dir='ltr'>obvius</span> <span class='ocrx_word' id='word_1_115' title='bbox 518 827 579 857; x_wconf 89' lang='lat' dir='ltr'>erit</span> <span class='ocrx_word' id='word_1_116' title='bbox 593 833 798 868; x_wconf 85' lang='lat' dir='ltr'>cognatorum</span> <span class='ocrx_word' id='word_1_117' title='bbox 812 827 966 858; x_wconf 85' lang='lat' dir='ltr'>interfecti</span> <span class='ocrx_word' id='word_1_118' title='bbox 982 828 1033 857; x_wconf 90' lang='lat' dir='ltr'>vel</span> <span class='ocrx_word' id='word_1_119' title='bbox 1049 827 1174 863; x_wconf 74' lang='lat' dir='ltr'>civium,</span> <span class='ocrx_word' id='word_1_120' title='bbox 1191 827 1317 869; x_wconf 83' lang='lat' dir='ltr'>impune</span> <span class='ocrx_word' id='word_1_121' title='bbox 1338 827 1520 857; x_wconf 88' lang='lat' dir='ltr'>interimat:</span> <span class='ocrx_word' id='word_1_122' title='bbox 1545 831 1601 857; x_wconf 86' lang='lat' dir='ltr'>aut</span> 
     </span>
     <span class='ocr_line' id='line_1_12' title="bbox 136 880 1601 924; baseline 0.001 -14"><span class='ocrx_word' id='word_1_123' title='bbox 136 881 275 911; x_wconf 88' lang='lat' dir='ltr'>vinctum</span> <span class='ocrx_word' id='word_1_124' title='bbox 291 881 521 923; x_wconf 82' lang='lat' dir='ltr'>magistratibus</span> <span class='ocrx_word' id='word_1_125' title='bbox 541 882 646 912; x_wconf 85' lang='lat' dir='ltr'>tradat</span> <span class='ocrx_word' id='word_1_126' title='bbox 668 881 759 923; x_wconf 87' lang='lat' dir='ltr'>hujus</span> <span class='ocrx_word' id='word_1_127' title='bbox 782 882 828 912; x_wconf 83' lang='lat' dir='ltr'>rei</span> <span class='ocrx_word' id='word_1_128' title='bbox 851 881 1009 924; x_wconf 79' lang='lat' dir='ltr'>judicibus</span> <span class='ocrx_word' id='word_1_129' title='bbox 1032 882 1252 912; x_wconf 81' lang='lat' dir='ltr'>occidendum.</span> <span class='ocrx_word' id='word_1_130' title='bbox 1280 880 1364 923; x_wconf 89' lang='lat' dir='ltr'>quod</span> <span class='ocrx_word' id='word_1_131' title='bbox 1388 881 1414 911; x_wconf 86' lang='lat' dir='ltr'>si</span> <span class='ocrx_word' id='word_1_132' title='bbox 1429 881 1499 922; x_wconf 89' lang='lat' dir='ltr'>quis</span> <span class='ocrx_word' id='word_1_133' title='bbox 1517 881 1601 912; x_wconf 83' lang='lat' dir='ltr'>hunc</span> 
     </span>
     <span class='ocr_line' id='line_1_13' title="bbox 134 934 1603 978; baseline 0.001 -14"><span class='ocrx_word' id='word_1_134' title='bbox 134 934 322 966; x_wconf 85' lang='lat' dir='ltr'>defensurus</span> <span class='ocrx_word' id='word_1_135' title='bbox 346 936 525 972; x_wconf 86' lang='lat' dir='ltr'>accesserit,</span> <span class='ocrx_word' id='word_1_136' title='bbox 552 946 607 977; x_wconf 93' lang='lat' dir='ltr'>pro</span> <span class='ocrx_word' id='word_1_137' title='bbox 632 945 670 966; x_wconf 91' lang='lat' dir='ltr'>eo</span> <span class='ocrx_word' id='word_1_138' title='bbox 697 936 876 978; x_wconf 83' lang='lat' dir='ltr'>fidejubeat,</span> <span class='ocrx_word' id='word_1_139' title='bbox 899 946 994 977; x_wconf 88' lang='lat' dir='ltr'>quem</span> <span class='ocrx_word' id='word_1_140' title='bbox 1024 940 1163 966; x_wconf 85' lang='lat' dir='ltr'>tutatur:</span> <span class='ocrx_word' id='word_1_141' title='bbox 1188 940 1314 977; x_wconf 81' lang='lat' dir='ltr'>tresque</span> <span class='ocrx_word' id='word_1_142' title='bbox 1336 936 1362 965; x_wconf 82' lang='lat' dir='ltr'>is</span> <span class='ocrx_word' id='word_1_143' title='bbox 1390 935 1603 977; x_wconf 87' lang='lat' dir='ltr'>fidejussores,</span> 
     </span>
     <span class='ocr_line' id='line_1_14' title="bbox 137 989 1602 1031; baseline 0.001 -12"><span class='ocrx_word' id='word_1_144' title='bbox 137 999 216 1030; x_wconf 90' lang='lat' dir='ltr'>quos</span> <span class='ocrx_word' id='word_1_145' title='bbox 240 989 368 1030; x_wconf 88' lang='lat' dir='ltr'>judices</span> <span class='ocrx_word' id='word_1_146' title='bbox 395 991 456 1031; x_wconf 90' lang='lat' dir='ltr'>ipsi</span> <span class='ocrx_word' id='word_1_147' title='bbox 484 990 675 1020; x_wconf 79' lang='lat' dir='ltr'>sufficientes</span> <span class='ocrx_word' id='word_1_148' title='bbox 703 990 893 1031; x_wconf 86' lang='lat' dir='ltr'>putaverint,</span> <span class='ocrx_word' id='word_1_149' title='bbox 923 989 1047 1025; x_wconf 84' lang='lat' dir='ltr'>afferat.</span> <span class='ocrx_word' id='word_1_150' title='bbox 1076 990 1130 1031; x_wconf 91' lang='lat' dir='ltr'>qui</span> <span class='ocrx_word' id='word_1_151' title='bbox 1154 989 1276 1031; x_wconf 86' lang='lat' dir='ltr'>judicio</span> <span class='ocrx_word' id='word_1_152' title='bbox 1302 990 1390 1020; x_wconf 92' lang='lat' dir='ltr'>illum</span> <span class='ocrx_word' id='word_1_153' title='bbox 1416 1000 1449 1020; x_wconf 88' lang='lat' dir='ltr'>se</span> <span class='ocrx_word' id='word_1_154' title='bbox 1473 989 1602 1020; x_wconf 88' lang='lat' dir='ltr'>daturos</span> 
     </span>
     <span class='ocr_line' id='line_1_15' title="bbox 136 1043 1602 1086; baseline 0 -13"><span class='ocrx_word' id='word_1_155' title='bbox 136 1044 331 1084; x_wconf 82' lang='lat' dir='ltr'>promittant.</span> <span class='ocrx_word' id='word_1_156' title='bbox 353 1044 385 1074; x_wconf 91' lang='lat' dir='ltr'>id</span> <span class='ocrx_word' id='word_1_157' title='bbox 414 1044 440 1075; x_wconf 85' lang='lat' dir='ltr'>si</span> <span class='ocrx_word' id='word_1_158' title='bbox 466 1045 536 1086; x_wconf 91' lang='lat' dir='ltr'>quis</span> <span class='ocrx_word' id='word_1_159' title='bbox 559 1044 663 1075; x_wconf 83' lang='lat' dir='ltr'>facere</span> <span class='ocrx_word' id='word_1_160' title='bbox 688 1045 823 1076; x_wconf 84' lang='lat' dir='ltr'>noluerit</span> <span class='ocrx_word' id='word_1_161' title='bbox 844 1044 895 1075; x_wconf 89' lang='lat' dir='ltr'>vel</span> <span class='ocrx_word' id='word_1_162' title='bbox 920 1055 983 1075; x_wconf 90' lang='lat' dir='ltr'>non</span> <span class='ocrx_word' id='word_1_163' title='bbox 1010 1044 1158 1085; x_wconf 84' lang='lat' dir='ltr'>potuerit,</span> <span class='ocrx_word' id='word_1_164' title='bbox 1181 1044 1306 1075; x_wconf 90' lang='lat' dir='ltr'>vinctus</span> <span class='ocrx_word' id='word_1_165' title='bbox 1328 1055 1345 1074; x_wconf 89' lang='lat' dir='ltr'>a</span> <span class='ocrx_word' id='word_1_166' title='bbox 1370 1043 1602 1085; x_wconf 82' lang='lat' dir='ltr'>magistratibus</span> 
     </span>
     <span class='ocr_line' id='line_1_16' title="bbox 132 1096 1604 1140; baseline -0.001 -12"><span class='ocrx_word' id='word_1_167' title='bbox 132 1096 256 1138; x_wconf 89' lang='lat' dir='ltr'>judicio</span> <span class='ocrx_word' id='word_1_168' title='bbox 270 1103 456 1129; x_wconf 83' lang='lat' dir='ltr'>reservetur.</span> <span class='ocrx_word' id='word_1_169' title='bbox 477 1109 586 1129; x_wconf 75' lang='lat' dir='ltr'>verum</span> <span class='ocrx_word' id='word_1_170' title='bbox 599 1099 625 1129; x_wconf 89' lang='lat' dir='ltr'>si</span> <span class='ocrx_word' id='word_1_171' title='bbox 641 1099 710 1140; x_wconf 88' lang='lat' dir='ltr'>quis</span> <span class='ocrx_word' id='word_1_172' title='bbox 734 1109 797 1129; x_wconf 82' lang='lat' dir='ltr'>non</span> <span class='ocrx_word' id='word_1_173' title='bbox 814 1098 941 1140; x_wconf 84' lang='lat' dir='ltr'>propria</span> <span class='ocrx_word' id='word_1_174' title='bbox 955 1108 1062 1135; x_wconf 89' lang='lat' dir='ltr'>mauu,</span> <span class='ocrx_word' id='word_1_175' title='bbox 1080 1099 1134 1129; x_wconf 90' lang='lat' dir='ltr'>sed</span> <span class='ocrx_word' id='word_1_176' title='bbox 1151 1098 1324 1134; x_wconf 88' lang='lat' dir='ltr'>voluntate,</span> <span class='ocrx_word' id='word_1_177' title='bbox 1350 1097 1446 1140; x_wconf 81' lang='lat'>[872]</span> <span class='ocrx_word' id='word_1_178' title='bbox 1472 1097 1604 1128; x_wconf 85' lang='lat' dir='ltr'>consilio</span> 
     </span>
     <span class='ocr_line' id='line_1_17' title="bbox 138 1151 1603 1194; baseline 0 -13"><span class='ocrx_word' id='word_1_179' title='bbox 138 1151 326 1193; x_wconf 82' lang='lat' dir='ltr'>insidiisque</span> <span class='ocrx_word' id='word_1_180' title='bbox 350 1153 508 1183; x_wconf 82' lang='lat' dir='ltr'>hominem</span> <span class='ocrx_word' id='word_1_181' title='bbox 535 1153 740 1190; x_wconf 82' lang='lat' dir='ltr'>interfecerit,</span> <span class='ocrx_word' id='word_1_182' title='bbox 765 1158 808 1189; x_wconf 89' lang='lat' dir='ltr'>et,</span> <span class='ocrx_word' id='word_1_183' title='bbox 834 1163 906 1184; x_wconf 91' lang='lat' dir='ltr'>cum</span> <span class='ocrx_word' id='word_1_184' title='bbox 932 1163 1026 1183; x_wconf 84' lang='lat' dir='ltr'>causa</span> <span class='ocrx_word' id='word_1_185' title='bbox 1052 1152 1149 1183; x_wconf 82' lang='lat' dir='ltr'>caedis</span> <span class='ocrx_word' id='word_1_186' title='bbox 1164 1153 1205 1183; x_wconf 92' lang='lat' dir='ltr'>sit</span> <span class='ocrx_word' id='word_1_187' title='bbox 1220 1153 1386 1194; x_wconf 85' lang='lat' dir='ltr'>animoque</span> <span class='ocrx_word' id='word_1_188' title='bbox 1402 1152 1554 1192; x_wconf 87' lang='lat' dir='ltr'>impurus,</span> <span class='ocrx_word' id='word_1_189' title='bbox 1571 1152 1603 1181; x_wconf 89' lang='lat' dir='ltr'>in</span> 
     </span>
     <span class='ocr_line' id='line_1_18' title="bbox 138 1205 1606 1251; baseline 0 -15"><span class='ocrx_word' id='word_1_190' title='bbox 138 1205 267 1237; x_wconf 79' lang='lat' dir='ltr'>civitate</span> <span class='ocrx_word' id='word_1_191' title='bbox 293 1207 435 1238; x_wconf 87' lang='lat' dir='ltr'>habitet:</span> <span class='ocrx_word' id='word_1_192' title='bbox 460 1207 686 1239; x_wconf 80' lang='lat' dir='ltr'>condemnatus</span> <span class='ocrx_word' id='word_1_193' title='bbox 710 1207 852 1238; x_wconf 87' lang='lat' dir='ltr'>similiter</span> <span class='ocrx_word' id='word_1_194' title='bbox 877 1207 1037 1248; x_wconf 80' lang='lat' dir='ltr'>puniatur,</span> <span class='ocrx_word' id='word_1_195' title='bbox 1060 1213 1268 1251; x_wconf 75' lang='lat' dir='ltr'>praeterquam</span> <span class='ocrx_word' id='word_1_196' title='bbox 1291 1208 1374 1248; x_wconf 91' lang='lat' dir='ltr'>quod</span> <span class='ocrx_word' id='word_1_197' title='bbox 1405 1205 1606 1247; x_wconf 71' lang='lat' dir='ltr'>fidejussores</span> 
     </span>
     <span class='ocr_line' id='line_1_19' title="bbox 139 1259 1604 1303; baseline -0.001 -13"><span class='ocrx_word' id='word_1_198' title='bbox 139 1270 200 1290; x_wconf 92' lang='lat' dir='ltr'>non</span> <span class='ocrx_word' id='word_1_199' title='bbox 216 1261 378 1302; x_wconf 69' lang='lat' dir='ltr'>praebebit,</span> <span class='ocrx_word' id='word_1_200' title='bbox 393 1266 426 1292; x_wconf 81' lang='lat' dir='ltr'>et</span> <span class='ocrx_word' id='word_1_201' title='bbox 440 1261 668 1293; x_wconf 86' lang='lat' dir='ltr'>condemnatus</span> <span class='ocrx_word' id='word_1_202' title='bbox 682 1262 809 1303; x_wconf 77' lang='lat' dir='ltr'>propria</span> <span class='ocrx_word' id='word_1_203' title='bbox 824 1272 886 1292; x_wconf 88' lang='lat' dir='ltr'>non</span> <span class='ocrx_word' id='word_1_204' title='bbox 910 1261 1028 1292; x_wconf 83' lang='lat' dir='ltr'>carebit</span> <span class='ocrx_word' id='word_1_205' title='bbox 1041 1262 1211 1303; x_wconf 79' lang='lat' dir='ltr'>sepultura.</span> <span class='ocrx_word' id='word_1_206' title='bbox 1231 1266 1337 1292; x_wconf 88' lang='lat' dir='ltr'>cetera</span> <span class='ocrx_word' id='word_1_207' title='bbox 1352 1260 1434 1297; x_wconf 89' lang='lat' dir='ltr'>huic,</span> <span class='ocrx_word' id='word_1_208' title='bbox 1450 1259 1604 1302; x_wconf 88' lang='lat' dir='ltr'>quemad-</span> 
     </span>
     <span class='ocr_line' id='line_1_20' title="bbox 138 1314 1604 1357; baseline -0.001 -13"><span class='ocrx_word' id='word_1_209' title='bbox 138 1314 265 1345; x_wconf 81' lang='lat' dir='ltr'>modum</span> <span class='ocrx_word' id='word_1_210' title='bbox 288 1315 329 1346; x_wconf 90' lang='lat' dir='ltr'>de</span> <span class='ocrx_word' id='word_1_211' title='bbox 350 1316 510 1357; x_wconf 81' lang='lat' dir='ltr'>superiore</span> <span class='ocrx_word' id='word_1_212' title='bbox 535 1316 682 1352; x_wconf 78' lang='lat' dir='ltr'>diximus,</span> <span class='ocrx_word' id='word_1_213' title='bbox 709 1316 797 1346; x_wconf 87' lang='lat' dir='ltr'>fiant.</span> <span class='ocrx_word' id='word_1_214' title='bbox 820 1317 888 1346; x_wconf 84' lang='lat' dir='ltr'>haec</span> <span class='ocrx_word' id='word_1_215' title='bbox 914 1315 1026 1346; x_wconf 86' lang='lat' dir='ltr'>eadem</span> <span class='ocrx_word' id='word_1_216' title='bbox 1054 1315 1225 1357; x_wconf 82' lang='lat' dir='ltr'>peregrinis</span> <span class='ocrx_word' id='word_1_217' title='bbox 1247 1315 1394 1346; x_wconf 86' lang='lat' dir='ltr'>adversus</span> <span class='ocrx_word' id='word_1_218' title='bbox 1410 1314 1604 1356; x_wconf 86' lang='lat' dir='ltr'>peregrinos,</span> 
     </span>
     <span class='ocr_line' id='line_1_21' title="bbox 134 1368 1604 1411; baseline -0.001 -12"><span class='ocrx_word' id='word_1_219' title='bbox 134 1368 317 1410; x_wconf 85' lang='lat' dir='ltr'>civibusque</span> <span class='ocrx_word' id='word_1_220' title='bbox 340 1381 375 1400; x_wconf 86' lang='lat' dir='ltr'>ac</span> <span class='ocrx_word' id='word_1_221' title='bbox 398 1370 570 1411; x_wconf 75' lang='lat' dir='ltr'>peregrinis</span> <span class='ocrx_word' id='word_1_222' title='bbox 584 1370 734 1406; x_wconf 86' lang='lat' dir='ltr'>vicissim,</span> <span class='ocrx_word' id='word_1_223' title='bbox 758 1375 789 1400; x_wconf 88' lang='lat' dir='ltr'>et</span> <span class='ocrx_word' id='word_1_224' title='bbox 805 1370 900 1400; x_wconf 85' lang='lat' dir='ltr'>servis</span> <span class='ocrx_word' id='word_1_225' title='bbox 912 1369 1061 1400; x_wconf 87' lang='lat' dir='ltr'>adversus</span> <span class='ocrx_word' id='word_1_226' title='bbox 1076 1380 1193 1406; x_wconf 87' lang='lat' dir='ltr'>servos,</span> <span class='ocrx_word' id='word_1_227' title='bbox 1209 1369 1248 1400; x_wconf 85' lang='lat' dir='ltr'>de</span> <span class='ocrx_word' id='word_1_228' title='bbox 1264 1370 1350 1400; x_wconf 82' lang='lat' dir='ltr'>caede</span> <span class='ocrx_word' id='word_1_229' title='bbox 1366 1369 1493 1409; x_wconf 84' lang='lat' dir='ltr'>propria</span> <span class='ocrx_word' id='word_1_230' title='bbox 1509 1378 1604 1398; x_wconf 86' lang='lat' dir='ltr'>manu</span> 
     </span>
     <span class='ocr_line' id='line_1_22' title="bbox 137 1421 1605 1466; baseline 0 -14"><span class='ocrx_word' id='word_1_231' title='bbox 137 1422 230 1459; x_wconf 83' lang='lat' dir='ltr'>facta,</span> <span class='ocrx_word' id='word_1_232' title='bbox 257 1429 289 1454; x_wconf 88' lang='lat' dir='ltr'>et</span> <span class='ocrx_word' id='word_1_233' title='bbox 314 1424 353 1455; x_wconf 92' lang='lat' dir='ltr'>de</span> <span class='ocrx_word' id='word_1_234' title='bbox 378 1424 445 1461; x_wconf 88' lang='lat' dir='ltr'>illa,</span> <span class='ocrx_word' id='word_1_235' title='bbox 472 1435 542 1466; x_wconf 80' lang='lat' dir='ltr'>quae</span> <span class='ocrx_word' id='word_1_236' title='bbox 572 1425 701 1456; x_wconf 88' lang='lat' dir='ltr'>consilio</span> <span class='ocrx_word' id='word_1_237' title='bbox 724 1424 912 1465; x_wconf 84' lang='lat' dir='ltr'>insidiisque</span> <span class='ocrx_word' id='word_1_238' title='bbox 936 1424 1100 1454; x_wconf 87' lang='lat' dir='ltr'>commissa</span> <span class='ocrx_word' id='word_1_239' title='bbox 1121 1430 1180 1461; x_wconf 87' lang='lat' dir='ltr'>est,</span> <span class='ocrx_word' id='word_1_240' title='bbox 1197 1428 1314 1454; x_wconf 79' lang='lat' dir='ltr'>statuta</span> <span class='ocrx_word' id='word_1_241' title='bbox 1330 1423 1411 1453; x_wconf 89' lang='lat' dir='ltr'>sint:</span> <span class='ocrx_word' id='word_1_242' title='bbox 1436 1422 1495 1453; x_wconf 87' lang='lat' dir='ltr'>nisi</span> <span class='ocrx_word' id='word_1_243' title='bbox 1519 1421 1605 1463; x_wconf 89' lang='lat' dir='ltr'>quod</span> 
     </span>
     <span class='ocr_line' id='line_1_23' title="bbox 137 1475 1605 1519; baseline 0 -13"><span class='ocrx_word' id='word_1_244' title='bbox 137 1476 370 1518; x_wconf 78' lang='lat' dir='ltr'>fidejussionem</span> <span class='ocrx_word' id='word_1_245' title='bbox 393 1479 533 1519; x_wconf 88' lang='lat' dir='ltr'>praebere</span> <span class='ocrx_word' id='word_1_246' title='bbox 561 1479 648 1518; x_wconf 86' lang='lat' dir='ltr'>istos,</span> <span class='ocrx_word' id='word_1_247' title='bbox 675 1477 940 1519; x_wconf 81' lang='lat' dir='ltr'>quemadmodum</span> <span class='ocrx_word' id='word_1_248' title='bbox 961 1477 1045 1517; x_wconf 87' lang='lat' dir='ltr'>illos,</span> <span class='ocrx_word' id='word_1_249' title='bbox 1067 1478 1124 1518; x_wconf 88' lang='lat' dir='ltr'>qui</span> <span class='ocrx_word' id='word_1_250' title='bbox 1146 1478 1273 1519; x_wconf 85' lang='lat' dir='ltr'>propria</span> <span class='ocrx_word' id='word_1_251' title='bbox 1298 1487 1392 1508; x_wconf 84' lang='lat' dir='ltr'>manu</span> <span class='ocrx_word' id='word_1_252' title='bbox 1405 1475 1605 1512; x_wconf 86' lang='lat' dir='ltr'>interfecere,</span> 
     </span>
     <span class='ocr_line' id='line_1_24' title="bbox 137 1531 1604 1574; baseline 0 -14"><span class='ocrx_word' id='word_1_253' title='bbox 137 1540 314 1564; x_wconf 82' lang='lat' dir='ltr'>censemus.</span> <span class='ocrx_word' id='word_1_254' title='bbox 339 1532 365 1563; x_wconf 81' lang='lat' dir='ltr'>si</span> <span class='ocrx_word' id='word_1_255' title='bbox 380 1543 487 1563; x_wconf 84' lang='lat' dir='ltr'>servus</span> <span class='ocrx_word' id='word_1_256' title='bbox 501 1533 635 1564; x_wconf 85' lang='lat' dir='ltr'>liberum</span> <span class='ocrx_word' id='word_1_257' title='bbox 650 1537 774 1574; x_wconf 86' lang='lat' dir='ltr'>sponte,</span> <span class='ocrx_word' id='word_1_258' title='bbox 791 1532 856 1563; x_wconf 89' lang='lat' dir='ltr'>sive</span> <span class='ocrx_word' id='word_1_259' title='bbox 870 1541 965 1562; x_wconf 88' lang='lat' dir='ltr'>manu</span> <span class='ocrx_word' id='word_1_260' title='bbox 982 1541 1039 1562; x_wconf 88' lang='lat' dir='ltr'>sua</span> <span class='ocrx_word' id='word_1_261' title='bbox 1053 1532 1118 1562; x_wconf 88' lang='lat' dir='ltr'>sive</span> <span class='ocrx_word' id='word_1_262' title='bbox 1129 1532 1261 1562; x_wconf 84' lang='lat' dir='ltr'>consilio</span> <span class='ocrx_word' id='word_1_263' title='bbox 1271 1531 1442 1567; x_wconf 79' lang='lat' dir='ltr'>interemit,</span> <span class='ocrx_word' id='word_1_264' title='bbox 1455 1531 1604 1561; x_wconf 89' lang='lat' dir='ltr'>condem-</span> 
     </span>
     <span class='ocr_line' id='line_1_25' title="bbox 138 1584 1606 1628; baseline 0 -14"><span class='ocrx_word' id='word_1_265' title='bbox 138 1589 292 1626; x_wconf 76' lang='lat' dir='ltr'>natusque</span> <span class='ocrx_word' id='word_1_266' title='bbox 307 1585 378 1621; x_wconf 85' lang='lat' dir='ltr'>fuit,</span> <span class='ocrx_word' id='word_1_267' title='bbox 395 1587 532 1618; x_wconf 84' lang='lat' dir='ltr'>trahatur</span> <span class='ocrx_word' id='word_1_268' title='bbox 553 1598 572 1618; x_wconf 85' lang='lat' dir='ltr'>a</span> <span class='ocrx_word' id='word_1_269' title='bbox 596 1587 725 1628; x_wconf 88' lang='lat' dir='ltr'>publico</span> <span class='ocrx_word' id='word_1_270' title='bbox 740 1586 850 1617; x_wconf 91' lang='lat' dir='ltr'>lictore</span> <span class='ocrx_word' id='word_1_271' title='bbox 865 1597 902 1617; x_wconf 88' lang='lat' dir='ltr'>ac</span> <span class='ocrx_word' id='word_1_272' title='bbox 918 1585 1044 1617; x_wconf 88' lang='lat' dir='ltr'>vindice</span> <span class='ocrx_word' id='word_1_273' title='bbox 1062 1585 1102 1616; x_wconf 87' lang='lat' dir='ltr'>ad</span> <span class='ocrx_word' id='word_1_274' title='bbox 1116 1585 1276 1616; x_wconf 86' lang='lat' dir='ltr'>interfecti</span> <span class='ocrx_word' id='word_1_275' title='bbox 1291 1590 1537 1621; x_wconf 82' lang='lat' dir='ltr'>monumentum,</span> <span class='ocrx_word' id='word_1_276' title='bbox 1554 1584 1606 1614; x_wconf 80' lang='lat' dir='ltr'>vel</span> 
     </span>
     <span class='ocr_line' id='line_1_26' title="bbox 139 1637 1603 1682; baseline -0.001 -14"><span class='ocrx_word' id='word_1_277' title='bbox 139 1639 223 1669; x_wconf 87' lang='lat' dir='ltr'>unde</span> <span class='ocrx_word' id='word_1_278' title='bbox 239 1639 319 1670; x_wconf 85' lang='lat' dir='ltr'>illud</span> <span class='ocrx_word' id='word_1_279' title='bbox 334 1651 460 1671; x_wconf 85' lang='lat' dir='ltr'>cernere</span> <span class='ocrx_word' id='word_1_280' title='bbox 475 1645 570 1682; x_wconf 83' lang='lat' dir='ltr'>queat</span> <span class='ocrx_word' id='word_1_281' title='bbox 584 1651 590 1669; x_wconf 92' lang='lat'><strong>:</strong></span> <span class='ocrx_word' id='word_1_282' title='bbox 614 1641 869 1681; x_wconf 86' lang='lat' dir='ltr'>verberatusque,</span> <span class='ocrx_word' id='word_1_283' title='bbox 885 1645 978 1681; x_wconf 85' lang='lat' dir='ltr'>prout</span> <span class='ocrx_word' id='word_1_284' title='bbox 990 1639 1094 1681; x_wconf 86' lang='lat' dir='ltr'>jubet,</span> <span class='ocrx_word' id='word_1_285' title='bbox 1111 1640 1165 1680; x_wconf 88' lang='lat' dir='ltr'>qui</span> <span class='ocrx_word' id='word_1_286' title='bbox 1181 1639 1305 1681; x_wconf 89' lang='lat' dir='ltr'>judicio</span> <span class='ocrx_word' id='word_1_287' title='bbox 1323 1649 1395 1669; x_wconf 88' lang='lat' dir='ltr'>eum</span> <span class='ocrx_word' id='word_1_288' title='bbox 1410 1638 1559 1674; x_wconf 88' lang='lat' dir='ltr'>convicit,</span> <span class='ocrx_word' id='word_1_289' title='bbox 1576 1637 1603 1668; x_wconf 90' lang='lat' dir='ltr'>si</span> 
     </span>
     <span class='ocr_line' id='line_1_27' title="bbox 138 1692 1604 1736; baseline -0.001 -13"><span class='ocrx_word' id='word_1_290' title='bbox 138 1693 183 1723; x_wconf 87' lang='lat' dir='ltr'>ita</span> <span class='ocrx_word' id='word_1_291' title='bbox 204 1703 303 1724; x_wconf 69' lang='lat' dir='ltr'>cresus</span> <span class='ocrx_word' id='word_1_292' title='bbox 324 1694 427 1725; x_wconf 86' lang='lat' dir='ltr'>adhuc</span> <span class='ocrx_word' id='word_1_293' title='bbox 445 1695 537 1731; x_wconf 87' lang='lat' dir='ltr'>vivat,</span> <span class='ocrx_word' id='word_1_294' title='bbox 552 1695 591 1726; x_wconf 88' lang='lat' dir='ltr'>ad</span> <span class='ocrx_word' id='word_1_295' title='bbox 606 1705 717 1725; x_wconf 81' lang='lat' dir='ltr'>necem</span> <span class='ocrx_word' id='word_1_296' title='bbox 735 1704 832 1736; x_wconf 86' lang='lat' dir='ltr'>usque</span> <span class='ocrx_word' id='word_1_297' title='bbox 847 1695 997 1726; x_wconf 80' lang='lat' dir='ltr'>caedatur.</span> <span class='ocrx_word' id='word_1_298' title='bbox 1019 1694 1046 1724; x_wconf 88' lang='lat' dir='ltr'>si</span> <span class='ocrx_word' id='word_1_299' title='bbox 1068 1694 1138 1735; x_wconf 88' lang='lat' dir='ltr'>quis</span> <span class='ocrx_word' id='word_1_300' title='bbox 1154 1704 1276 1724; x_wconf 88' lang='lat' dir='ltr'>servum</span> <span class='ocrx_word' id='word_1_301' title='bbox 1291 1694 1372 1724; x_wconf 86' lang='lat' dir='ltr'>nihil</span> <span class='ocrx_word' id='word_1_302' title='bbox 1387 1692 1604 1733; x_wconf 85' lang='lat' dir='ltr'>injuriantem,</span> 
     </span>
     <span class='ocr_line' id='line_1_28' title="bbox 140 1746 1606 1790; baseline -0.001 -13"><span class='ocrx_word' id='word_1_303' title='bbox 140 1747 256 1779; x_wconf 84' lang='lat' dir='ltr'>timens</span> <span class='ocrx_word' id='word_1_304' title='bbox 282 1759 321 1780; x_wconf 92' lang='lat' dir='ltr'>ne</span> <span class='ocrx_word' id='word_1_305' title='bbox 347 1754 439 1790; x_wconf 85' lang='lat' dir='ltr'>turpe</span> <span class='ocrx_word' id='word_1_306' title='bbox 461 1749 539 1790; x_wconf 91' lang='lat' dir='ltr'>quid</span> <span class='ocrx_word' id='word_1_307' title='bbox 565 1759 584 1780; x_wconf 92' lang='lat' dir='ltr'>a</span> <span class='ocrx_word' id='word_1_308' title='bbox 609 1759 643 1780; x_wconf 88' lang='lat' dir='ltr'>se</span> <span class='ocrx_word' id='word_1_309' title='bbox 668 1749 785 1780; x_wconf 88' lang='lat' dir='ltr'>factum</span> <span class='ocrx_word' id='word_1_310' title='bbox 809 1749 939 1784; x_wconf 87' lang='lat' dir='ltr'>indicet,</span> <span class='ocrx_word' id='word_1_311' title='bbox 956 1749 1005 1778; x_wconf 88' lang='lat' dir='ltr'>vel</span> <span class='ocrx_word' id='word_1_312' title='bbox 1021 1748 1082 1778; x_wconf 86' lang='lat' dir='ltr'>alia</span> <span class='ocrx_word' id='word_1_313' title='bbox 1098 1747 1317 1789; x_wconf 80' lang='lat' dir='ltr'>hujuscemodi</span> <span class='ocrx_word' id='word_1_314' title='bbox 1334 1756 1429 1778; x_wconf 88' lang='lat' dir='ltr'>causa</span> <span class='ocrx_word' id='word_1_315' title='bbox 1443 1746 1606 1781; x_wconf 89' lang='lat' dir='ltr'>inductus,</span> 
     </span>
     <span class='ocr_line' id='line_1_29' title="bbox 140 1800 1606 1846; baseline -0.001 -14"><span class='ocrx_word' id='word_1_316' title='bbox 140 1802 233 1833; x_wconf 90' lang='lat' dir='ltr'>morti</span> <span class='ocrx_word' id='word_1_317' title='bbox 245 1803 410 1835; x_wconf 86' lang='lat' dir='ltr'>tradiderit</span> <span class='ocrx_word' id='word_1_318' title='bbox 423 1815 431 1834; x_wconf 92' lang='lat'><strong>:</strong></span> <span class='ocrx_word' id='word_1_319' title='bbox 448 1804 537 1846; x_wconf 89' lang='lat' dir='ltr'>quasi</span> <span class='ocrx_word' id='word_1_320' title='bbox 549 1805 648 1835; x_wconf 88' lang='lat' dir='ltr'>civem</span> <span class='ocrx_word' id='word_1_321' title='bbox 661 1804 835 1839; x_wconf 86' lang='lat' dir='ltr'>necaverit,</span> <span class='ocrx_word' id='word_1_322' title='bbox 849 1803 893 1834; x_wconf 88' lang='lat' dir='ltr'>sic</span> <span class='ocrx_word' id='word_1_323' title='bbox 906 1803 1063 1845; x_wconf 86' lang='lat' dir='ltr'>puniatur.</span> <span class='ocrx_word' id='word_1_324' title='bbox 1079 1802 1230 1833; x_wconf 84' lang='lat' dir='ltr'>accidunt</span> <span class='ocrx_word' id='word_1_325' title='bbox 1240 1802 1428 1843; x_wconf 80' lang='lat' dir='ltr'>quandoque</span> <span class='ocrx_word' id='word_1_326' title='bbox 1440 1800 1606 1837; x_wconf 77' lang='lat' dir='ltr'>nonnulla,</span> 
     </span>
     <span class='ocr_line' id='line_1_30' title="bbox 139 1853 1605 1900; baseline -0.001 -14"><span class='ocrx_word' id='word_1_327' title='bbox 139 1856 179 1886; x_wconf 89' lang='lat' dir='ltr'>de</span> <span class='ocrx_word' id='word_1_328' title='bbox 207 1857 319 1898; x_wconf 89' lang='lat' dir='ltr'>quibus</span> <span class='ocrx_word' id='word_1_329' title='bbox 347 1858 435 1900; x_wconf 82' lang='lat' dir='ltr'>leges</span> <span class='ocrx_word' id='word_1_330' title='bbox 463 1869 579 1900; x_wconf 87' lang='lat' dir='ltr'>ponere</span> <span class='ocrx_word' id='word_1_331' title='bbox 604 1868 698 1899; x_wconf 82' lang='lat' dir='ltr'>grave</span> <span class='ocrx_word' id='word_1_332' title='bbox 724 1864 772 1890; x_wconf 89' lang='lat' dir='ltr'>est</span> <span class='ocrx_word' id='word_1_333' title='bbox 799 1864 894 1899; x_wconf 89' lang='lat' dir='ltr'>atque</span> <span class='ocrx_word' id='word_1_334' title='bbox 920 1858 1098 1894; x_wconf 87' lang='lat' dir='ltr'>molestum,</span> <span class='ocrx_word' id='word_1_335' title='bbox 1121 1863 1154 1887; x_wconf 88' lang='lat' dir='ltr'>et</span> <span class='ocrx_word' id='word_1_336' title='bbox 1171 1867 1236 1887; x_wconf 89' lang='lat' dir='ltr'>non</span> <span class='ocrx_word' id='word_1_337' title='bbox 1260 1866 1378 1898; x_wconf 89' lang='lat' dir='ltr'>ponere</span> <span class='ocrx_word' id='word_1_338' title='bbox 1396 1853 1605 1896; x_wconf 87' lang='lat' dir='ltr'>impossibile.</span> 
     </span>
     <span class='ocr_line' id='line_1_31' title="bbox 140 1907 1605 1954; baseline -0.001 -15"><span class='ocrx_word' id='word_1_339' title='bbox 140 1911 319 1953; x_wconf 86' lang='lat' dir='ltr'>hujusmodi</span> <span class='ocrx_word' id='word_1_340' title='bbox 343 1918 415 1943; x_wconf 88' lang='lat' dir='ltr'>sunt</span> <span class='ocrx_word' id='word_1_341' title='bbox 440 1918 644 1954; x_wconf 86' lang='lat' dir='ltr'>cognatorum</span> <span class='ocrx_word' id='word_1_342' title='bbox 669 1912 853 1943; x_wconf 84' lang='lat' dir='ltr'>voluntariae</span> <span class='ocrx_word' id='word_1_343' title='bbox 878 1917 910 1943; x_wconf 88' lang='lat' dir='ltr'>et</span> <span class='ocrx_word' id='word_1_344' title='bbox 930 1911 1057 1953; x_wconf 85' lang='lat' dir='ltr'>injustae</span> <span class='ocrx_word' id='word_1_345' title='bbox 1079 1911 1194 1948; x_wconf 69' lang='lat' dir='ltr'>caedes,</span> <span class='ocrx_word' id='word_1_346' title='bbox 1209 1911 1274 1941; x_wconf 84' lang='lat' dir='ltr'>sive</span> <span class='ocrx_word' id='word_1_347' title='bbox 1288 1920 1382 1940; x_wconf 89' lang='lat' dir='ltr'>manu</span> <span class='ocrx_word' id='word_1_348' title='bbox 1401 1909 1526 1950; x_wconf 84' lang='lat' dir='ltr'>propria</span> <span class='ocrx_word' id='word_1_349' title='bbox 1539 1907 1605 1938; x_wconf 82' lang='lat' dir='ltr'>sive</span> 
     </span>
     <span class='ocr_line' id='line_1_32' title="bbox 139 1962 1606 2008; baseline -0.001 -14"><span class='ocrx_word' id='word_1_350' title='bbox 139 1965 273 1996; x_wconf 88' lang='lat' dir='ltr'>consilio</span> <span class='ocrx_word' id='word_1_351' title='bbox 287 1966 470 2007; x_wconf 87' lang='lat' dir='ltr'>insidiisque</span> <span class='ocrx_word' id='word_1_352' title='bbox 486 1967 602 1997; x_wconf 86' lang='lat' dir='ltr'>illatae:</span> <span class='ocrx_word' id='word_1_353' title='bbox 628 1977 698 2008; x_wconf 87' lang='lat' dir='ltr'>quae</span> <span class='ocrx_word' id='word_1_354' title='bbox 724 1967 756 1998; x_wconf 89' lang='lat' dir='ltr'>in</span> <span class='ocrx_word' id='word_1_355' title='bbox 785 1967 967 1997; x_wconf 87' lang='lat' dir='ltr'>civitatibus</span> <span class='ocrx_word' id='word_1_356' title='bbox 981 1966 1065 1996; x_wconf 85' lang='lat' dir='ltr'>male</span> <span class='ocrx_word' id='word_1_357' title='bbox 1088 1965 1264 2006; x_wconf 82' lang='lat' dir='ltr'>gubernatis</span> <span class='ocrx_word' id='word_1_358' title='bbox 1279 1964 1447 2006; x_wconf 80' lang='lat' dir='ltr'>plurimum</span> <span class='ocrx_word' id='word_1_359' title='bbox 1463 1962 1606 1993; x_wconf 88' lang='lat' dir='ltr'>commit-</span> 
     </span>
     <span class='ocr_line' id='line_1_33' title="bbox 139 2015 1607 2063; baseline -0.001 -14"><span class='ocrx_word' id='word_1_360' title='bbox 139 2023 258 2055; x_wconf 79' lang='lat' dir='ltr'>tuntur,</span> <span class='ocrx_word' id='word_1_361' title='bbox 274 2020 329 2050; x_wconf 90' lang='lat' dir='ltr'>sed</span> <span class='ocrx_word' id='word_1_362' title='bbox 343 2030 571 2063; x_wconf 87' lang='lat' dir='ltr'>nonnunquam</span> <span class='ocrx_word' id='word_1_363' title='bbox 583 2021 691 2057; x_wconf 89' lang='lat' dir='ltr'>etiam,</span> <span class='ocrx_word' id='word_1_364' title='bbox 707 2021 760 2052; x_wconf 88' lang='lat' dir='ltr'>ubi</span> <span class='ocrx_word' id='word_1_365' title='bbox 776 2031 841 2051; x_wconf 89' lang='lat' dir='ltr'>non</span> <span class='ocrx_word' id='word_1_366' title='bbox 856 2019 1039 2056; x_wconf 80' lang='lat' dir='ltr'>credideris,</span> <span class='ocrx_word' id='word_1_367' title='bbox 1057 2019 1146 2050; x_wconf 84' lang='lat' dir='ltr'>fiunt.</span> <span class='ocrx_word' id='word_1_368' title='bbox 1168 2024 1201 2049; x_wconf 84' lang='lat' dir='ltr'>at</span> <span class='ocrx_word' id='word_1_369' title='bbox 1215 2020 1281 2049; x_wconf 83' lang='lat' dir='ltr'>haec</span> <span class='ocrx_word' id='word_1_370' title='bbox 1299 2019 1417 2049; x_wconf 86' lang='lat' dir='ltr'>scelera</span> <span class='ocrx_word' id='word_1_371' title='bbox 1433 2015 1607 2047; x_wconf 75' lang='lat' dir='ltr'>devitanda</span> 
     </span>
     <span class='ocr_line' id='line_1_34' title="bbox 140 2071 1607 2117; baseline -0.003 -13"><span class='ocrx_word' id='word_1_372' title='bbox 140 2074 238 2104; x_wconf 86' lang='lat' dir='ltr'>oratio</span> <span class='ocrx_word' id='word_1_373' title='bbox 266 2075 406 2116; x_wconf 86' lang='lat' dir='ltr'>superior</span> <span class='ocrx_word' id='word_1_374' title='bbox 431 2080 600 2117; x_wconf 80' lang='lat' dir='ltr'>repetatur.</span> <span class='ocrx_word' id='word_1_375' title='bbox 622 2076 702 2106; x_wconf 76' lang='lat' dir='ltr'>forte</span> <span class='ocrx_word' id='word_1_376' title='bbox 728 2086 863 2116; x_wconf 86' lang='lat' dir='ltr'>namque</span> <span class='ocrx_word' id='word_1_377' title='bbox 889 2074 937 2104; x_wconf 91' lang='lat' dir='ltr'>his</span> <span class='ocrx_word' id='word_1_378' title='bbox 963 2074 1078 2104; x_wconf 88' lang='lat' dir='ltr'>auditis</span> <span class='ocrx_word' id='word_1_379' title='bbox 1099 2083 1118 2103; x_wconf 86' lang='lat' dir='ltr'>a</span> <span class='ocrx_word' id='word_1_380' title='bbox 1140 2072 1378 2104; x_wconf 85' lang='lat' dir='ltr'>sceleratissima</span> <span class='ocrx_word' id='word_1_381' title='bbox 1393 2071 1479 2102; x_wconf 87' lang='lat' dir='ltr'>caede</span> <span class='ocrx_word' id='word_1_382' title='bbox 1493 2074 1607 2112; x_wconf 87' lang='lat' dir='ltr'>sponte</span> 
     </span>
     <span class='ocr_line' id='line_1_35' title="bbox 142 2124 1607 2170; baseline -0.003 -12"><span class='ocrx_word' id='word_1_383' title='bbox 142 2128 257 2169; x_wconf 84' lang='lat' dir='ltr'>aliquis</span> <span class='ocrx_word' id='word_1_384' title='bbox 273 2128 453 2160; x_wconf 82' lang='lat' dir='ltr'>abstinebit.</span> <span class='ocrx_word' id='word_1_385' title='bbox 475 2129 581 2160; x_wconf 87' lang='lat' dir='ltr'>fabula</span> <span class='ocrx_word' id='word_1_386' title='bbox 595 2130 682 2160; x_wconf 89' lang='lat' dir='ltr'>enim</span> <span class='ocrx_word' id='word_1_387' title='bbox 698 2130 747 2160; x_wconf 87' lang='lat' dir='ltr'>vel</span> <span class='ocrx_word' id='word_1_388' title='bbox 764 2139 875 2165; x_wconf 87' lang='lat' dir='ltr'>sermo,</span> <span class='ocrx_word' id='word_1_389' title='bbox 893 2129 941 2159; x_wconf 88' lang='lat' dir='ltr'>vel</span> <span class='ocrx_word' id='word_1_390' title='bbox 958 2128 1070 2170; x_wconf 87' lang='lat' dir='ltr'>quovis</span> <span class='ocrx_word' id='word_1_391' title='bbox 1081 2127 1143 2158; x_wconf 87' lang='lat' dir='ltr'>alio</span> <span class='ocrx_word' id='word_1_392' title='bbox 1155 2126 1282 2157; x_wconf 80' lang='lat' dir='ltr'>nomine</span> <span class='ocrx_word' id='word_1_393' title='bbox 1295 2125 1487 2167; x_wconf 86' lang='lat' dir='ltr'>appellanda</span> <span class='ocrx_word' id='word_1_394' title='bbox 1498 2124 1607 2159; x_wconf 90' lang='lat' dir='ltr'>oratio,</span> 
     </span>
     <span class='ocr_line' id='line_1_36' title="bbox 144 2179 1607 2225; baseline -0.002 -14"><span class='ocrx_word' id='word_1_395' title='bbox 144 2182 310 2213; x_wconf 84' lang='lat' dir='ltr'>manifeste</span> <span class='ocrx_word' id='word_1_396' title='bbox 337 2194 354 2213; x_wconf 89' lang='lat' dir='ltr'>a</span> <span class='ocrx_word' id='word_1_397' title='bbox 380 2183 490 2225; x_wconf 89' lang='lat' dir='ltr'>priscis</span> <span class='ocrx_word' id='word_1_398' title='bbox 515 2183 725 2214; x_wconf 79' lang='lat' dir='ltr'>sacerdotibus</span> <span class='ocrx_word' id='word_1_399' title='bbox 750 2183 834 2214; x_wconf 83' lang='lat' dir='ltr'>dicta</span> <span class='ocrx_word' id='word_1_400' title='bbox 856 2187 914 2219; x_wconf 90' lang='lat' dir='ltr'>est,</span> <span class='ocrx_word' id='word_1_401' title='bbox 934 2182 1092 2224; x_wconf 77' lang='lat' dir='ltr'>justitiam</span> <span class='ocrx_word' id='word_1_402' title='bbox 1107 2181 1345 2223; x_wconf 79' lang='lat' dir='ltr'>speculatricem</span> <span class='ocrx_word' id='word_1_403' title='bbox 1358 2179 1498 2210; x_wconf 88' lang='lat' dir='ltr'>omnium</span> <span class='ocrx_word' id='word_1_404' title='bbox 1513 2183 1607 2219; x_wconf 89' lang='lat' dir='ltr'>atque</span> 
     </span>
     <span class='ocr_line' id='line_1_37' title="bbox 142 2232 1609 2279; baseline -0.002 -14"><span class='ocrx_word' id='word_1_405' title='bbox 142 2235 301 2267; x_wconf 83' lang='lat' dir='ltr'>vindicem</span> <span class='ocrx_word' id='word_1_406' title='bbox 325 2237 364 2268; x_wconf 84' lang='lat' dir='ltr'>ad</span> <span class='ocrx_word' id='word_1_407' title='bbox 391 2243 561 2279; x_wconf 81' lang='lat' dir='ltr'>cognatum</span> <span class='ocrx_word' id='word_1_408' title='bbox 586 2238 770 2279; x_wconf 82' lang='lat' dir='ltr'>sanguinem</span> <span class='ocrx_word' id='word_1_409' title='bbox 796 2237 1011 2269; x_wconf 82' lang='lat' dir='ltr'>ulciscendum</span> <span class='ocrx_word' id='word_1_410' title='bbox 1036 2237 1116 2277; x_wconf 78' lang='lat' dir='ltr'>lege,</span> <span class='ocrx_word' id='word_1_411' title='bbox 1141 2245 1235 2277; x_wconf 86' lang='lat' dir='ltr'>quam</span> <span class='ocrx_word' id='word_1_412' title='bbox 1258 2234 1352 2265; x_wconf 88' lang='lat' dir='ltr'>modo</span> <span class='ocrx_word' id='word_1_413' title='bbox 1378 2233 1525 2268; x_wconf 89' lang='lat' dir='ltr'>diximus,</span> <span class='ocrx_word' id='word_1_414' title='bbox 1550 2232 1609 2262; x_wconf 86' lang='lat' dir='ltr'>uti.</span> 
     </span>
     <span class='ocr_line' id='line_1_38' title="bbox 144 2287 1609 2334; baseline -0.003 -14"><span class='ocrx_word' id='word_1_415' title='bbox 144 2299 259 2331; x_wconf 88' lang='lat' dir='ltr'>nempe</span> <span class='ocrx_word' id='word_1_416' title='bbox 274 2290 362 2322; x_wconf 88' lang='lat' dir='ltr'>illam</span> <span class='ocrx_word' id='word_1_417' title='bbox 383 2292 595 2328; x_wconf 84' lang='lat' dir='ltr'>constituisse,</span> <span class='ocrx_word' id='word_1_418' title='bbox 611 2298 646 2323; x_wconf 91' lang='lat' dir='ltr'>ut</span> <span class='ocrx_word' id='word_1_419' title='bbox 661 2292 801 2334; x_wconf 87' lang='lat' dir='ltr'>quisquis</span> <span class='ocrx_word' id='word_1_420' title='bbox 815 2292 936 2333; x_wconf 83' lang='lat' dir='ltr'>aliquid</span> <span class='ocrx_word' id='word_1_421' title='bbox 951 2290 1132 2332; x_wconf 82' lang='lat' dir='ltr'>hujusmodi</span> <span class='ocrx_word' id='word_1_422' title='bbox 1146 2289 1347 2331; x_wconf 87' lang='lat' dir='ltr'>perpetravit,</span> <span class='ocrx_word' id='word_1_423' title='bbox 1364 2287 1446 2318; x_wconf 89' lang='lat' dir='ltr'>idem</span> <span class='ocrx_word' id='word_1_424' title='bbox 1462 2295 1609 2317; x_wconf 90' lang='lat' dir='ltr'>necessa-</span> 
     </span>
     <span class='ocr_line' id='line_1_39' title="bbox 143 2340 1609 2388; baseline -0.003 -14"><span class='ocrx_word' id='word_1_425' title='bbox 143 2343 222 2374; x_wconf 74' lang='lat' dir='ltr'>sario</span> <span class='ocrx_word' id='word_1_426' title='bbox 248 2345 396 2384; x_wconf 83' lang='lat' dir='ltr'>patiatur.</span> <span class='ocrx_word' id='word_1_427' title='bbox 420 2351 464 2382; x_wconf 88' lang='lat' dir='ltr'>ut,</span> <span class='ocrx_word' id='word_1_428' title='bbox 491 2346 517 2376; x_wconf 90' lang='lat' dir='ltr'>si</span> <span class='ocrx_word' id='word_1_429' title='bbox 542 2347 613 2387; x_wconf 86' lang='lat' dir='ltr'>quis</span> <span class='ocrx_word' id='word_1_430' title='bbox 639 2352 761 2388; x_wconf 82' lang='lat' dir='ltr'>patrem</span> <span class='ocrx_word' id='word_1_431' title='bbox 787 2346 879 2377; x_wconf 85' lang='lat' dir='ltr'>morti</span> <span class='ocrx_word' id='word_1_432' title='bbox 905 2346 1047 2382; x_wconf 82' lang='lat' dir='ltr'>tradidit,</span> <span class='ocrx_word' id='word_1_433' title='bbox 1076 2346 1144 2386; x_wconf 89' lang='lat' dir='ltr'>ipse</span> <span class='ocrx_word' id='word_1_434' title='bbox 1166 2348 1277 2385; x_wconf 86' lang='lat' dir='ltr'>postea</span> <span class='ocrx_word' id='word_1_435' title='bbox 1301 2342 1395 2373; x_wconf 84' lang='lat' dir='ltr'>certis</span> <span class='ocrx_word' id='word_1_436' title='bbox 1416 2340 1609 2381; x_wconf 78' lang='lat' dir='ltr'>temporibus</span> 
     </span>
     <span class='ocr_line' id='line_1_40' title="bbox 144 2395 1609 2441; baseline -0.003 -14"><span class='ocrx_word' id='word_1_437' title='bbox 144 2397 298 2428; x_wconf 87' lang='lat' dir='ltr'>violenter</span> <span class='ocrx_word' id='word_1_438' title='bbox 323 2409 342 2429; x_wconf 86' lang='lat' dir='ltr'>a</span> <span class='ocrx_word' id='word_1_439' title='bbox 368 2399 440 2430; x_wconf 83' lang='lat' dir='ltr'>filiis</span> <span class='ocrx_word' id='word_1_440' title='bbox 454 2400 626 2433; x_wconf 87' lang='lat' dir='ltr'>occidatur.</span> <span class='ocrx_word' id='word_1_441' title='bbox 652 2401 701 2432; x_wconf 89' lang='lat' dir='ltr'>sin</span> <span class='ocrx_word' id='word_1_442' title='bbox 717 2411 788 2431; x_wconf 84' lang='lat' dir='ltr'>vero</span> <span class='ocrx_word' id='word_1_443' title='bbox 804 2406 935 2431; x_wconf 85' lang='lat' dir='ltr'>matrem</span> <span class='ocrx_word' id='word_1_444' title='bbox 947 2399 1093 2441; x_wconf 85' lang='lat' dir='ltr'>peremit,</span> <span class='ocrx_word' id='word_1_445' title='bbox 1109 2399 1177 2440; x_wconf 90' lang='lat' dir='ltr'>ipse</span> <span class='ocrx_word' id='word_1_446' title='bbox 1193 2397 1303 2438; x_wconf 74' lang='lat' dir='ltr'>postea</span> <span class='ocrx_word' id='word_1_447' title='bbox 1320 2395 1475 2437; x_wconf 81' lang='lat' dir='ltr'>particeps</span> <span class='ocrx_word' id='word_1_448' title='bbox 1489 2399 1609 2424; x_wconf 75' lang='lat' dir='ltr'>naturze</span> 
     </span>
     <span class='ocr_line' id='line_1_41' title="bbox 143 2449 1611 2485; baseline -0.003 -3"><span class='ocrx_word' id='word_1_449' title='bbox 143 2451 304 2482; x_wconf 80' lang='lat' dir='ltr'>muliebris</span> <span class='ocrx_word' id='word_1_450' title='bbox 329 2453 459 2483; x_wconf 74' lang='lat' dir='ltr'>effectus</span> <span class='ocrx_word' id='word_1_451' title='bbox 484 2454 662 2485; x_wconf 81' lang='lat' dir='ltr'>necessario</span> <span class='ocrx_word' id='word_1_452' title='bbox 678 2456 808 2485; x_wconf 80' lang='lat' dir='ltr'>tandem</span> <span class='ocrx_word' id='word_1_453' title='bbox 830 2465 849 2485; x_wconf 86' lang='lat' dir='ltr'>a</span> <span class='ocrx_word' id='word_1_454' title='bbox 871 2454 942 2485; x_wconf 85' lang='lat' dir='ltr'>filiis</span> <span class='ocrx_word' id='word_1_455' title='bbox 957 2454 1021 2484; x_wconf 88' lang='lat' dir='ltr'>suis</span> <span class='ocrx_word' id='word_1_456' title='bbox 1035 2452 1241 2484; x_wconf 84' lang='lat' dir='ltr'>interimatur.</span> <span class='ocrx_word' id='word_1_457' title='bbox 1265 2450 1421 2481; x_wconf 86' lang='lat' dir='ltr'>communi</span> <span class='ocrx_word' id='word_1_458' title='bbox 1437 2449 1522 2479; x_wconf 90' lang='lat' dir='ltr'>enim</span> <span class='ocrx_word' id='word_1_459' title='bbox 1536 2458 1611 2478; x_wconf 83' lang='lat' dir='ltr'>san·</span> 
     </span>
     <span class='ocr_line' id='line_1_42' title="bbox 143 2502 1609 2550; baseline -0.003 -15"><span class='ocrx_word' id='word_1_460' title='bbox 143 2505 239 2545; x_wconf 85' lang='lat' dir='ltr'>guine</span> <span class='ocrx_word' id='word_1_461' title='bbox 266 2507 422 2537; x_wconf 85' lang='lat' dir='ltr'>maculato</span> <span class='ocrx_word' id='word_1_462' title='bbox 449 2518 511 2538; x_wconf 94' lang='lat' dir='ltr'>non</span> <span class='ocrx_word' id='word_1_463' title='bbox 537 2518 605 2539; x_wconf 82' lang='lat' dir='ltr'>esse</span> <span class='ocrx_word' id='word_1_464' title='bbox 629 2509 723 2539; x_wconf 82' lang='lat' dir='ltr'>aliam</span> <span class='ocrx_word' id='word_1_465' title='bbox 750 2509 977 2550; x_wconf 86' lang='lat' dir='ltr'>purgationem,</span> <span class='ocrx_word' id='word_1_466' title='bbox 1001 2518 1060 2538; x_wconf 88' lang='lat' dir='ltr'>nec</span> <span class='ocrx_word' id='word_1_467' title='bbox 1075 2516 1169 2549; x_wconf 87' lang='lat' dir='ltr'>posse</span> <span class='ocrx_word' id='word_1_468' title='bbox 1187 2505 1276 2536; x_wconf 84' lang='lat' dir='ltr'>aliter</span> <span class='ocrx_word' id='word_1_469' title='bbox 1291 2503 1427 2545; x_wconf 84' lang='lat' dir='ltr'>abstergi</span> <span class='ocrx_word' id='word_1_470' title='bbox 1443 2502 1609 2537; x_wconf 84' lang='lat' dir='ltr'>maculam,</span> 
     </span>
     <span class='ocr_line' id='line_1_43' title="bbox 145 2558 1609 2599; baseline -0.003 -9"><span class='ocrx_word' id='word_1_471' title='bbox 145 2558 243 2599; x_wconf 83' lang='lat'>[873]</span> <span class='ocrx_word' id='word_1_472' title='bbox 266 2559 325 2590; x_wconf 66' lang='lat' dir='ltr'>nisi</span> <span class='ocrx_word' id='word_1_473' title='bbox 336 2561 454 2591; x_wconf 63' lang='lat' dir='ltr'>caedem</span> <span class='ocrx_word' id='word_1_474' title='bbox 466 2562 551 2592; x_wconf 80' lang='lat' dir='ltr'>caede</span> <span class='ocrx_word' id='word_1_475' title='bbox 567 2562 661 2594; x_wconf 87' lang='lat' dir='ltr'>simili</span> <span class='ocrx_word' id='word_1_476' title='bbox 677 2563 810 2593; x_wconf 87' lang='lat' dir='ltr'>similem</span> <span class='ocrx_word' id='word_1_477' title='bbox 827 2563 930 2593; x_wconf 86' lang='lat' dir='ltr'>anima</span> <span class='ocrx_word' id='word_1_478' title='bbox 948 2563 1101 2593; x_wconf 84' lang='lat' dir='ltr'>scelerata</span> <span class='ocrx_word' id='word_1_479' title='bbox 1115 2559 1303 2595; x_wconf 84' lang='lat' dir='ltr'>lustraverit,</span> <span class='ocrx_word' id='word_1_480' title='bbox 1320 2558 1478 2598; x_wconf 87' lang='lat' dir='ltr'>totiusque</span> <span class='ocrx_word' id='word_1_481' title='bbox 1493 2565 1609 2597; x_wconf 81' lang='lat' dir='ltr'>cogna-</span> 
     </span>
     <span class='ocr_line' id='line_1_44' title="bbox 142 2611 1608 2658; baseline -0.003 -14"><span class='ocrx_word' id='word_1_482' title='bbox 142 2613 236 2644; x_wconf 85' lang='lat' dir='ltr'>tionis</span> <span class='ocrx_word' id='word_1_483' title='bbox 252 2614 327 2645; x_wconf 82' lang='lat' dir='ltr'>iram</span> <span class='ocrx_word' id='word_1_484' title='bbox 341 2614 510 2646; x_wconf 86' lang='lat' dir='ltr'>sedaverit.</span> <span class='ocrx_word' id='word_1_485' title='bbox 533 2616 572 2647; x_wconf 87' lang='lat' dir='ltr'>ab</span> <span class='ocrx_word' id='word_1_486' title='bbox 588 2616 635 2647; x_wconf 90' lang='lat' dir='ltr'>his</span> <span class='ocrx_word' id='word_1_487' title='bbox 654 2627 728 2658; x_wconf 80' lang='lat' dir='ltr'>ergo</span> <span class='ocrx_word' id='word_1_488' title='bbox 741 2617 909 2649; x_wconf 86' lang='lat' dir='ltr'>sceleribus</span> <span class='ocrx_word' id='word_1_489' title='bbox 925 2626 1070 2648; x_wconf 86' lang='lat' dir='ltr'>coercere</span> <span class='ocrx_word' id='word_1_490' title='bbox 1088 2614 1228 2645; x_wconf 85' lang='lat' dir='ltr'>homines</span> <span class='ocrx_word' id='word_1_491' title='bbox 1239 2618 1373 2654; x_wconf 84' lang='lat' dir='ltr'>oportet,</span> <span class='ocrx_word' id='word_1_492' title='bbox 1387 2611 1608 2653; x_wconf 88' lang='lat' dir='ltr'>suppliciorum</span> 
     </span>
     <span class='ocr_line' id='line_1_45' title="bbox 142 2665 1609 2712; baseline -0.002 -15"><span class='ocrx_word' id='word_1_493' title='bbox 142 2667 304 2709; x_wconf 89' lang='lat' dir='ltr'>ejusmodi,</span> <span class='ocrx_word' id='word_1_494' title='bbox 330 2679 400 2710; x_wconf 81' lang='lat' dir='ltr'>quae</span> <span class='ocrx_word' id='word_1_495' title='bbox 422 2680 441 2700; x_wconf 90' lang='lat' dir='ltr'>a</span> <span class='ocrx_word' id='word_1_496' title='bbox 466 2670 539 2701; x_wconf 83' lang='lat' dir='ltr'>Diis</span> <span class='ocrx_word' id='word_1_497' title='bbox 568 2670 751 2707; x_wconf 81' lang='lat' dir='ltr'>inferuntur,</span> <span class='ocrx_word' id='word_1_498' title='bbox 778 2677 875 2702; x_wconf 86' lang='lat' dir='ltr'>metu.</span> <span class='ocrx_word' id='word_1_499' title='bbox 899 2672 925 2702; x_wconf 86' lang='lat' dir='ltr'>si</span> <span class='ocrx_word' id='word_1_500' title='bbox 957 2671 1098 2712; x_wconf 83' lang='lat' dir='ltr'>quivero</span> <span class='ocrx_word' id='word_1_501' title='bbox 1114 2669 1222 2700; x_wconf 86' lang='lat' dir='ltr'>intarn</span> <span class='ocrx_word' id='word_1_502' title='bbox 1238 2667 1383 2698; x_wconf 86' lang='lat' dir='ltr'>miseram</span> <span class='ocrx_word' id='word_1_503' title='bbox 1400 2665 1609 2697; x_wconf 83' lang='lat' dir='ltr'>calamitatem</span> 
     </span>
     <span class='ocr_line' id='line_1_46' title="bbox 142 2719 1612 2765; baseline -0.003 -14"><span class='ocrx_word' id='word_1_504' title='bbox 142 2720 321 2759; x_wconf 85' lang='lat' dir='ltr'>inciden&#39;nt,</span> <span class='ocrx_word' id='word_1_505' title='bbox 337 2728 373 2753; x_wconf 88' lang='lat' dir='ltr'>ut</span> <span class='ocrx_word' id='word_1_506' title='bbox 387 2729 508 2765; x_wconf 79' lang='lat' dir='ltr'>patrem</span> <span class='ocrx_word' id='word_1_507' title='bbox 535 2730 587 2755; x_wconf 86' lang='lat' dir='ltr'>vet</span> <span class='ocrx_word' id='word_1_508' title='bbox 601 2730 743 2761; x_wconf 83' lang='lat' dir='ltr'>matrem,</span> <span class='ocrx_word' id='word_1_509' title='bbox 767 2725 893 2756; x_wconf 85' lang='lat' dir='ltr'>fratrem</span> <span class='ocrx_word' id='word_1_510' title='bbox 919 2726 968 2756; x_wconf 82' lang='lat' dir='ltr'>vel</span> <span class='ocrx_word' id='word_1_511' title='bbox 996 2724 1092 2754; x_wconf 89' lang='lat' dir='ltr'>filium</span> <span class='ocrx_word' id='word_1_512' title='bbox 1120 2727 1231 2764; x_wconf 79' lang='lat' dir='ltr'>sponte</span> <span class='ocrx_word' id='word_1_513' title='bbox 1259 2726 1351 2763; x_wconf 86' lang='lat' dir='ltr'>atque</span> <span class='ocrx_word' id='word_1_514' title='bbox 1378 2720 1526 2752; x_wconf 86' lang='lat' dir='ltr'>consulto</span> <span class='ocrx_word' id='word_1_515' title='bbox 1549 2719 1612 2748; x_wconf 81' lang='lat' dir='ltr'>vita</span> 
     </span>
     <span class='ocr_line' id='line_1_47' title="bbox 143 2775 1611 2820; baseline -0.002 -15"><span class='ocrx_word' id='word_1_516' title='bbox 143 2775 265 2816; x_wconf 81' lang='lat' dir='ltr'>privare</span> <span class='ocrx_word' id='word_1_517' title='bbox 281 2776 418 2808; x_wconf 84' lang='lat' dir='ltr'>audeant</span> <span class='ocrx_word' id='word_1_518' title='bbox 434 2789 440 2807; x_wconf 75' lang='grc' dir='ltr'><strong><em>ε</em></strong></span> <span class='ocrx_word' id='word_1_519' title='bbox 468 2779 604 2809; x_wconf 83' lang='lat' dir='ltr'>mortalis</span> <span class='ocrx_word' id='word_1_520' title='bbox 621 2779 804 2820; x_wconf 79' lang='lat' dir='ltr'>legumlator</span> <span class='ocrx_word' id='word_1_521' title='bbox 813 2779 859 2810; x_wconf 87' lang='lat' dir='ltr'>sic</span> <span class='ocrx_word' id='word_1_522' title='bbox 871 2779 911 2811; x_wconf 86' lang='lat' dir='ltr'>de</span> <span class='ocrx_word' id='word_1_523' title='bbox 925 2778 1105 2820; x_wconf 85' lang='lat' dir='ltr'>hujusmodi</span> <span class='ocrx_word' id='word_1_524' title='bbox 1118 2777 1236 2808; x_wconf 82' lang='lat' dir='ltr'>scelere</span> <span class='ocrx_word' id='word_1_525' title='bbox 1247 2775 1379 2812; x_wconf 81' lang='lat' dir='ltr'>sauciet,</span> <span class='ocrx_word' id='word_1_526' title='bbox 1392 2780 1427 2806; x_wconf 89' lang='lat' dir='ltr'>ut</span> <span class='ocrx_word' id='word_1_527' title='bbox 1438 2779 1472 2804; x_wconf 87' lang='lat' dir='ltr'>et</span> <span class='ocrx_word' id='word_1_528' title='bbox 1485 2782 1594 2803; x_wconf 82' lang='lat' dir='ltr'>arcean</span> <span class='ocrx_word' id='word_1_529' title='bbox 1603 2789 1611 2795; x_wconf 95' lang='lat'>-</span> 
     </span>
     <span class='ocr_line' id='line_1_48' title="bbox 145 2828 1613 2874; baseline -0.003 -16"><span class='ocrx_word' id='word_1_530' title='bbox 145 2831 194 2859; x_wconf 91' lang='lat' dir='ltr'>tur</span> <span class='ocrx_word' id='word_1_531' title='bbox 210 2839 229 2860; x_wconf 86' lang='lat' dir='ltr'>a</span> <span class='ocrx_word' id='word_1_532' title='bbox 242 2831 375 2871; x_wconf 89' lang='lat' dir='ltr'>publicis</span> <span class='ocrx_word' id='word_1_533' title='bbox 391 2833 549 2874; x_wconf 75' lang='lat' dir='ltr'>sacrisque</span> <span class='ocrx_word' id='word_1_534' title='bbox 564 2833 652 2869; x_wconf 84' lang='lat' dir='ltr'>Iocis,</span> <span class='ocrx_word' id='word_1_535' title='bbox 671 2839 705 2864; x_wconf 85' lang='lat' dir='ltr'>ut</span> <span class='ocrx_word' id='word_1_536' title='bbox 721 2843 814 2874; x_wconf 81' lang='lat' dir='ltr'>supra</span> <span class='ocrx_word' id='word_1_537' title='bbox 828 2833 947 2864; x_wconf 86' lang='lat' dir='ltr'>dictum</span> <span class='ocrx_word' id='word_1_538' title='bbox 963 2838 1021 2868; x_wconf 84' lang='lat' dir='ltr'>est,</span> <span class='ocrx_word' id='word_1_539' title='bbox 1037 2837 1071 2862; x_wconf 90' lang='lat' dir='ltr'>et</span> <span class='ocrx_word' id='word_1_540' title='bbox 1086 2831 1180 2862; x_wconf 87' lang='lat' dir='ltr'>vades</span> <span class='ocrx_word' id='word_1_541' title='bbox 1197 2830 1341 2861; x_wconf 86' lang='lat' dir='ltr'>similiter</span> <span class='ocrx_word' id='word_1_542' title='bbox 1355 2828 1558 2870; x_wconf 78' lang='lat' dir='ltr'>requirantur.</span> <span class='ocrx_word' id='word_1_543' title='bbox 1581 2830 1613 2854; x_wconf 90' lang='lat' dir='ltr'>et</span> 
     </span>
     <span class='ocr_line' id='line_1_49' title="bbox 147 2879 1615 2927; baseline -0.003 -15"><span class='ocrx_word' id='word_1_544' title='bbox 147 2883 202 2923; x_wconf 84' lang='lat' dir='ltr'>qui</span> <span class='ocrx_word' id='word_1_545' title='bbox 218 2884 313 2916; x_wconf 81' lang='lat' dir='ltr'>caedis</span> <span class='ocrx_word' id='word_1_546' title='bbox 327 2886 506 2927; x_wconf 89' lang='lat' dir='ltr'>hujusmodi</span> <span class='ocrx_word' id='word_1_547' title='bbox 524 2886 751 2918; x_wconf 83' lang='lat' dir='ltr'>condemnatus</span> <span class='ocrx_word' id='word_1_548' title='bbox 767 2888 869 2923; x_wconf 78' lang='lat' dir='ltr'>fuerit,</span> <span class='ocrx_word' id='word_1_549' title='bbox 883 2893 948 2918; x_wconf 85' lang='lat' dir='ltr'>tam</span> <span class='ocrx_word' id='word_1_550' title='bbox 961 2897 979 2917; x_wconf 81' lang='lat' dir='ltr'>a</span> <span class='ocrx_word' id='word_1_551' title='bbox 989 2885 1134 2927; x_wconf 78' lang='lat' dir='ltr'>judicum</span> <span class='ocrx_word' id='word_1_552' title='bbox 1151 2884 1301 2916; x_wconf 85' lang='lat' dir='ltr'>ministris</span> <span class='ocrx_word' id='word_1_553' title='bbox 1313 2893 1407 2925; x_wconf 88' lang='lat' dir='ltr'>quam</span> <span class='ocrx_word' id='word_1_554' title='bbox 1420 2893 1437 2912; x_wconf 89' lang='lat' dir='ltr'>a</span> <span class='ocrx_word' id='word_1_555' title='bbox 1451 2879 1615 2921; x_wconf 78' lang='lat' dir='ltr'>magistra-</span> 
     </span>
     <span class='ocr_line' id='line_1_50' title="bbox 152 2931 1620 2984; baseline -0.002 -18"><span class='ocrx_word' id='word_1_556' title='bbox 152 2937 233 2967; x_wconf 86' lang='lat' dir='ltr'>tibus</span> <span class='ocrx_word' id='word_1_557' title='bbox 259 2939 430 2976; x_wconf 79' lang='lat' dir='ltr'>occidatur,</span> <span class='ocrx_word' id='word_1_558' title='bbox 459 2942 657 2984; x_wconf 85' lang='lat' dir='ltr'>trahaturque</span> <span class='ocrx_word' id='word_1_559' title='bbox 684 2947 770 2973; x_wconf 78' lang='lat' dir='ltr'>extra</span> <span class='ocrx_word' id='word_1_560' title='bbox 797 2942 905 2973; x_wconf 83' lang='lat' dir='ltr'>urbem</span> <span class='ocrx_word' id='word_1_561' title='bbox 935 2942 968 2972; x_wconf 88' lang='lat' dir='ltr'>in</span> <span class='ocrx_word' id='word_1_562' title='bbox 992 2945 1141 2971; x_wconf 75' lang='lat' dir='ltr'>statutum</span> <span class='ocrx_word' id='word_1_563' title='bbox 1166 2938 1289 2970; x_wconf 82' lang='lat' dir='ltr'>trivium</span> <span class='ocrx_word' id='word_1_564' title='bbox 1305 2938 1419 2973; x_wconf 83' lang='lat' dir='ltr'>nudus,</span> <span class='ocrx_word' id='word_1_565' title='bbox 1439 2935 1490 2966; x_wconf 82' lang='lat' dir='ltr'>ubi</span> <span class='ocrx_word' id='word_1_566' title='bbox 1503 2931 1620 2973; x_wconf 81' lang='lat' dir='ltr'>singuli</span> 
     </span>
    </p>
   </div>
  </div>
 </body>
</html>
