1840 3225
118 242 216 292 602]
545 243 617 282 DE
649 243 958 283 REPUBLICA
993 246 1087 285 LIB.
1122 248 1169 285 X.
1510 246 1590 283 225

115 351 210 381 esset,
227 356 334 378 ver-um
348 347 445 378 etiam
461 348 679 389 intelligentia:
695 357 823 388 compos
839 359 846 377 ε
871 357 925 378 cur
941 358 1004 379 non
1027 350 1141 379 multos
1157 349 1215 380 sibi
1242 348 1421 380 vendicavit
1442 349 1560 383 amicos
1574 350 1586 379 .’

115 409 170 429 cur
185 409 249 431 non
272 401 382 432 vivens
399 402 566 432 honoratus
590 403 657 432 est?
680 412 735 432 cur
760 412 822 432 non
847 403 990 434 amatus?
1036 403 1183 434 Profecto
1199 403 1369 434 Abderites
1398 403 1585 443 Protagoras

111 460 146 484 et
159 453 311 486 Prodicus
323 454 421 486 Chius
435 456 551 496 aliique
565 456 712 496 permulti
728 462 858 496 possunt
872 457 1048 487 hominibus
1061 457 1108 488 sui
1119 457 1268 499 temporis
1280 457 1423 493 suadere,
1434 456 1583 498 privatim

111 507 252 542 simules
266 508 429 545 adeuntes,
456 519 616 550 nunquam
638 519 692 540 eos
715 520 783 540 rem
799 510 986 541 familiarem
1001 517 1034 541 et
1059 512 1217 552 publicam
1241 517 1327 542 recte
1345 512 1582 552 gubernaturus,

111 561 172 592 nisi
186 563 247 604 ipsi
261 573 316 594 eos
330 563 476 594 erudiant
489 575 496 592 :
521 569 553 594 et
580 564 621 593 oh
637 565 718 595 hanc
734 564 923 605 sapientiam
945 570 1011 595 tam
1027 565 1175 596 ardenter
1190 571 1344 601 amantur,
1362 571 1395 596 ut
1410 565 1460 595 vix
1477 571 1579 596 secta—

110 623 194 647 tores
216 626 324 648 eorum
347 627 382 648 se
407 617 602 652 contineant,
626 618 700 659 quin
723 618 828 658 capite
853 628 906 649 eos
930 620 1162 650 circumferant.
1208 620 1381 650 Homerum
1403 625 1508 649 autem
1527 620 1579 650 vel

108 668 287 702 Hesiodum
301 681 408 702 eorum
423 677 600 712 temporum
617 672 769 708 homines,
785 672 812 703 si
827 672 931 714 poetae
946 673 994 703 illi
1009 674 1178 715 quicquam
1186 673 1298 715 juvare
1311 684 1366 704 eos
1379 672 1419 703 ad
1432 673 1579 704 virtutem

108 724 292 764 pomissent,
321 724 463 766 nunquid
490 725 708 767 permisissent
732 728 876 758 oberrare
899 732 965 758 tam
988 726 1043 758 diu
1058 728 1176 769 passim
1191 728 1332 758 carmina
1347 727 1579 758 decantantes?

106 777 184 818 quin
199 778 308 819 potius
323 789 379 810 eos
401 780 502 820 magis
528 789 622 821 quam
647 790 756 811 aumm
781 782 937 823 complexi
958 782 1101 817 fuissent,
1117 781 1375 822 induxissentque
1399 791 1453 812 eos
1468 791 1577 812 secum

109 829 195 862 demi
210 832 405 864 familiariter
419 834 526 865 vivere
542 844 578 865 ac
594 835 656 865 nisi
668 835 908 876 persuasissent,
925 845 980 867 eos
994 836 1056 877 ipsi
1067 836 1166 867 secuti
1175 841 1292 871 essent,
1306 845 1491 876 quocunque
1507 846 1580 876 per-

105 892 229 926 gerent,
245 887 349 928 quoad
375 888 452 919 satis
477 893 584 919 essent
608 899 716 920 eonun
741 889 773 920 in
801 889 913 920 studiis
934 889 1060 921 eruditi.
1104 889 1222 921 Graiu.
1245 889 1330 920 Vera
1353 900 1476 931 prorsus
1501 889 1579 920 mihi

103 938 191 981 loqui
202 940 328 978 videris,
343 952 362 972 ο
376 943 531 973 Socrates.
576 943 629 974 So.
652 943 812 975 Ponamus
826 944 922 985 igitur
934 953 1056 980 omnes,
1073 945 1112 975 ab
1131 944 1268 975 Homero
1284 944 1488 984 incipientes,
1498 943 1577 984 1)οὸ-

102 994 185 1026 ticos
197 996 339 1027 homines
352 997 475 1028 virtutis
489 997 663 1039 imaginum
675 998 848 1029 imitatores
863 1009 945 1035 esse,
962 1004 1199 1040 ceterorumque
1213 998 1367 1046 similiter,
1381 1008 1577 1039 quaecunque

103 1054 241 1080 canunt:
264 1051 430 1081 veritatem
445 1061 519 1082 vero
534 1061 735 1093 nequaquam
750 1052 917 1092 attingere.
960 1053 1034 1089 Sed,
1052 1059 1086 1084 ut
1100 1054 1195 1094 paulo
1211 1059 1285 1083 ante
1303 1051 1448 1087 diximus,
1473 1052 1577 1092 pictor

102 1103 305 1134 verisimilem
328 1105 452 1136 coriarii
468 1105 579 1147 pinget
593 1106 776 1147 imaginem,
793 1117 864 1138 cum
887 1112 920 1137 et
943 1107 1013 1148 ipse
1036 1107 1075 1137 de
1093 1107 1223 1138 coriaria
1243 1107 1322 1137 nihil
1348 1107 1520 1147 intelligat,
1544 1112 1578 1137 et

102 1155 207 1198 imago
219 1157 276 1189 illa
291 1159 438 1190 coriarius
450 1159 517 1200 ipse
534 1166 685 1201 appareat
701 1161 776 1197 inis,
793 1162 847 1202 qui
868 1172 936 1192 rem
951 1152 1053 1202 ipsam
1064 1171 1263 1202 nequaquam
1278 1160 1472 1198 intelligunt,
1489 1166 1522 1190 et
1537 1170 1576 1190 ex

101 1211 258 1242 coloribus
281 1213 446 1254 figurisque
463 1214 669 1255 prospiciunt.
715 1214 830 1246 Gniu.
854 1215 993 1246 Prorsus.
1037 1216 1092 1246 So.
1118 1215 1211 1245 Haud
1228 1225 1318 1245 secus
1342 1214 1472 1255 poetam
1488 1214 1576 1244 dice—

102 1274 170 1296 mus
186 1267 307 1297 colores
322 1267 476 1307 quosdam
500 1268 614 1298 artium
627 1269 822 1310 singularum
837 1269 1016 1300 nominibus
1031 1269 1196 1309 verbisque
1213 1268 1399 1310 exprimere,
1417 1279 1488 1298 cum
1504 1268 1574 1308 ipse

101 1317 141 1349 de
156 1319 204 1350 his
218 1321 298 1351 nihil
313 1321 482 1363 intelligat,
501 1321 556 1352 sed
573 1322 713 1354 imitetur
729 1322 892 1359 duntaxat,
919 1323 1000 1354 adeo
1015 1329 1049 1354 ut
1066 1324 1124 1359 his,
1140 1323 1193 1364 qui
1207 1324 1273 1353 haee
1298 1322 1402 1352 verbis
1425 1322 1571 1352 conside-

98 1378 180 1410 rant,
198 1375 278 1404 bene
301 1374 407 1406 dicere
422 1375 576 1411 videatur,
593 1376 659 1407 sive
676 1376 716 1407 de
742 1378 873 1408 coriaria
895 1377 980 1408 dicat
1003 1378 1036 1408 in
1059 1388 1162 1414 versu,
1185 1378 1334 1419 rhythmo
1349 1382 1382 1406 et
1398 1377 1572 1412 harmonia,

99 1426 165 1459 sive
197 1427 237 1459 de
264 1439 298 1460 re
320 1429 460 1466 militari,
487 1440 543 1461 seu
567 1430 607 1461 de
632 1432 825 1472 quibuslibet
850 1432 932 1462 aliis.
954 1442 1053 1473 usque
1078 1431 1158 1463 adeo
1180 1438 1292 1462 natura
1318 1430 1453 1472 quadam
1481 1440 1572 1461 aures

100 1481 228 1523 poetica
253 1483 314 1514 ista
340 1483 533 1515 demulcent.
577 1485 722 1517 Arbitror
745 1491 850 1516 autem
876 1497 969 1517 nosse
993 1491 1037 1522 te,
1065 1487 1170 1527 qualia
1194 1485 1360 1516 videantur
1388 1485 1454 1514 hoec
1478 1494 1575 1525 opera

99 1536 277 1577 poetamm,
291 1548 364 1568 cum
379 1539 508 1570 musicae
525 1540 682 1571 coloribus
697 1541 831 1581 spoliata
844 1540 1093 1571 considerantur.
1105 1539 1394 1571 animadvertistine
1409 1548 1548 1579 unquam
1563 1539 1574 1569 ἓ

101 1589 218 1622 Οωυ.
240 1591 473 1624 Animadverti.
517 1594 574 1624 So.
598 1594 714 1625 Nonne
737 1594 869 1635 perinde
885 1605 916 1624 se
939 1595 1058 1625 habent
1081 1605 1117 1625 ac
1132 1594 1231 1625 facies
1246 1604 1354 1624 eorum
1370 1593 1424 1634 qm·
1447 1599 1576 1634 propter

98 1644 346 1677 adolescentiam
371 1647 497 1679 formosi
518 1648 622 1689 potius
643 1654 716 1680 sunt
738 1659 832 1690 quam
855 1649 995 1690 pulchri:
1021 1650 1132 1690 quales
1153 1649 1221 1679 visu
1245 1647 1428 1682 redduntur,
1446 1645 1575 1687 quando

98 1698 185 1740 ipsos
199 1700 257 1731 fios
276 1701 344 1742 ipse
368 1701 528 1732 deseruit?
575 1701 690 1734 Guu.
712 1703 863 1734 Omnino.
907 1704 963 1734 So.
988 1703 1056 1745 Age
1085 1704 1180 1745 igitur
1205 1709 1237 1733 et
1260 1704 1317 1733 hoc
1341 1700 1572 1733 animadverte.

97 1753 248 1791 imitator,
265 1755 422 1786 simulacri
437 1763 555 1793 auctor,
581 1768 647 1787 rem
669 1758 769 1799 ipsam
787 1757 1028 1800 haudquaquam
1042 1758 1204 1799 intelligit,
1222 1756 1279 1788 sed
1293 1760 1500 1797 apparentem
1522 1756 1571 1785 rei

102 1807 201 1849 ipsius
223 1809 404 1851 imaginem.
449 1810 563 1842 Grau.
586 1812 637 1843 Ita
658 1818 718 1843 est.
761 1813 817 1844 So.
840 1812 891 1843 Ne
908 1812 1129 1853 imperfectum
1143 1812 1178 1842 id
1193 1812 1426 1852 relinquamus:
1452 1808 1508 1838 sed
1531 1808 1573 1840 ad

98 1863 318 1894 sufficientiam
329 1866 590 1906 contemplemur.
613 1865 728 1897 Grau.
752 1866 862 1897 Dicas.
885 1866 940 1897 So.
966 1866 1071 1896 Pictor
1088 1867 1226 1896 habenas
1241 1865 1352 1906 pinget
1368 1874 1404 1894 ac
1422 1863 1544 1893 frenum
1559 1863 1570 1892 ?

99 1916 214 1948 Graiu.
238 1918 349 1949 Plane.
393 1919 450 1950 So.
475 1919 582 1950 Faciet
597 1926 703 1951 autem
716 1921 864 1951 coriarius
879 1921 1066 1961 aerariusque
1081 1921 1178 1950 saber.
1223 1919 1339 1950 Grau.
1363 1916 1479 1948 Valde.
1513 1917 1569 1947 So.

98 1970 252 2013 Nunquid
271 1972 431 2014 intelliget
445 1974 555 2015 pictor,
580 1975 690 2015 quales
713 1984 782 2004 esse
805 1973 923 2004 dehent
948 1975 1092 2009 habenae,
1119 1974 1211 2014 quale
1229 1972 1371 2002 frenum?
1397 1971 1446 2000 vel
1463 1980 1568 2011 neque

95 2024 164 2066 ipse
181 2025 310 2066 quidem
326 2027 434 2063 factor,
449 2027 516 2058 sive
533 2028 657 2058 aerarius
672 2028 759 2058 faber
774 2028 839 2058 sive
856 2028 1013 2064 coriarius,
1037 2027 1095 2058 sed
1109 2028 1190 2057 solus
1202 2027 1268 2062 ille,
1296 2025 1350 2067 qui
1365 2025 1412 2055 his
1426 2024 1472 2054 uti
1495 2022 1566 2060 scit,

99 2080 219 2120 eques?
253 2079 368 2112 Gru]-
393 2081 479 2112 Vera
494 2081 640 2123 loqueris.
674 2083 730 2113 So.
754 2083 803 2112 An
819 2092 880 2112 non
897 2082 980 2112 circa
995 2082 1101 2112 onmia
1116 2082 1161 2112 sic
1174 2091 1243 2111 esse
1260 2079 1421 2111 dicemus?
1447 2078 1565 2110 Grau.
1600 2124 1601 2129 1

100 2134 289 2172 Quomodo?
334 2135 388 2166 So.
413 2136 506 2167 Circa
533 2136 742 2178 quodcunque
767 2138 821 2166 has
847 2146 916 2166 esse
944 2141 1008 2166 tres
1035 2142 1138 2166 artes:
1163 2140 1317 2170 utentem,
1344 2133 1514 2163 facientem
1538 2138 1572 2163 et

98 2188 300 2220 imitantem?
347 2189 462 2220 Grau.
485 2189 592 2221 Certe.
637 2191 692 2221 So.
718 2191 823 2221 Virtus
840 2191 944 2232 igitur,
961 2190 1173 2232 pulchritudo,
1186 2188 1342 2220 rectitudo
1352 2189 1504 2229 cujusque
1520 2187 1568 2217 in-

99 2243 275 2279 strumenti,
292 2244 436 2275 animalis
452 2250 485 2275 et
505 2245 637 2276 actionis
661 2255 724 2276 non
740 2244 781 2275 ad
804 2244 891 2275 aliud
906 2245 1049 2280 refertur,
1065 2254 1159 2285 quam
1176 2243 1217 2274 ad
1240 2253 1340 2278 usum,
1357 2241 1445 2283 cujus
1469 2241 1570 2282 gratia

99 2297 306 2339 quodcunque
330 2304 378 2330 est
399 2299 517 2330 factum
538 2300 589 2330 vel
613 2300 766 2341 genitum.
811 2298 926 2330 GLAU.
950 2299 1001 2330 Ita
1025 2304 1084 2329 e2t.
1128 2299 1183 2328 So.
1208 2297 1347 2328 Necesse
1375 2296 1469 2337 igitur
1484 2305 1568 2330 eum,

101 2351 155 2392 qui
177 2352 274 2383 utitur
288 2353 403 2394 aliquo,
428 2353 650 2394 peritissimum
667 2364 746 2389 esse,
771 2359 803 2384 et
826 2354 929 2394 operis
944 2353 1054 2383 factori
1079 2352 1266 2394 significare,
1291 2351 1397 2391 qualia
1424 2351 1505 2380 bona
1520 2350 1570 2379 vel

101 2406 186 2436 mala
201 2405 277 2437 facit
290 2407 323 2437 in
349 2418 405 2437 usu
419 2407 498 2448 ejus,
515 2418 576 2448 quo
598 2408 714 2438 utitm‘:
739 2407 1004 2448 quemadmodum
1021 2407 1138 2439 tibicen
1156 2406 1302 2437 tibiarum
1315 2404 1456 2435 effectori
1473 2403 1571 2443 signi-

101 2459 184 2494 ficat,
201 2469 269 2500 quae
285 2460 370 2490 tibia»,
387 2460 428 2491 ad
442 2472 532 2492 usum
556 2462 727 2502 aptissima¹
743 2463 818 2497 sint,
843 2461 1042 2502 ordinatque,
1066 2461 1177 2502 quales
1199 2465 1342 2501 oporteat
1364 2459 1467 2488 facere.
1484 2469 1490 2486 ;
1515 2457 1571 2486 ille

101 2519 206 2544 autem
222 2513 388 2545 ministrat.
432 2515 547 2547 Gmu.
570 2515 715 2552 Quidni?
761 2516 814 2546 So.
839 2515 953 2545 Nonne
972 2516 1020 2546 hic
1036 2515 1230 2555 intelligens,
1248 2513 1287 2543 de
1305 2512 1388 2552 aptis
1403 2517 1436 2541 et
1449 2511 1570 2552 ineptis

99 2567 186 2598 tihiis
201 2568 387 2608 pronunciat
403 2569 494 2599 alteri
508 2570 517 2598 ?
535 2569 589 2600 ille
606 2580 680 2600 vero
689 2569 821 2600 credens
835 2569 953 2600 eflicit?
1000 2569 1027 2600 G
1038 2579 1075 2599 LA
1083 2579 1115 2598 u.
1140 2568 1251 2599 Plane.
1296 2567 1351 2597 So.
1377 2565 1470 2596 Circa
1482 2564 1569 2596 idem

99 2620 192 2662 igitur
206 2622 446 2652 instrumentum
462 2622 561 2653 factor
583 2623 712 2664 quidem
737 2630 854 2654 rectam
872 2625 966 2654 habet
982 2623 1074 2653 iidem
1100 2622 1139 2653 dc
1157 2620 1389 2663 pulchritudine
1417 2625 1450 2650 et
1465 2620 1568 2661 pravi-

99 2680 175 2711 tate,
201 2675 298 2718 [602]
323 2676 487 2707 udhaerens
502 2676 695 2718 intelligenti
707 2684 896 2719 coactusque
913 2679 951 2708 ab
967 2678 1167 2718 intelligente
1195 2674 1322 2706 audire:
1349 2680 1441 2705 utens
1463 2680 1570 2704 autem

98 2728 272 2760 scientiam.
318 2730 433 2761 Grau.
459 2731 595 2761 Prorsus.
640 2731 695 2761 So.
721 2731 861 2763 Imitator
883 2738 988 2762 autem
1013 2741 1089 2762 num
1115 2729 1242 2760 habebit
1267 2729 1431 2759 scientium
1447 2738 1484 2758 ex
1513 2738 1570 2757 usu

102 2792 220 2819 eorum,
243 2794 312 2824 quae
329 2784 441 2825 pingit,
458 2793 561 2815 utrum
578 2785 708 2825 pulchra
723 2786 785 2816 sint
801 2792 833 2817 et
847 2792 935 2817 recta
953 2787 1001 2815 vel
1014 2785 1146 2816 contra?
1171 2784 1221 2814 vel
1243 2783 1427 2824 opinionem
1448 2788 1567 2812 rectam

101 2844 138 2865 ex
154 2846 203 2872 eo,
225 2837 309 2877 quod
333 2838 508 2869 necessario
524 2839 717 2880 intelligenti
742 2839 911 2876 adhaereat,
935 2841 1165 2879 instmaturque
1189 2840 1228 2868 ab
1245 2847 1293 2873 eo,
1310 2837 1416 2878 qualia
1433 2846 1565 2876 qua·un

99 2889 257 2930 pingenda
270 2891 331 2921 sint
346 2893 356 2921 ‚²
403 2891 517 2923 GLAU.
541 2893 708 2923 Neutrum.
753 2894 810 2924 So.
833 2894 917 2934 Ergo
931 2904 1035 2934 neque
1051 2893 1210 2932 intelliget
1225 2902 1327 2932 neque
1344 2898 1429 2921 recte
1454 2890 1563 2929 opina-

96 2942 179 2974 bitur
193 2943 328 2974 imitator
352 2945 433 2976 circa
448 2956 564 2983 eorum,
582 2957 650 2988 quae
664 2947 811 2984 imitatur,
827 2947 1093 2989 pulchritudinem
1107 2947 1159 2978 vel
1181 2945 1388 2978 contrarium?
1439 2944 1554 2974 Grau.

196 2998 284 3028 Plat.
322 2999 376 3030 Tr.
899 3003 944 3035 Il,
1423 3002 1442 3029 2
1472 2997 1491 3026 F
