1840 3225
156 203 252 253 823]
577 202 650 240 DE
684 200 912 240 LEGIBUS
943 202 1046 244 LlB.
1073 202 1162 240 VII.
1525 205 1599 241 381

154 312 239 343 sunt,
252 316 321 349 quae
337 306 510 348 junioribus
524 305 703 347 civibusque
719 304 833 335 nostris
848 304 887 335 de
903 304 976 335 Diis
991 305 1167 337 cmlestibus
1180 316 1278 347 usque
1290 306 1370 337 adeo
1383 305 1518 337 dicenda
1532 317 1606 338 cen-

156 372 221 397 seo,
242 367 277 392 ut
303 362 335 392 in
355 373 409 392 eos
430 361 590 402 profanum
606 361 683 391 nihil
699 360 874 401 loquantur,
891 359 945 389 sed
961 360 1163 391 sacrificando
1178 361 1291 401 pieque
1308 361 1447 392 vovendo
1463 361 1608 392 laudibus

155 426 281 457 semper
306 417 469 446 honorent.
514 414 590 445 CLr.
614 415 748 445 Rectum
763 414 889 454 quidem
906 414 975 449 hoc,
997 415 1024 444 si
1038 414 1130 445 modo
1144 415 1290 455 possibile
1303 416 1434 456 primum
1449 421 1508 451 est,
1525 415 1609 456 quod

157 469 249 506 dicis,
275 470 449 510 perdiscere
468 481 475 500 ε
501 468 627 504 deinde,
656 468 778 499 etiamsi
804 468 903 498 minus
929 474 1013 498 recte
1040 468 1078 499 de
1101 469 1149 499 his
1166 480 1248 499 nunc
1263 470 1429 510 loquimur,
1444 476 1609 510 postquam

156 534 230 554 vero
247 524 457 559 didicerimus,
477 528 561 554 recte
578 524 750 563 loquemur.
773 523 808 557 si,
824 522 961 562 inquam,
976 522 1021 552 ita
1037 528 1094 559 est,
1110 534 1169 564 ego
1186 534 1310 564 quoqne
1326 524 1422 554 talem
1438 524 1608 554 doctrinam

155 584 284 609 eatenus
310 577 492 609 discendam
520 587 588 607 esse
615 576 765 607 concedo.
786 577 853 606 haec
878 576 972 616 igitur
999 576 1044 607 ita
1074 587 1106 607 se
1137 577 1261 612 habere,
1291 587 1403 607 conare
1428 583 1460 607 tu
1481 577 1611 618 quidem

154 631 322 673 diligenter
336 641 492 673 exponere
506 643 512 661 :
536 642 592 662 nos
606 642 679 661 vero
695 631 855 662 audiemus
871 635 963 671 atque
979 630 1144 661 discemus.
1189 631 1327 662 ATHEN.
1350 631 1425 661 Non
1442 637 1486 662 est
1505 632 1611 668 facile,

156 686 241 727 quod
254 687 334 722 dico,
349 686 522 727 percipere,
532 686 591 716 nec
603 695 707 716 rursus
719 685 845 715 difficile
860 696 866 714 z
890 695 949 715 nec
958 686 1061 726 longo,
1075 690 1109 715 ut
1122 685 1317 720 discutiatur,
1329 684 1451 725 indiget
1462 690 1613 726 tempore.

154 740 244 781 cujus
268 740 389 780 signum
414 745 473 776 est,
490 739 574 780 quod
590 739 655 780 ipse
670 750 730 770 nec
745 749 846 780 nuper
861 749 920 769 nec
931 739 998 780 jam
1012 740 1084 770 olim
1102 739 1221 778 audivi,
1237 744 1270 768 et
1285 749 1367 769 nunc
1387 739 1420 769 iu
1437 738 1522 770 brevi
1533 744 1612 769 tem-

154 804 228 835 pore
255 793 427 835 significare
453 794 541 824 vobis
566 804 703 835 possum.
738 804 808 834 quae
833 799 939 823 tamen
967 793 993 823 si
1019 792 1157 823 difficilia
1180 793 1306 833 penitus
1331 797 1447 828 essent,
1473 802 1532 823 nec
1553 802 1612 833 ego

155 847 311 878 declarare
338 859 396 879 nec
419 859 475 879 vos
490 848 652 889 percipere
669 848 700 878 in
714 848 772 878 hac
788 852 879 878 aetate
894 847 1038 888 possetis.
1086 847 1163 878 Cm.
1186 847 1270 878 Vera
1285 846 1374 878 dicis.
1395 847 1450 877 sed
1471 856 1614 887 quaenam

156 901 224 932 haec
249 907 298 932 est
322 901 476 938 doctrina,
502 912 595 942 qnam
620 901 795 932 mirabilem
815 912 882 931 esse
903 901 982 932 dicis
1004 907 1035 932 et
1055 901 1226 943 junioribus
1241 901 1449 932 necessariam
1464 901 1616 941 nobisque

154 955 318 996 ignotam?
345 954 442 997 [822]
467 965 578 986 conare
605 955 796 995 apertissime
812 954 896 986 istud
917 956 1092 986 ostendere.
1136 954 1274 986 ATHEN.
1297 954 1443 986 Conabor
1457 954 1616 996 equidem.

157 1019 222 1039 non
248 1015 309 1045 est,
333 1020 352 1040 ο
379 1009 436 1039 viri
462 1009 584 1049 optimi,
607 1019 679 1039 vera
705 1009 772 1040 haec
795 1009 835 1039 de
862 1009 928 1039 sole
950 1014 982 1039 et
1007 1009 1081 1039 luna
1095 1009 1268 1050 ceterisque
1284 1009 1385 1039 stellis
1399 1008 1517 1050 opinio,
1533 1008 1618 1050 quod

157 1072 296 1104 unquam
323 1068 496 1105 pererrent:
522 1062 579 1094 sed
608 1068 716 1094 contra
737 1073 769 1094 se
784 1073 835 1094 res
854 1063 958 1094 habet.
982 1073 1078 1093 unum
1092 1063 1178 1093 enim
1192 1063 1324 1105 quodvis
1337 1063 1458 1094 illorum
1475 1063 1544 1099 iter,
1557 1073 1621 1094 non

158 1117 268 1154 multa,
285 1117 400 1149 circulo
415 1118 554 1159 peragit:
581 1117 720 1158 quamvis
736 1117 875 1148 videatur
890 1128 946 1159 per
962 1117 1057 1149 multa
1070 1116 1154 1148 ferri.
1169 1118 1252 1158 quod
1268 1118 1382 1148 veroin
1399 1117 1444 1147 eis
1459 1117 1622 1148 velocissi-

160 1182 245 1202 mum
272 1176 330 1208 est,
355 1183 420 1203 non
440 1178 525 1203 recte
540 1171 758 1207 tardissimum,
773 1177 807 1203 et
821 1177 928 1203 contra
944 1173 1130 1204 contrarium
1144 1171 1320 1213 judicamus
1338 1183 1345 1202 :
1369 1181 1563 1212 peccareque
1577 1170 1623 1201 ita

160 1225 328 1266 opinantes
354 1232 453 1268 patet.
477 1236 551 1257 nam
565 1227 590 1256 si
606 1226 637 1256 in
657 1225 825 1268 Olympico
841 1225 916 1257 ludo
931 1237 1020 1257 cursu
1037 1230 1190 1256 certantes
1205 1230 1428 1266 spectaremus,
1444 1230 1477 1255 et
1492 1224 1623 1256 velocis·

159 1280 269 1310 simum
308 1281 495 1317 tardissime,
523 1280 735 1311 tardissimum
759 1280 954 1312 velocissime
981 1291 1103 1311 currere
1132 1280 1384 1321 praedica1·emus,
1416 1279 1622 1319 laudibusque

158 1333 270 1365 vicisse
295 1335 412 1366 victum
432 1345 622 1371 caneremus,
646 1344 712 1364 non
736 1334 910 1374 placerent,
933 1338 968 1365 ut
992 1334 1130 1369 arbitror,
1161 1333 1269 1365 laudes
1292 1339 1406 1363 nostrae
1435 1332 1623 1363 cursoribus-

158 1397 243 1420 nunc
257 1399 328 1419 vero
340 1399 412 1419 cum
427 1389 467 1419 de
484 1388 558 1419 Diis
573 1388 714 1419 similiter
726 1398 904 1428 peccemus,
920 1398 1023 1419 nonne
1040 1387 1164 1418 ridiculi
1179 1396 1284 1418 sumus
1309 1386 1512 1427 similiterque
1535 1385 1625 1415 aber-

158 1451 263 1473 ramus
278 1449 389 1474 arecto
405 1443 416 1474 ?
463 1443 539 1475 Cm.
562 1442 703 1474 Ridiculi
714 1442 842 1484 quidem
856 1441 944 1473 nullo
956 1447 1059 1484 pacto.
1094 1443 1235 1473 ΑΤΗΕΝ.
1252 1441 1366 1482 Neque
1382 1445 1488 1471 tamen
1502 1439 1627 1480 accepti

161 1496 244 1532 Deo,
260 1497 336 1528 dum
347 1498 428 1529 falsa
441 1498 481 1529 de
495 1498 572 1538 ipsis
587 1497 738 1528 canimus.
784 1496 862 1528 Crrr.
885 1497 918 1527 Si
933 1497 1000 1528 haec
1014 1497 1060 1527 ita
1074 1506 1107 1527 se
1123 1496 1250 1531 habent,
1265 1505 1337 1525 vera
1353 1493 1441 1525 dicis.
1483 1493 1624 1524 Arnen.

162 1549 260 1591 Atqui
274 1551 299 1581 si
312 1551 356 1581 ita
370 1551 484 1582 habere
501 1562 533 1581 se
549 1550 784 1586 ostenderimus,
801 1549 954 1581 discenda
969 1560 1067 1591 usque
1084 1550 1164 1581 adeo
1179 1550 1247 1579 haec
1263 1548 1369 1579 omnia
1386 1560 1392 1577 :
1417 1548 1467 1579 sin
1482 1548 1622 1583 minime,

164 1603 351 1635 dimittenda
369 1617 376 1634 :
411 1605 562 1646 nobisque
586 1605 635 1635 ita
663 1604 702 1636 de
731 1605 779 1635 his
807 1615 992 1635 concessum
1020 1605 1070 1635 sit.
1115 1604 1192 1636 CLr.
1215 1603 1357 1634 Prorsus.
1401 1601 1540 1633 Arnim.
1563 1601 1626 1633 Sed

164 1658 306 1689 instituta
316 1659 381 1701 jam
408 1659 448 1690 de
475 1659 686 1690 doctrinarum
713 1658 882 1699 disciplina
897 1659 993 1689 finem
1007 1658 1156 1689 habeant.
1180 1657 1221 1687 de
1237 1662 1355 1688 venatu
1370 1661 1475 1686 autem
1489 1655 1630 1686 similiter

160 1712 378 1755 judicandum,
402 1724 439 1745 ac
467 1713 507 1744 de
534 1713 708 1756 hujusmodi
732 1713 886 1744 omnibus.
909 1713 1031 1743 videtur
1054 1712 1137 1742 enirn
1163 1711 1376 1752 legumlatoris
1404 1710 1540 1740 officium
1564 1719 1628 1740 non

166 1767 263 1797 solum
287 1768 346 1798 hoc
371 1777 448 1803 esse,
475 1774 509 1798 ut
533 1769 621 1809 leges
644 1768 830 1803 conscribat,
858 1767 915 1798 sed
942 1767 1037 1797 etiam
1064 1772 1099 1796 ut
1124 1765 1228 1796 medio
1252 1769 1356 1795 utatur
1372 1764 1437 1800 illo,
1452 1764 1535 1804 quod
1550 1764 1631 1794 inter

167 1821 413 1852 admonitionem
437 1827 485 1853 est
505 1827 537 1852 et
560 1822 656 1863 leges,
680 1832 741 1863 quo
764 1826 797 1852 et
819 1831 876 1852 nos
886 1821 999 1862 saepius
1010 1821 1058 1851 usi
1070 1830 1185 1855 sumus,
1198 1819 1369 1860 praesertim
1382 1829 1452 1849 cum
1464 1819 1503 1848 de
1516 1817 1630 1848 educa-

166 1874 252 1906 tione
273 1875 441 1906 infantium
466 1876 672 1918 loqueremur.
696 1887 770 1907 nam
801 1876 833 1906 in
861 1877 919 1906 hac
935 1885 968 1906 re
985 1875 1083 1905 multa
1097 1884 1166 1904 esse
1181 1873 1327 1908 diximus,
1344 1883 1413 1914 quae
1429 1882 1492 1902 non
1507 1872 1553 1902 ita
1568 1871 1632 1903 dici

167 1934 308 1970 possunt,
344 1934 378 1960 ut
413 1931 499 1971 leges
539 1930 578 1961 de
616 1930 690 1972 ipsis
723 1935 878 1972 ponantur
893 1941 899 1958 :
924 1929 1020 1970 idque
1053 1933 1173 1959 tentare
1202 1927 1358 1958 dementis
1387 1937 1465 1957 esse.
1488 1925 1533 1956 ita
1560 1936 1632 1957 vero

168 1983 350 2024 conscriptis
374 1983 494 2024 legibus
521 1989 554 2014 et
570 1985 729 2026 republica
745 1985 927 2019 constituta,
942 1993 1006 2013 non
1023 1987 1072 2013 est
1086 1982 1264 2024 praestantis
1280 1981 1390 2011 virtute
1405 1981 1482 2012 civis
1496 1981 1634 2022 perfecta

170 2035 249 2073 laus,
277 2048 339 2079 qua
361 2037 487 2074 dicitur,
515 2048 586 2068 eum
607 2038 723 2069 bonum
744 2048 812 2068 esse
829 2038 940 2078 civem,
956 2037 1009 2087 qui
1024 2037 1146 2078 legibus
1158 2047 1249 2077 quam
1267 2036 1385 2077 optime
1402 2034 1587 2066 ministravit
1603 2038 1637 2065 et

169 2101 263 2133 quam
286 2091 421 2123 maxime
447 2093 568 2134 paruit:
593 2092 650 2123 sed
676 2092 846 2134 perfectior
869 2093 926 2123 illa.
948 2097 1007 2128 est,
1034 2102 1108 2123 eum
1135 2101 1204 2121 esse
1222 2091 1327 2126 talem,
1345 2090 1399 2131 qui
1413 2089 1637 2130 legumlatoris,

173 2145 260 2187 leges
274 2146 414 2183 ferentis,
430 2152 462 2178 et
476 2146 634 2178 laudantis
647 2147 930 2188 vituperantisque,
943 2146 1069 2187 scriptis
1083 2145 1211 2176 omnino
1228 2155 1285 2186 per
1301 2149 1397 2175 totam
1414 2144 1509 2174 vitam
1527 2143 1639 2184 paruit.

170 2198 269 2243 [823]
294 2201 360 2232 haec
385 2201 462 2232 civis
486 2202 647 2243 praecipua
673 2202 742 2232 laus
766 2206 825 2232 est.
846 2211 960 2242 nempe
987 2204 1122 2242 oportet,
1150 2205 1186 2231 ut
1212 2199 1294 2240 legis
1310 2198 1454 2231 conditor
1471 2198 1557 2239 leges
1572 2207 1637 2228 non

170 2254 271 2285 solum
281 2255 468 2292 conscribat,
481 2255 539 2287 sed
552 2256 645 2287 etiam
661 2256 905 2287 declarationem
920 2254 1079 2296 quandam
1093 2254 1142 2284 his
1156 2253 1308 2295 adjungat
1324 2264 1331 2282 :
1355 2262 1430 2294 qua,
1442 2263 1510 2293 quae
1524 2252 1639 2282 hones-

174 2311 206 2337 ta
222 2309 361 2350 turpiave
377 2310 434 2340 sibi
451 2309 605 2347 videntur,
619 2310 789 2352 significet.
811 2310 910 2341 civem
927 2319 1050 2351 quoque
1067 2318 1221 2339 summum
1234 2311 1359 2349 oportet
1373 2317 1437 2337 non
1446 2307 1546 2337 minus
1559 2306 1641 2342 haec,

173 2370 268 2402 quam
283 2372 351 2404 quae
366 2364 485 2394 mulcta
497 2364 643 2405 imposita
657 2375 676 2395 a
691 2364 810 2406 legibus
825 2364 973 2394 mandata
986 2363 1114 2399 fuerint,
1131 2363 1312 2393 observare.
1336 2359 1377 2392 ad
1393 2361 1452 2391 hoc
1474 2369 1548 2390 vero
1561 2369 1642 2396 rem,

174 2425 237 2456 qua
259 2415 298 2447 de
311 2417 421 2458 agitur,
437 2418 526 2459 quasi
538 2423 652 2449 testem
665 2417 862 2451 adducimus.
877 2418 979 2460 magis
992 2417 1088 2454 enim,
1103 2416 1186 2458 quod
1202 2416 1356 2452 volumus,
1372 2414 1483 2455 aperit.
1500 2423 1642 2445 venatus»

175 2470 262 2501 enim
275 2481 324 2501 res
337 2470 428 2502 latior
441 2479 500 2508 est,
513 2472 642 2503 nomine
658 2482 719 2503 uno
743 2473 981 2514 comprehensa:
1011 2472 1093 2503 alius
1108 2471 1334 2512 aquaticorum,
1359 2468 1441 2500 alius
1455 2461 1642 2504 volatilium,

177 2524 255 2554 alius
282 2525 472 2566 pedestrium
487 2536 494 2554 ι
528 2536 587 2557 nec
614 2525 745 2557 ferarum
771 2527 882 2563 solum,
900 2537 1008 2558 verum
1037 2526 1133 2557 etiam
1160 2524 1322 2555 hominum
1336 2534 1342 2552 z
1378 2522 1549 2562 horumque
1578 2531 1643 2552 non

176 2579 307 2611 bellicus
332 2580 558 2617 tantummodo,
585 2590 689 2611 verum
717 2579 813 2611 etiam
839 2581 894 2623 qui
918 2591 973 2622 per
994 2580 1188 2611 amicitiam:
1213 2583 1246 2608 et
1267 2577 1347 2608 alius
1360 2576 1489 2618 quidem
1504 2575 1643 2607 laudem.

179 2633 258 2664 alius
282 2633 551 2675 vituperationem
578 2634 683 2666 habet.
704 2635 822 2676 rapinae
849 2645 972 2676 quoque
1000 2635 1156 2666 latronum
1171 2637 1401 2673 castrorumque
1417 2635 1548 2662 venatus
1562 2634 1644 2661 sunt.

179 2687 392 2724 Quamobrem
417 2689 471 2730 qui
495 2689 536 2719 de
566 2693 681 2720 venatu
709 2688 796 2730 leges
822 2694 871 2720 est
886 2689 1076 2724 conditurus,
1092 2697 1151 2719 nec
1163 2687 1221 2718 ista
1238 2685 1394 2727 praeterire
1410 2689 1525 2726 potest,
1541 2694 1643 2725 neque

178 2740 310 2782 singulis
336 2742 446 2773 ordine
474 2747 559 2774 certo
581 2748 676 2785 atque
704 2743 820 2774 mulcta
846 2743 982 2775 minaces
1012 2743 1099 2784 leges
1127 2742 1300 2782 imponere.
1324 2739 1402 2781 quid
1428 2749 1502 2780 ergo
1533 2737 1572 2768 de
1598 2738 1646 2768 his

180 2794 360 2828 faciendum
381 2797 453 2830 est?
482 2803 616 2839 oportet,
644 2804 679 2830 ut
706 2798 876 2839 legislator,
900 2809 970 2840 quae
996 2798 1030 2828 in
1058 2796 1224 2828 venatione
1240 2794 1399 2826 laudanda
1417 2798 1499 2829 sunt,
1516 2792 1644 2823 laudet:

179 2859 248 2889 quae
264 2856 380 2888 contra,
396 2851 564 2894 vituperet,
581 2851 621 2883 ad
633 2852 811 2894 juventutis
831 2852 1097 2884 exercitationem.
1107 2850 1241 2892 juvenes
1253 2854 1368 2884 autem,
1381 2857 1451 2879 cum
1461 2845 1648 2879 audiverint,

176 2901 223 2934 ita
240 2914 346 2945 parere
361 2905 488 2943 debent,
506 2912 540 2938 ut
558 2917 617 2939 nec
649 2907 754 2939 labore
769 2917 828 2940 nec
844 2907 1004 2949 voluptate
1021 2904 1154 2941 revocati
1168 2904 1258 2939 aliter
1272 2902 1402 2940 faciant,
1415 2898 1645 2943 quamlegisla-
