<?xml version="1.0" encoding="UTF-8"?>
<!DOCTYPE html PUBLIC "-//W3C//DTD XHTML 1.0 Transitional//EN"
    "http://www.w3.org/TR/xhtml1/DTD/xhtml1-transitional.dtd">
<html xmlns="http://www.w3.org/1999/xhtml" xml:lang="en" lang="en">
 <head>
  <title>
</title>
<meta http-equiv="Content-Type" content="text/html;charset=utf-8" />
  <meta name='ocr-system' content='tesseract 3.04.00' />
  <meta name='ocr-capabilities' content='ocr_page ocr_carea ocr_par ocr_line ocrx_word'/>
</head>
<body>
  <div class='ocr_page' id='page_1' title='image "./platonisetquaeve11plat_0093.png"; bbox 0 0 1840 3225; ppageno 0'>
   <div class='ocr_carea' id='block_1_1' title="bbox 137 255 1598 308">
    <p class='ocr_par' dir='ltr' id='par_1_1' title="bbox 137 255 1598 308">
     <span class='ocr_line' id='line_1_1' title="bbox 137 255 1598 308; baseline -0.006 -12"><span class='ocrx_word' id='word_1_1' title='bbox 137 258 234 308; x_wconf 83' lang='lat'>302]</span> <span class='ocrx_word' id='word_1_2' title='bbox 661 255 880 293; x_wconf 83' lang='lat' dir='ltr'>HlPPIAS</span> <span class='ocrx_word' id='word_1_3' title='bbox 912 255 1114 293; x_wconf 77' lang='lat' dir='ltr'>MAJost.</span> <span class='ocrx_word' id='word_1_4' title='bbox 1550 255 1598 289; x_wconf 64' lang='lat'>757</span> 
     </span>
    </p>
   </div>
   <div class='ocr_carea' id='block_1_2' title="bbox 133 357 1607 2986">
    <p class='ocr_par' dir='ltr' id='par_1_2' title="bbox 133 357 1607 2986">
     <span class='ocr_line' id='line_1_2' title="bbox 134 357 1597 401; baseline -0.002 -11"><span class='ocrx_word' id='word_1_5' title='bbox 134 360 346 401; x_wconf 76' lang='lat' dir='ltr'>industriaque</span> <span class='ocrx_word' id='word_1_6' title='bbox 364 361 517 391; x_wconf 82' lang='lat' dir='ltr'>deludas:</span> <span class='ocrx_word' id='word_1_7' title='bbox 543 360 622 390; x_wconf 79' lang='lat' dir='ltr'>adeo</span> <span class='ocrx_word' id='word_1_8' title='bbox 651 358 724 388; x_wconf 86' lang='lat' dir='ltr'>mihi</span> <span class='ocrx_word' id='word_1_9' title='bbox 754 358 851 388; x_wconf 83' lang='lat' dir='ltr'>multa</span> <span class='ocrx_word' id='word_1_10' title='bbox 874 358 1027 388; x_wconf 83' lang='lat' dir='ltr'>videntur.</span> <span class='ocrx_word' id='word_1_11' title='bbox 1075 357 1154 388; x_wconf 64' lang='lat' dir='ltr'>Hrr‘.</span> <span class='ocrx_word' id='word_1_12' title='bbox 1178 357 1280 388; x_wconf 83' lang='lat' dir='ltr'>Nemo</span> <span class='ocrx_word' id='word_1_13' title='bbox 1305 357 1425 398; x_wconf 78' lang='lat' dir='ltr'>melius,</span> <span class='ocrx_word' id='word_1_14' title='bbox 1441 369 1533 398; x_wconf 79' lang='lat' dir='ltr'>quam</span> <span class='ocrx_word' id='word_1_15' title='bbox 1553 364 1597 393; x_wconf 76' lang='lat' dir='ltr'>tu,</span> 
     </span>
     <span class='ocr_line' id='line_1_3' title="bbox 135 411 1597 455; baseline 0 -13"><span class='ocrx_word' id='word_1_16' title='bbox 135 413 301 455; x_wconf 75' lang='lat' dir='ltr'>intelliget,</span> <span class='ocrx_word' id='word_1_17' title='bbox 317 415 469 450; x_wconf 78' lang='lat' dir='ltr'>Socrates,</span> <span class='ocrx_word' id='word_1_18' title='bbox 487 418 586 443; x_wconf 84' lang='lat' dir='ltr'>utrum</span> <span class='ocrx_word' id='word_1_19' title='bbox 599 412 700 453; x_wconf 73' lang='lat' dir='ltr'>jocor,</span> <span class='ocrx_word' id='word_1_20' title='bbox 713 422 826 451; x_wconf 85' lang='lat' dir='ltr'>necne,</span> <span class='ocrx_word' id='word_1_21' title='bbox 842 411 866 441; x_wconf 86' lang='lat' dir='ltr'>si</span> <span class='ocrx_word' id='word_1_22' title='bbox 882 411 953 446; x_wconf 89' lang='lat' dir='ltr'>ista,</span> <span class='ocrx_word' id='word_1_23' title='bbox 967 421 1037 451; x_wconf 82' lang='lat' dir='ltr'>quae</span> <span class='ocrx_word' id='word_1_24' title='bbox 1052 411 1107 441; x_wconf 84' lang='lat' dir='ltr'>tibi</span> <span class='ocrx_word' id='word_1_25' title='bbox 1122 417 1300 447; x_wconf 84' lang='lat' dir='ltr'>occurrunt,</span> <span class='ocrx_word' id='word_1_26' title='bbox 1315 413 1446 453; x_wconf 79' lang='lat' dir='ltr'>proferre</span> <span class='ocrx_word' id='word_1_27' title='bbox 1457 412 1597 452; x_wconf 61' lang='lat' dir='ltr'>eal-peris.</span> 
     </span>
     <span class='ocr_line' id='line_1_4' title="bbox 133 464 1596 507; baseline -0.001 -11"><span class='ocrx_word' id='word_1_28' title='bbox 133 467 208 497; x_wconf 81' lang='lat' dir='ltr'>nihil</span> <span class='ocrx_word' id='word_1_29' title='bbox 226 468 309 498; x_wconf 86' lang='lat' dir='ltr'>enirn</span> <span class='ocrx_word' id='word_1_30' title='bbox 323 469 426 499; x_wconf 83' lang='lat' dir='ltr'>dicere</span> <span class='ocrx_word' id='word_1_31' title='bbox 449 466 615 504; x_wconf 79' lang='lat' dir='ltr'>videberis,</span> <span class='ocrx_word' id='word_1_32' title='bbox 631 466 779 506; x_wconf 86' lang='lat' dir='ltr'>quoniam</span> <span class='ocrx_word' id='word_1_33' title='bbox 797 475 956 506; x_wconf 88' lang='lat' dir='ltr'>nunquam</span> <span class='ocrx_word' id='word_1_34' title='bbox 969 464 1114 506; x_wconf 81' lang='lat' dir='ltr'>reperies,</span> <span class='ocrx_word' id='word_1_35' title='bbox 1131 467 1215 506; x_wconf 89' lang='lat' dir='ltr'>quod</span> <span class='ocrx_word' id='word_1_36' title='bbox 1232 477 1289 496; x_wconf 86' lang='lat' dir='ltr'>nec</span> <span class='ocrx_word' id='word_1_37' title='bbox 1304 477 1363 506; x_wconf 85' lang='lat' dir='ltr'>ego</span> <span class='ocrx_word' id='word_1_38' title='bbox 1380 467 1480 507; x_wconf 80' lang='lat' dir='ltr'>patiar</span> <span class='ocrx_word' id='word_1_39' title='bbox 1496 477 1596 506; x_wconf 64' lang='lat' dir='ltr'>nequ(-</span> 
     </span>
     <span class='ocr_line' id='line_1_5' title="bbox 134 518 1595 563; baseline -0.003 -11"><span class='ocrx_word' id='word_1_40' title='bbox 134 526 181 556; x_wconf 77' lang='lat' dir='ltr'>lu,</span> <span class='ocrx_word' id='word_1_41' title='bbox 198 523 305 552; x_wconf 89' lang='lat' dir='ltr'>ambos</span> <span class='ocrx_word' id='word_1_42' title='bbox 323 521 454 563; x_wconf 79' lang='lat' dir='ltr'>perpeti.</span> <span class='ocrx_word' id='word_1_43' title='bbox 499 520 554 551; x_wconf 91' lang='lat' dir='ltr'>So.</span> <span class='ocrx_word' id='word_1_44' title='bbox 578 520 748 557; x_wconf 84' lang='lat' dir='ltr'>Quomodo</span> <span class='ocrx_word' id='word_1_45' title='bbox 777 519 893 560; x_wconf 80' lang='lat' dir='ltr'>inquis,</span> <span class='ocrx_word' id='word_1_46' title='bbox 920 518 1062 560; x_wconf 88' lang='lat' dir='ltr'>Hippia?</span> <span class='ocrx_word' id='word_1_47' title='bbox 1086 518 1165 549; x_wconf 83' lang='lat' dir='ltr'>forte</span> <span class='ocrx_word' id='word_1_48' title='bbox 1192 525 1223 548; x_wconf 83' lang='lat' dir='ltr'>tu</span> <span class='ocrx_word' id='word_1_49' title='bbox 1252 519 1370 560; x_wconf 83' lang='lat' dir='ltr'>aliquid</span> <span class='ocrx_word' id='word_1_50' title='bbox 1399 520 1488 555; x_wconf 90' lang='lat' dir='ltr'>dicis,</span> <span class='ocrx_word' id='word_1_51' title='bbox 1511 520 1595 559; x_wconf 78' lang='lat' dir='ltr'>quod</span> 
     </span>
     <span class='ocr_line' id='line_1_6' title="bbox 133 572 1599 616; baseline -0.003 -10"><span class='ocrx_word' id='word_1_52' title='bbox 133 586 192 616; x_wconf 79' lang='lat' dir='ltr'>ego</span> <span class='ocrx_word' id='word_1_53' title='bbox 209 576 309 606; x_wconf 90' lang='lat' dir='ltr'>minus</span> <span class='ocrx_word' id='word_1_54' title='bbox 335 575 486 616; x_wconf 84' lang='lat' dir='ltr'>intelligo.</span> <span class='ocrx_word' id='word_1_55' title='bbox 510 585 614 605; x_wconf 88' lang='lat' dir='ltr'>verum</span> <span class='ocrx_word' id='word_1_56' title='bbox 642 574 784 605; x_wconf 83' lang='lat' dir='ltr'>ausculta</span> <span class='ocrx_word' id='word_1_57' title='bbox 807 584 879 611; x_wconf 82' lang='lat' dir='ltr'>rne3</span> <span class='ocrx_word' id='word_1_58' title='bbox 903 573 989 614; x_wconf 90' lang='lat' dir='ltr'>quod</span> <span class='ocrx_word' id='word_1_59' title='bbox 1012 573 1124 609; x_wconf 76' lang='lat' dir='ltr'>sentio,</span> <span class='ocrx_word' id='word_1_60' title='bbox 1150 573 1274 613; x_wconf 87' lang='lat' dir='ltr'>planius</span> <span class='ocrx_word' id='word_1_61' title='bbox 1297 573 1469 613; x_wconf 80' lang='lat' dir='ltr'>explicabo.</span> <span class='ocrx_word' id='word_1_62' title='bbox 1517 572 1599 602; x_wconf 71' lang='lat' dir='ltr'>Mihi</span> 
     </span>
     <span class='ocr_line' id='line_1_7' title="bbox 136 627 1599 670; baseline -0.002 -12"><span class='ocrx_word' id='word_1_63' title='bbox 136 629 261 669; x_wconf 87' lang='lat' dir='ltr'>quidem</span> <span class='ocrx_word' id='word_1_64' title='bbox 289 629 423 666; x_wconf 87' lang='lat' dir='ltr'>videtur,</span> <span class='ocrx_word' id='word_1_65' title='bbox 449 629 534 670; x_wconf 89' lang='lat' dir='ltr'>quod</span> <span class='ocrx_word' id='word_1_66' title='bbox 560 638 663 669; x_wconf 87' lang='lat' dir='ltr'>neque</span> <span class='ocrx_word' id='word_1_67' title='bbox 686 627 841 668; x_wconf 80' lang='lat' dir='ltr'>contingit</span> <span class='ocrx_word' id='word_1_68' title='bbox 865 638 913 657; x_wconf 89' lang='lat' dir='ltr'>me</span> <span class='ocrx_word' id='word_1_69' title='bbox 940 636 1019 662; x_wconf 89' lang='lat' dir='ltr'>esse,</span> <span class='ocrx_word' id='word_1_70' title='bbox 1043 636 1145 667; x_wconf 85' lang='lat' dir='ltr'>neque</span> <span class='ocrx_word' id='word_1_71' title='bbox 1170 637 1251 666; x_wconf 80' lang='lat' dir='ltr'>sum,</span> <span class='ocrx_word' id='word_1_72' title='bbox 1268 637 1369 667; x_wconf 86' lang='lat' dir='ltr'>neque</span> <span class='ocrx_word' id='word_1_73' title='bbox 1394 632 1426 656; x_wconf 91' lang='lat' dir='ltr'>tu</span> <span class='ocrx_word' id='word_1_74' title='bbox 1451 627 1599 662; x_wconf 52' lang='lat' dir='ltr'>similia-r,</span> 
     </span>
     <span class='ocr_line' id='line_1_8' title="bbox 136 679 1598 723; baseline -0.001 -12"><span class='ocrx_word' id='word_1_75' title='bbox 136 683 196 714; x_wconf 86' lang='lat' dir='ltr'>hoc</span> <span class='ocrx_word' id='word_1_76' title='bbox 224 683 331 713; x_wconf 87' lang='lat' dir='ltr'>ambos</span> <span class='ocrx_word' id='word_1_77' title='bbox 361 682 427 723; x_wconf 79' lang='lat' dir='ltr'>pati</span> <span class='ocrx_word' id='word_1_78' title='bbox 457 693 514 713; x_wconf 89' lang='lat' dir='ltr'>nos</span> <span class='ocrx_word' id='word_1_79' title='bbox 544 692 636 723; x_wconf 88' lang='lat' dir='ltr'>posse</span> <span class='ocrx_word' id='word_1_80' title='bbox 651 694 658 712; x_wconf 78' lang='lat' dir='ltr'><strong><em>z</em></strong></span> <span class='ocrx_word' id='word_1_81' title='bbox 690 682 765 712; x_wconf 84' lang='lat' dir='ltr'>item</span> <span class='ocrx_word' id='word_1_82' title='bbox 793 681 867 721; x_wconf 87' lang='lat' dir='ltr'>alia,</span> <span class='ocrx_word' id='word_1_83' title='bbox 895 690 966 721; x_wconf 80' lang='lat' dir='ltr'>quae</span> <span class='ocrx_word' id='word_1_84' title='bbox 993 681 1084 710; x_wconf 87' lang='lat' dir='ltr'>ambo</span> <span class='ocrx_word' id='word_1_85' title='bbox 1116 679 1262 720; x_wconf 87' lang='lat' dir='ltr'>patimur,</span> <span class='ocrx_word' id='word_1_86' title='bbox 1289 685 1431 710; x_wconf 82' lang='lat' dir='ltr'>neutrum</span> <span class='ocrx_word' id='word_1_87' title='bbox 1460 686 1598 709; x_wconf 75' lang='lat' dir='ltr'>nostrum</span> 
     </span>
     <span class='ocr_line' id='line_1_9' title="bbox 136 733 1599 774; baseline -0.003 -7"><span class='ocrx_word' id='word_1_88' title='bbox 136 737 292 768; x_wconf 83' lang='lat' dir='ltr'>exsistere.</span> <span class='ocrx_word' id='word_1_89' title='bbox 339 736 423 768; x_wconf 59' lang='grc' dir='ltr'><strong>ΗΠ).</strong></span> <span class='ocrx_word' id='word_1_90' title='bbox 446 737 591 767; x_wconf 85' lang='lat' dir='ltr'>Monstra</span> <span class='ocrx_word' id='word_1_91' title='bbox 616 746 718 766; x_wconf 81' lang='lat' dir='ltr'>rursus</span> <span class='ocrx_word' id='word_1_92' title='bbox 741 735 850 765; x_wconf 74' lang='lat' dir='ltr'>afferre</span> <span class='ocrx_word' id='word_1_93' title='bbox 872 734 997 774; x_wconf 87' lang='lat' dir='ltr'>videris,</span> <span class='ocrx_word' id='word_1_94' title='bbox 1023 744 1042 764; x_wconf 93' lang='lat' dir='ltr'>o</span> <span class='ocrx_word' id='word_1_95' title='bbox 1059 734 1214 769; x_wconf 78' lang='lat' dir='ltr'>Socrates,</span> <span class='ocrx_word' id='word_1_96' title='bbox 1230 739 1261 763; x_wconf 88' lang='lat' dir='ltr'>et</span> <span class='ocrx_word' id='word_1_97' title='bbox 1277 733 1374 773; x_wconf 79' lang='lat' dir='ltr'>magis</span> <span class='ocrx_word' id='word_1_98' title='bbox 1390 739 1484 769; x_wconf 77' lang='lat' dir='ltr'>certe,</span> <span class='ocrx_word' id='word_1_99' title='bbox 1507 745 1599 773; x_wconf 78' lang='lat' dir='ltr'>quam</span> 
     </span>
     <span class='ocr_line' id='line_1_10' title="bbox 138 786 1601 831; baseline -0.003 -10"><span class='ocrx_word' id='word_1_100' title='bbox 138 790 232 831; x_wconf 79' lang='lat' dir='ltr'>paulo</span> <span class='ocrx_word' id='word_1_101' title='bbox 248 796 332 821; x_wconf 85' lang='lat' dir='ltr'>ante.</span> <span class='ocrx_word' id='word_1_102' title='bbox 380 791 519 821; x_wconf 85' lang='lat' dir='ltr'>Attende</span> <span class='ocrx_word' id='word_1_103' title='bbox 536 790 628 819; x_wconf 87' lang='lat' dir='ltr'>modo</span> <span class='ocrx_word' id='word_1_104' title='bbox 643 801 650 819; x_wconf 87' lang='lat'>:</span> <span class='ocrx_word' id='word_1_105' title='bbox 675 789 708 819; x_wconf 88' lang='lat' dir='ltr'>Si</span> <span class='ocrx_word' id='word_1_106' title='bbox 725 789 816 819; x_wconf 86' lang='lat' dir='ltr'>ambo</span> <span class='ocrx_word' id='word_1_107' title='bbox 827 788 906 829; x_wconf 83' lang='lat' dir='ltr'>justi</span> <span class='ocrx_word' id='word_1_108' title='bbox 920 797 1069 822; x_wconf 85' lang='lat' dir='ltr'>essemus,</span> <span class='ocrx_word' id='word_1_109' title='bbox 1085 798 1190 817; x_wconf 83' lang='lat' dir='ltr'>nonne</span> <span class='ocrx_word' id='word_1_110' title='bbox 1205 793 1237 818; x_wconf 90' lang='lat' dir='ltr'>ct</span> <span class='ocrx_word' id='word_1_111' title='bbox 1252 786 1388 828; x_wconf 77' lang='lat' dir='ltr'>singuli?</span> <span class='ocrx_word' id='word_1_112' title='bbox 1406 787 1452 817; x_wconf 78' lang='lat' dir='ltr'>vel</span> <span class='ocrx_word' id='word_1_113' title='bbox 1467 787 1490 816; x_wconf 89' lang='lat' dir='ltr'>si</span> <span class='ocrx_word' id='word_1_114' title='bbox 1504 787 1601 827; x_wconf 85' lang='lat' dir='ltr'>iujus-</span> 
     </span>
     <span class='ocr_line' id='line_1_11' title="bbox 138 839 1601 886; baseline -0.003 -11"><span class='ocrx_word' id='word_1_115' title='bbox 138 850 186 876; x_wconf 72' lang='lat' dir='ltr'>tus</span> <span class='ocrx_word' id='word_1_116' title='bbox 202 850 344 886; x_wconf 87' lang='lat' dir='ltr'>uterque,</span> <span class='ocrx_word' id='word_1_117' title='bbox 366 843 462 885; x_wconf 81' lang='lat'><strong>[301]</strong></span> <span class='ocrx_word' id='word_1_118' title='bbox 489 853 592 873; x_wconf 87' lang='lat' dir='ltr'>noune</span> <span class='ocrx_word' id='word_1_119' title='bbox 609 847 641 873; x_wconf 88' lang='lat' dir='ltr'>et</span> <span class='ocrx_word' id='word_1_120' title='bbox 657 842 748 872; x_wconf 90' lang='lat' dir='ltr'>ambo</span> <span class='ocrx_word' id='word_1_121' title='bbox 763 843 772 872; x_wconf 90' lang='lat'>?</span> <span class='ocrx_word' id='word_1_122' title='bbox 797 847 852 872; x_wconf 85' lang='lat' dir='ltr'>aut</span> <span class='ocrx_word' id='word_1_123' title='bbox 865 842 891 871; x_wconf 89' lang='lat' dir='ltr'>si</span> <span class='ocrx_word' id='word_1_124' title='bbox 906 842 971 872; x_wconf 80' lang='lat' dir='ltr'>sani</span> <span class='ocrx_word' id='word_1_125' title='bbox 988 841 1092 877; x_wconf 82' lang='lat' dir='ltr'>arnb0,</span> <span class='ocrx_word' id='word_1_126' title='bbox 1107 851 1147 870; x_wconf 87' lang='lat' dir='ltr'>an</span> <span class='ocrx_word' id='word_1_127' title='bbox 1163 851 1226 870; x_wconf 89' lang='lat' dir='ltr'>non</span> <span class='ocrx_word' id='word_1_128' title='bbox 1253 841 1404 881; x_wconf 84' lang='lat' dir='ltr'>uterque?</span> <span class='ocrx_word' id='word_1_129' title='bbox 1428 846 1460 871; x_wconf 87' lang='lat' dir='ltr'>et</span> <span class='ocrx_word' id='word_1_130' title='bbox 1483 839 1506 870; x_wconf 88' lang='lat' dir='ltr'>si</span> <span class='ocrx_word' id='word_1_131' title='bbox 1531 841 1601 881; x_wconf 85' lang='lat' dir='ltr'>qui-</span> 
     </span>
     <span class='ocr_line' id='line_1_12' title="bbox 135 893 1602 937; baseline -0.005 -8"><span class='ocrx_word' id='word_1_132' title='bbox 135 899 213 929; x_wconf 83' lang='lat' dir='ltr'>libet</span> <span class='ocrx_word' id='word_1_133' title='bbox 227 903 365 928; x_wconf 88' lang='lat' dir='ltr'>nostrum</span> <span class='ocrx_word' id='word_1_134' title='bbox 381 897 501 927; x_wconf 88' lang='lat' dir='ltr'>laborat</span> <span class='ocrx_word' id='word_1_135' title='bbox 517 896 547 926; x_wconf 94' lang='lat' dir='ltr'>in</span> <span class='ocrx_word' id='word_1_136' title='bbox 565 896 684 937; x_wconf 87' lang='lat' dir='ltr'>aliquo,</span> <span class='ocrx_word' id='word_1_137' title='bbox 700 895 747 926; x_wconf 89' lang='lat' dir='ltr'>vel</span> <span class='ocrx_word' id='word_1_138' title='bbox 772 895 949 925; x_wconf 86' lang='lat' dir='ltr'>vulneratus</span> <span class='ocrx_word' id='word_1_139' title='bbox 972 900 1021 925; x_wconf 89' lang='lat' dir='ltr'>est</span> <span class='ocrx_word' id='word_1_140' title='bbox 1037 894 1085 924; x_wconf 91' lang='lat' dir='ltr'>vel</span> <span class='ocrx_word' id='word_1_141' title='bbox 1104 903 1278 934; x_wconf 86' lang='lat' dir='ltr'>percussus,</span> <span class='ocrx_word' id='word_1_142' title='bbox 1295 894 1360 924; x_wconf 80' lang='lat' dir='ltr'>sive</span> <span class='ocrx_word' id='word_1_143' title='bbox 1375 893 1460 924; x_wconf 90' lang='lat' dir='ltr'>aliud</span> <span class='ocrx_word' id='word_1_144' title='bbox 1479 894 1602 934; x_wconf 67' lang='lat' dir='ltr'>quidvis</span> 
     </span>
     <span class='ocr_line' id='line_1_13' title="bbox 136 947 1602 993; baseline -0.003 -11"><span class='ocrx_word' id='word_1_145' title='bbox 136 963 243 993; x_wconf 82' lang='lat' dir='ltr'>passus</span> <span class='ocrx_word' id='word_1_146' title='bbox 269 951 373 987; x_wconf 81' lang='lat' dir='ltr'>fuerit,</span> <span class='ocrx_word' id='word_1_147' title='bbox 397 961 502 981; x_wconf 82' lang='lat' dir='ltr'>nonne</span> <span class='ocrx_word' id='word_1_148' title='bbox 529 950 612 980; x_wconf 87' lang='lat' dir='ltr'>idem</span> <span class='ocrx_word' id='word_1_149' title='bbox 635 950 726 980; x_wconf 89' lang='lat' dir='ltr'>ambo</span> <span class='ocrx_word' id='word_1_150' title='bbox 755 948 968 990; x_wconf 78' lang='lat' dir='ltr'>perpetimur?</span> <span class='ocrx_word' id='word_1_151' title='bbox 993 953 1154 988; x_wconf 62' lang='lat' dir='ltr'>praeterea,</span> <span class='ocrx_word' id='word_1_152' title='bbox 1178 947 1203 976; x_wconf 90' lang='lat' dir='ltr'>si</span> <span class='ocrx_word' id='word_1_153' title='bbox 1227 948 1310 978; x_wconf 82' lang='lat' dir='ltr'>aurci</span> <span class='ocrx_word' id='word_1_154' title='bbox 1337 947 1383 978; x_wconf 85' lang='lat' dir='ltr'>vel</span> <span class='ocrx_word' id='word_1_155' title='bbox 1400 947 1537 988; x_wconf 52' lang='lat' dir='ltr'>argentei</span> <span class='ocrx_word' id='word_1_156' title='bbox 1556 948 1602 977; x_wconf 75' lang='lat' dir='ltr'>vel</span> 
     </span>
     <span class='ocr_line' id='line_1_14' title="bbox 135 1001 1602 1045; baseline -0.004 -8"><span class='ocrx_word' id='word_1_157' title='bbox 135 1005 276 1042; x_wconf 86' lang='lat' dir='ltr'>eburnei,</span> <span class='ocrx_word' id='word_1_158' title='bbox 292 1016 328 1036; x_wconf 86' lang='lat' dir='ltr'>ac</span> <span class='ocrx_word' id='word_1_159' title='bbox 344 1005 451 1041; x_wconf 84' lang='lat' dir='ltr'>etiam,</span> <span class='ocrx_word' id='word_1_160' title='bbox 467 1005 491 1035; x_wconf 88' lang='lat' dir='ltr'>si</span> <span class='ocrx_word' id='word_1_161' title='bbox 508 1004 565 1040; x_wconf 78' lang='lat' dir='ltr'>vis,</span> <span class='ocrx_word' id='word_1_162' title='bbox 581 1002 723 1045; x_wconf 85' lang='lat' dir='ltr'>generosi</span> <span class='ocrx_word' id='word_1_163' title='bbox 740 1008 794 1033; x_wconf 87' lang='lat' dir='ltr'>aut</span> <span class='ocrx_word' id='word_1_164' title='bbox 809 1002 965 1043; x_wconf 87' lang='lat' dir='ltr'>sapientes</span> <span class='ocrx_word' id='word_1_165' title='bbox 981 1006 1036 1032; x_wconf 93' lang='lat' dir='ltr'>aut</span> <span class='ocrx_word' id='word_1_166' title='bbox 1051 1001 1206 1042; x_wconf 80' lang='lat' dir='ltr'>honorati,</span> <span class='ocrx_word' id='word_1_167' title='bbox 1228 1001 1275 1032; x_wconf 84' lang='lat' dir='ltr'>vel</span> <span class='ocrx_word' id='word_1_168' title='bbox 1293 1012 1382 1032; x_wconf 83' lang='lat' dir='ltr'>senes</span> <span class='ocrx_word' id='word_1_169' title='bbox 1399 1001 1445 1031; x_wconf 86' lang='lat' dir='ltr'>vel</span> <span class='ocrx_word' id='word_1_170' title='bbox 1456 1001 1602 1042; x_wconf 77' lang='lat' dir='ltr'>juvenes,</span> 
     </span>
     <span class='ocr_line' id='line_1_15' title="bbox 137 1054 1605 1100; baseline -0.005 -10"><span class='ocrx_word' id='word_1_171' title='bbox 137 1065 191 1090; x_wconf 88' lang='lat' dir='ltr'>aut</span> <span class='ocrx_word' id='word_1_172' title='bbox 205 1059 290 1090; x_wconf 88' lang='lat' dir='ltr'>aliud</span> <span class='ocrx_word' id='word_1_173' title='bbox 306 1058 431 1100; x_wconf 86' lang='lat' dir='ltr'>quidvis</span> <span class='ocrx_word' id='word_1_174' title='bbox 444 1058 615 1088; x_wconf 87' lang='lat' dir='ltr'>humanum</span> <span class='ocrx_word' id='word_1_175' title='bbox 638 1057 729 1087; x_wconf 90' lang='lat' dir='ltr'>ambo</span> <span class='ocrx_word' id='word_1_176' title='bbox 752 1066 888 1087; x_wconf 86' lang='lat' dir='ltr'>essemus</span> <span class='ocrx_word' id='word_1_177' title='bbox 904 1067 910 1085; x_wconf 89' lang='lat'>:</span> <span class='ocrx_word' id='word_1_178' title='bbox 937 1065 1042 1086; x_wconf 89' lang='lat' dir='ltr'>nonne</span> <span class='ocrx_word' id='word_1_179' title='bbox 1057 1054 1186 1085; x_wconf 89' lang='lat' dir='ltr'>omnino</span> <span class='ocrx_word' id='word_1_180' title='bbox 1200 1055 1405 1086; x_wconf 87' lang='lat' dir='ltr'>necessarium</span> <span class='ocrx_word' id='word_1_181' title='bbox 1429 1062 1521 1093; x_wconf 77' lang='lat' dir='ltr'>esset,</span> <span class='ocrx_word' id='word_1_182' title='bbox 1546 1058 1605 1088; x_wconf 80' lang='lat' dir='ltr'>huc</span> 
     </span>
     <span class='ocr_line' id='line_1_16' title="bbox 137 1108 1603 1155; baseline -0.002 -11"><span class='ocrx_word' id='word_1_183' title='bbox 137 1113 308 1155; x_wconf 85' lang='lat' dir='ltr'>quemlibet</span> <span class='ocrx_word' id='word_1_184' title='bbox 323 1119 459 1144; x_wconf 83' lang='lat' dir='ltr'>nostrum</span> <span class='ocrx_word' id='word_1_185' title='bbox 476 1111 563 1142; x_wconf 82' lang='lat' dir='ltr'>esse?</span> <span class='ocrx_word' id='word_1_186' title='bbox 608 1112 664 1142; x_wconf 84' lang='lat' dir='ltr'>So.</span> <span class='ocrx_word' id='word_1_187' title='bbox 690 1110 828 1141; x_wconf 88' lang='lat' dir='ltr'>Omnino</span> <span class='ocrx_word' id='word_1_188' title='bbox 852 1109 990 1151; x_wconf 88' lang='lat' dir='ltr'>quidem.</span> <span class='ocrx_word' id='word_1_189' title='bbox 1038 1109 1121 1140; x_wconf 79' lang='lat' dir='ltr'>H11‘.</span> <span class='ocrx_word' id='word_1_190' title='bbox 1146 1108 1291 1140; x_wconf 86' lang='lat' dir='ltr'>Ceterum</span> <span class='ocrx_word' id='word_1_191' title='bbox 1307 1109 1388 1150; x_wconf 88' lang='lat' dir='ltr'>ipse,</span> <span class='ocrx_word' id='word_1_192' title='bbox 1405 1120 1423 1139; x_wconf 94' lang='lat' dir='ltr'>o</span> <span class='ocrx_word' id='word_1_193' title='bbox 1449 1111 1603 1145; x_wconf 70' lang='lat' dir='ltr'>Socrates,</span> 
     </span>
     <span class='ocr_line' id='line_1_17' title="bbox 139 1163 1604 1207; baseline -0.002 -9"><span class='ocrx_word' id='word_1_194' title='bbox 139 1178 184 1198; x_wconf 85' lang='lat' dir='ltr'>res</span> <span class='ocrx_word' id='word_1_195' title='bbox 200 1167 282 1207; x_wconf 87' lang='lat' dir='ltr'>ipsas</span> <span class='ocrx_word' id='word_1_196' title='bbox 297 1167 432 1207; x_wconf 84' lang='lat' dir='ltr'>integras</span> <span class='ocrx_word' id='word_1_197' title='bbox 456 1176 519 1196; x_wconf 89' lang='lat' dir='ltr'>non</span> <span class='ocrx_word' id='word_1_198' title='bbox 535 1164 726 1201; x_wconf 86' lang='lat' dir='ltr'>consideras,</span> <span class='ocrx_word' id='word_1_199' title='bbox 744 1175 846 1205; x_wconf 87' lang='lat' dir='ltr'>neque</span> <span class='ocrx_word' id='word_1_200' title='bbox 869 1164 929 1200; x_wconf 86' lang='lat' dir='ltr'>illi,</span> <span class='ocrx_word' id='word_1_201' title='bbox 945 1163 1130 1205; x_wconf 86' lang='lat' dir='ltr'>quibuscum</span> <span class='ocrx_word' id='word_1_202' title='bbox 1154 1163 1313 1204; x_wconf 85' lang='lat' dir='ltr'>disputare</span> <span class='ocrx_word' id='word_1_203' title='bbox 1331 1175 1363 1196; x_wconf 84' lang='lat' dir='ltr'>es</span> <span class='ocrx_word' id='word_1_204' title='bbox 1378 1164 1486 1194; x_wconf 82' lang='lat' dir='ltr'>solitus</span> <span class='ocrx_word' id='word_1_205' title='bbox 1501 1176 1508 1194; x_wconf 78' lang='lat'>2</span> <span class='ocrx_word' id='word_1_206' title='bbox 1535 1166 1604 1205; x_wconf 85' lang='lat' dir='ltr'>pul-</span> 
     </span>
     <span class='ocr_line' id='line_1_18' title="bbox 137 1217 1603 1262; baseline -0.003 -10"><span class='ocrx_word' id='word_1_207' title='bbox 137 1221 209 1252; x_wconf 76' lang='lat' dir='ltr'>satis</span> <span class='ocrx_word' id='word_1_208' title='bbox 226 1221 311 1252; x_wconf 89' lang='lat' dir='ltr'>illico</span> <span class='ocrx_word' id='word_1_209' title='bbox 329 1219 503 1262; x_wconf 81' lang='lat' dir='ltr'>pulchrum,</span> <span class='ocrx_word' id='word_1_210' title='bbox 530 1224 561 1250; x_wconf 91' lang='lat' dir='ltr'>et</span> <span class='ocrx_word' id='word_1_211' title='bbox 577 1218 662 1249; x_wconf 91' lang='lat' dir='ltr'>aliud</span> <span class='ocrx_word' id='word_1_212' title='bbox 687 1219 898 1259; x_wconf 82' lang='lat' dir='ltr'>quodcunque</span> <span class='ocrx_word' id='word_1_213' title='bbox 914 1217 1139 1258; x_wconf 88' lang='lat' dir='ltr'>disputandum</span> <span class='ocrx_word' id='word_1_214' title='bbox 1163 1217 1344 1258; x_wconf 81' lang='lat' dir='ltr'>suscipitis:</span> <span class='ocrx_word' id='word_1_215' title='bbox 1371 1223 1464 1258; x_wconf 87' lang='lat' dir='ltr'>atquc</span> <span class='ocrx_word' id='word_1_216' title='bbox 1489 1217 1603 1249; x_wconf 79' lang='lat' dir='ltr'>iccirco</span> 
     </span>
     <span class='ocr_line' id='line_1_19' title="bbox 137 1271 1605 1315; baseline -0.001 -10"><span class='ocrx_word' id='word_1_217' title='bbox 137 1275 181 1304; x_wconf 88' lang='lat' dir='ltr'>ita</span> <span class='ocrx_word' id='word_1_218' title='bbox 207 1286 262 1305; x_wconf 92' lang='lat' dir='ltr'>vos</span> <span class='ocrx_word' id='word_1_219' title='bbox 290 1275 387 1305; x_wconf 86' lang='lat' dir='ltr'>latent</span> <span class='ocrx_word' id='word_1_220' title='bbox 411 1283 524 1315; x_wconf 84' lang='lat' dir='ltr'>magna</span> <span class='ocrx_word' id='word_1_221' title='bbox 547 1278 579 1304; x_wconf 89' lang='lat' dir='ltr'>et</span> <span class='ocrx_word' id='word_1_222' title='bbox 603 1273 746 1303; x_wconf 81' lang='lat' dir='ltr'>universa</span> <span class='ocrx_word' id='word_1_223' title='bbox 768 1282 909 1312; x_wconf 86' lang='lat' dir='ltr'>corpora,</span> <span class='ocrx_word' id='word_1_224' title='bbox 931 1271 1112 1301; x_wconf 87' lang='lat' dir='ltr'>continuam</span> <span class='ocrx_word' id='word_1_225' title='bbox 1128 1271 1292 1301; x_wconf 88' lang='lat' dir='ltr'>essentiam</span> <span class='ocrx_word' id='word_1_226' title='bbox 1309 1282 1346 1302; x_wconf 86' lang='lat' dir='ltr'>ex</span> <span class='ocrx_word' id='word_1_227' title='bbox 1363 1277 1471 1301; x_wconf 87' lang='lat' dir='ltr'>natura</span> <span class='ocrx_word' id='word_1_228' title='bbox 1487 1273 1605 1304; x_wconf 71' lang='lat' dir='ltr'>sortita.</span> 
     </span>
     <span class='ocr_line' id='line_1_20' title="bbox 136 1324 1605 1367; baseline -0.001 -9"><span class='ocrx_word' id='word_1_229' title='bbox 136 1328 177 1358; x_wconf 84' lang='lat' dir='ltr'>Et</span> <span class='ocrx_word' id='word_1_230' title='bbox 191 1338 274 1359; x_wconf 91' lang='lat' dir='ltr'>nunc</span> <span class='ocrx_word' id='word_1_231' title='bbox 290 1328 369 1359; x_wconf 88' lang='lat' dir='ltr'>adeo</span> <span class='ocrx_word' id='word_1_232' title='bbox 384 1328 466 1358; x_wconf 87' lang='lat' dir='ltr'>circa</span> <span class='ocrx_word' id='word_1_233' title='bbox 481 1328 548 1358; x_wconf 88' lang='lat' dir='ltr'>haec</span> <span class='ocrx_word' id='word_1_234' title='bbox 564 1332 594 1357; x_wconf 87' lang='lat' dir='ltr'>te</span> <span class='ocrx_word' id='word_1_235' title='bbox 611 1327 721 1357; x_wconf 82' lang='lat' dir='ltr'>veritas</span> <span class='ocrx_word' id='word_1_236' title='bbox 736 1325 830 1367; x_wconf 83' lang='lat' dir='ltr'>fugit,</span> <span class='ocrx_word' id='word_1_237' title='bbox 847 1331 881 1356; x_wconf 88' lang='lat' dir='ltr'>ut</span> <span class='ocrx_word' id='word_1_238' title='bbox 898 1330 987 1366; x_wconf 90' lang='lat' dir='ltr'>putes</span> <span class='ocrx_word' id='word_1_239' title='bbox 1003 1335 1070 1355; x_wconf 85' lang='lat' dir='ltr'>esse</span> <span class='ocrx_word' id='word_1_240' title='bbox 1087 1324 1263 1365; x_wconf 83' lang='lat' dir='ltr'>passionem</span> <span class='ocrx_word' id='word_1_241' title='bbox 1281 1325 1415 1366; x_wconf 80' lang='lat' dir='ltr'>aliquam</span> <span class='ocrx_word' id='word_1_242' title='bbox 1432 1326 1479 1356; x_wconf 85' lang='lat' dir='ltr'>vel</span> <span class='ocrx_word' id='word_1_243' title='bbox 1497 1337 1605 1356; x_wconf 76' lang='lat' dir='ltr'>esseu-</span> 
     </span>
     <span class='ocr_line' id='line_1_21' title="bbox 135 1378 1603 1424; baseline -0.001 -12"><span class='ocrx_word' id='word_1_244' title='bbox 135 1383 221 1419; x_wconf 82' lang='lat' dir='ltr'>tiam,</span> <span class='ocrx_word' id='word_1_245' title='bbox 236 1393 307 1424; x_wconf 82' lang='lat' dir='ltr'>quae</span> <span class='ocrx_word' id='word_1_246' title='bbox 322 1382 402 1413; x_wconf 90' lang='lat' dir='ltr'>circa</span> <span class='ocrx_word' id='word_1_247' title='bbox 419 1382 509 1412; x_wconf 86' lang='lat' dir='ltr'>ambo</span> <span class='ocrx_word' id='word_1_248' title='bbox 526 1382 670 1422; x_wconf 80' lang='lat' dir='ltr'>quaedam</span> <span class='ocrx_word' id='word_1_249' title='bbox 687 1385 835 1416; x_wconf 87' lang='lat' dir='ltr'>versetur,</span> <span class='ocrx_word' id='word_1_250' title='bbox 851 1380 933 1411; x_wconf 86' lang='lat' dir='ltr'>circa</span> <span class='ocrx_word' id='word_1_251' title='bbox 949 1390 1019 1410; x_wconf 82' lang='lat' dir='ltr'>vero</span> <span class='ocrx_word' id='word_1_252' title='bbox 1037 1379 1159 1420; x_wconf 85' lang='lat' dir='ltr'>singula</span> <span class='ocrx_word' id='word_1_253' title='bbox 1176 1378 1300 1409; x_wconf 74' lang='lat' dir='ltr'>minime</span> <span class='ocrx_word' id='word_1_254' title='bbox 1318 1391 1325 1409; x_wconf 76' lang='grc' dir='ltr'>ε</span> <span class='ocrx_word' id='word_1_255' title='bbox 1351 1384 1445 1420; x_wconf 88' lang='lat' dir='ltr'>atque</span> <span class='ocrx_word' id='word_1_256' title='bbox 1459 1381 1603 1417; x_wconf 78' lang='lat' dir='ltr'>vicissim,</span> 
     </span>
     <span class='ocr_line' id='line_1_22' title="bbox 135 1432 1603 1478; baseline -0.003 -11"><span class='ocrx_word' id='word_1_257' title='bbox 135 1447 205 1478; x_wconf 82' lang='lat' dir='ltr'>quae</span> <span class='ocrx_word' id='word_1_258' title='bbox 221 1437 303 1468; x_wconf 84' lang='lat' dir='ltr'>circa</span> <span class='ocrx_word' id='word_1_259' title='bbox 318 1435 441 1477; x_wconf 84' lang='lat' dir='ltr'>singula</span> <span class='ocrx_word' id='word_1_260' title='bbox 455 1435 583 1477; x_wconf 89' lang='lat' dir='ltr'>quidem</span> <span class='ocrx_word' id='word_1_261' title='bbox 600 1435 650 1471; x_wconf 90' lang='lat' dir='ltr'>sit,</span> <span class='ocrx_word' id='word_1_262' title='bbox 665 1435 746 1465; x_wconf 84' lang='lat' dir='ltr'>eirca</span> <span class='ocrx_word' id='word_1_263' title='bbox 762 1435 853 1464; x_wconf 86' lang='lat' dir='ltr'>ambo</span> <span class='ocrx_word' id='word_1_264' title='bbox 864 1444 936 1464; x_wconf 77' lang='lat' dir='ltr'>vero</span> <span class='ocrx_word' id='word_1_265' title='bbox 952 1443 1163 1475; x_wconf 85' lang='lat' dir='ltr'>nequaquam.</span> <span class='ocrx_word' id='word_1_266' title='bbox 1188 1433 1268 1463; x_wconf 82' lang='lat' dir='ltr'>adeo</span> <span class='ocrx_word' id='word_1_267' title='bbox 1284 1432 1489 1469; x_wconf 83' lang='lat' dir='ltr'>irrationales,</span> <span class='ocrx_word' id='word_1_268' title='bbox 1507 1439 1603 1464; x_wconf 76' lang='lat' dir='ltr'>teme-</span> 
     </span>
     <span class='ocr_line' id='line_1_23' title="bbox 136 1487 1604 1532; baseline -0.003 -11"><span class='ocrx_word' id='word_1_269' title='bbox 136 1490 216 1526; x_wconf 84' lang='lat' dir='ltr'>rarii,</span> <span class='ocrx_word' id='word_1_270' title='bbox 234 1490 345 1532; x_wconf 87' lang='lat' dir='ltr'>inepti,</span> <span class='ocrx_word' id='word_1_271' title='bbox 360 1490 439 1520; x_wconf 88' lang='lat' dir='ltr'>fatui</span> <span class='ocrx_word' id='word_1_272' title='bbox 462 1489 547 1521; x_wconf 84' lang='lat' dir='ltr'>estis.</span> <span class='ocrx_word' id='word_1_273' title='bbox 595 1489 650 1520; x_wconf 90' lang='lat' dir='ltr'>So.</span> <span class='ocrx_word' id='word_1_274' title='bbox 672 1488 761 1519; x_wconf 86' lang='lat' dir='ltr'>Talia</span> <span class='ocrx_word' id='word_1_275' title='bbox 784 1489 911 1530; x_wconf 87' lang='lat' dir='ltr'>quidem</span> <span class='ocrx_word' id='word_1_276' title='bbox 935 1493 1040 1519; x_wconf 85' lang='lat' dir='ltr'>nostra</span> <span class='ocrx_word' id='word_1_277' title='bbox 1063 1494 1147 1525; x_wconf 88' lang='lat' dir='ltr'>sunt,</span> <span class='ocrx_word' id='word_1_278' title='bbox 1164 1487 1306 1530; x_wconf 83' lang='lat' dir='ltr'>Hippia:</span> <span class='ocrx_word' id='word_1_279' title='bbox 1333 1498 1396 1518; x_wconf 89' lang='lat' dir='ltr'>non</span> <span class='ocrx_word' id='word_1_280' title='bbox 1412 1488 1517 1529; x_wconf 85' lang='lat' dir='ltr'>qualia</span> <span class='ocrx_word' id='word_1_281' title='bbox 1534 1489 1604 1528; x_wconf 78' lang='lat' dir='ltr'>quis</span> 
     </span>
     <span class='ocr_line' id='line_1_24' title="bbox 137 1542 1605 1585; baseline -0.002 -11"><span class='ocrx_word' id='word_1_282' title='bbox 137 1549 270 1585; x_wconf 85' lang='lat' dir='ltr'>optaret,</span> <span class='ocrx_word' id='word_1_283' title='bbox 289 1549 322 1574; x_wconf 91' lang='lat' dir='ltr'>ut</span> <span class='ocrx_word' id='word_1_284' title='bbox 338 1544 409 1574; x_wconf 72' lang='lat' dir='ltr'>tri-to</span> <span class='ocrx_word' id='word_1_285' title='bbox 433 1542 596 1585; x_wconf 85' lang='lat' dir='ltr'>proverbio</span> <span class='ocrx_word' id='word_1_286' title='bbox 619 1543 725 1580; x_wconf 86' lang='lat' dir='ltr'>fertur,</span> <span class='ocrx_word' id='word_1_287' title='bbox 750 1543 805 1573; x_wconf 89' lang='lat' dir='ltr'>sed</span> <span class='ocrx_word' id='word_1_288' title='bbox 828 1543 934 1584; x_wconf 86' lang='lat' dir='ltr'>qualia</span> <span class='ocrx_word' id='word_1_289' title='bbox 957 1554 1023 1574; x_wconf 86' lang='lat' dir='ltr'>esse</span> <span class='ocrx_word' id='word_1_290' title='bbox 1040 1547 1182 1584; x_wconf 87' lang='lat' dir='ltr'>possunt.</span> <span class='ocrx_word' id='word_1_291' title='bbox 1206 1543 1259 1573; x_wconf 90' lang='lat' dir='ltr'>sed</span> <span class='ocrx_word' id='word_1_292' title='bbox 1275 1542 1345 1583; x_wconf 89' lang='lat' dir='ltr'>ipse</span> <span class='ocrx_word' id='word_1_293' title='bbox 1361 1553 1481 1583; x_wconf 85' lang='lat' dir='ltr'>semper</span> <span class='ocrx_word' id='word_1_294' title='bbox 1497 1543 1605 1572; x_wconf 81' lang='lat' dir='ltr'>admo-</span> 
     </span>
     <span class='ocr_line' id='line_1_25' title="bbox 138 1595 1605 1639; baseline -0.001 -11"><span class='ocrx_word' id='word_1_295' title='bbox 138 1598 242 1628; x_wconf 83' lang='lat' dir='ltr'>nendo</span> <span class='ocrx_word' id='word_1_296' title='bbox 259 1608 315 1628; x_wconf 89' lang='lat' dir='ltr'>nos</span> <span class='ocrx_word' id='word_1_297' title='bbox 326 1597 431 1639; x_wconf 87' lang='lat' dir='ltr'>juvas.</span> <span class='ocrx_word' id='word_1_298' title='bbox 448 1598 563 1628; x_wconf 87' lang='lat' dir='ltr'>etenim</span> <span class='ocrx_word' id='word_1_299' title='bbox 581 1597 758 1638; x_wconf 87' lang='lat' dir='ltr'>priusquam</span> <span class='ocrx_word' id='word_1_300' title='bbox 775 1607 831 1627; x_wconf 87' lang='lat' dir='ltr'>nos</span> <span class='ocrx_word' id='word_1_301' title='bbox 848 1597 879 1626; x_wconf 89' lang='lat' dir='ltr'>in</span> <span class='ocrx_word' id='word_1_302' title='bbox 895 1597 943 1627; x_wconf 88' lang='lat' dir='ltr'>his</span> <span class='ocrx_word' id='word_1_303' title='bbox 961 1597 1154 1633; x_wconf 84' lang='lat' dir='ltr'>admoneres,</span> <span class='ocrx_word' id='word_1_304' title='bbox 1171 1606 1263 1637; x_wconf 89' lang='lat' dir='ltr'>quarn</span> <span class='ocrx_word' id='word_1_305' title='bbox 1280 1595 1393 1626; x_wconf 83' lang='lat' dir='ltr'>stolide</span> <span class='ocrx_word' id='word_1_306' title='bbox 1405 1596 1509 1627; x_wconf 80' lang='lat' dir='ltr'>affecti</span> <span class='ocrx_word' id='word_1_307' title='bbox 1524 1607 1605 1626; x_wconf 83' lang='lat' dir='ltr'>esse-</span> 
     </span>
     <span class='ocr_line' id='line_1_26' title="bbox 139 1649 1607 1692; baseline -0.001 -10"><span class='ocrx_word' id='word_1_308' title='bbox 139 1663 218 1688; x_wconf 89' lang='lat' dir='ltr'>mus,</span> <span class='ocrx_word' id='word_1_309' title='bbox 233 1652 335 1682; x_wconf 80' lang='lat' dir='ltr'>adhuc</span> <span class='ocrx_word' id='word_1_310' title='bbox 352 1651 407 1682; x_wconf 84' lang='lat' dir='ltr'>tibi</span> <span class='ocrx_word' id='word_1_311' title='bbox 423 1651 535 1683; x_wconf 84' lang='lat' dir='ltr'>clarius</span> <span class='ocrx_word' id='word_1_312' title='bbox 552 1651 700 1692; x_wconf 80' lang='lat' dir='ltr'>aperiam,</span> <span class='ocrx_word' id='word_1_313' title='bbox 715 1651 752 1687; x_wconf 89' lang='lat' dir='ltr'>si,</span> <span class='ocrx_word' id='word_1_314' title='bbox 768 1661 838 1691; x_wconf 82' lang='lat' dir='ltr'>quae</span> <span class='ocrx_word' id='word_1_315' title='bbox 855 1651 895 1681; x_wconf 89' lang='lat' dir='ltr'>de</span> <span class='ocrx_word' id='word_1_316' title='bbox 911 1650 958 1681; x_wconf 85' lang='lat' dir='ltr'>his</span> <span class='ocrx_word' id='word_1_317' title='bbox 975 1651 1137 1690; x_wconf 76' lang='lat' dir='ltr'>sentimus,</span> <span class='ocrx_word' id='word_1_318' title='bbox 1154 1650 1298 1686; x_wconf 85' lang='lat' dir='ltr'>retulero,</span> <span class='ocrx_word' id='word_1_319' title='bbox 1316 1649 1459 1681; x_wconf 85' lang='lat' dir='ltr'>dicamne</span> <span class='ocrx_word' id='word_1_320' title='bbox 1473 1650 1484 1679; x_wconf 90' lang='lat'>?</span> <span class='ocrx_word' id='word_1_321' title='bbox 1523 1649 1607 1680; x_wconf 64' lang='lat' dir='ltr'>Hm.</span> 
     </span>
     <span class='ocr_line' id='line_1_27' title="bbox 139 1704 1605 1745; baseline -0.003 -8"><span class='ocrx_word' id='word_1_322' title='bbox 139 1706 270 1741; x_wconf 75' lang='lat' dir='ltr'>scienti,</span> <span class='ocrx_word' id='word_1_323' title='bbox 293 1706 447 1741; x_wconf 85' lang='lat' dir='ltr'>Socrates,</span> <span class='ocrx_word' id='word_1_324' title='bbox 474 1706 596 1736; x_wconf 82' lang='lat' dir='ltr'>referes.</span> <span class='ocrx_word' id='word_1_325' title='bbox 620 1705 693 1735; x_wconf 88' lang='lat' dir='ltr'>novi</span> <span class='ocrx_word' id='word_1_326' title='bbox 709 1705 790 1736; x_wconf 88' lang='lat' dir='ltr'>enim</span> <span class='ocrx_word' id='word_1_327' title='bbox 815 1715 938 1735; x_wconf 86' lang='lat' dir='ltr'>omnem</span> <span class='ocrx_word' id='word_1_328' title='bbox 963 1704 1147 1745; x_wconf 86' lang='lat' dir='ltr'>eorum‚qui</span> <span class='ocrx_word' id='word_1_329' title='bbox 1170 1704 1202 1734; x_wconf 88' lang='lat' dir='ltr'>in</span> <span class='ocrx_word' id='word_1_330' title='bbox 1225 1704 1419 1745; x_wconf 81' lang='lat' dir='ltr'>disputando</span> <span class='ocrx_word' id='word_1_331' title='bbox 1436 1709 1605 1739; x_wconf 77' lang='lat' dir='ltr'>versantur,</span> 
     </span>
     <span class='ocr_line' id='line_1_28' title="bbox 139 1757 1607 1800; baseline -0.003 -10"><span class='ocrx_word' id='word_1_332' title='bbox 139 1759 366 1791; x_wconf 89' lang='lat' dir='ltr'>conditionem.</span> <span class='ocrx_word' id='word_1_333' title='bbox 392 1763 592 1791; x_wconf 86' lang='lat' dir='ltr'>veruntamen</span> <span class='ocrx_word' id='word_1_334' title='bbox 617 1759 642 1789; x_wconf 87' lang='lat' dir='ltr'>si</span> <span class='ocrx_word' id='word_1_335' title='bbox 666 1759 767 1800; x_wconf 80' lang='lat' dir='ltr'>cupiS,</span> <span class='ocrx_word' id='word_1_336' title='bbox 790 1769 909 1790; x_wconf 84' lang='lat' dir='ltr'>enarra.</span> <span class='ocrx_word' id='word_1_337' title='bbox 955 1759 1012 1790; x_wconf 86' lang='lat' dir='ltr'>So.</span> <span class='ocrx_word' id='word_1_338' title='bbox 1037 1758 1143 1800; x_wconf 86' lang='lat' dir='ltr'>Cupio</span> <span class='ocrx_word' id='word_1_339' title='bbox 1169 1759 1327 1799; x_wconf 86' lang='lat' dir='ltr'>equidem.</span> <span class='ocrx_word' id='word_1_340' title='bbox 1375 1757 1541 1788; x_wconf 81' lang='lat' dir='ltr'>Enimvero</span> <span class='ocrx_word' id='word_1_341' title='bbox 1566 1757 1607 1786; x_wconf 75' lang='lat' dir='ltr'>ita</span> 
     </span>
     <span class='ocr_line' id='line_1_29' title="bbox 137 1812 1605 1854; baseline -0.003 -10"><span class='ocrx_word' id='word_1_342' title='bbox 137 1814 229 1844; x_wconf 85' lang='lat' dir='ltr'>rudes</span> <span class='ocrx_word' id='word_1_343' title='bbox 244 1824 375 1850; x_wconf 87' lang='lat' dir='ltr'>eramus,</span> <span class='ocrx_word' id='word_1_344' title='bbox 393 1818 559 1854; x_wconf 81' lang='lat' dir='ltr'>antequam</span> <span class='ocrx_word' id='word_1_345' title='bbox 577 1817 608 1843; x_wconf 86' lang='lat' dir='ltr'>tu</span> <span class='ocrx_word' id='word_1_346' title='bbox 626 1813 693 1843; x_wconf 82' lang='lat' dir='ltr'>haec</span> <span class='ocrx_word' id='word_1_347' title='bbox 717 1812 847 1848; x_wconf 83' lang='lat' dir='ltr'>diceres,</span> <span class='ocrx_word' id='word_1_348' title='bbox 873 1818 907 1842; x_wconf 87' lang='lat' dir='ltr'>ut</span> <span class='ocrx_word' id='word_1_349' title='bbox 921 1813 961 1842; x_wconf 85' lang='lat' dir='ltr'>de</span> <span class='ocrx_word' id='word_1_350' title='bbox 978 1823 1026 1843; x_wconf 87' lang='lat' dir='ltr'>me</span> <span class='ocrx_word' id='word_1_351' title='bbox 1043 1823 1078 1843; x_wconf 84' lang='lat' dir='ltr'>ac</span> <span class='ocrx_word' id='word_1_352' title='bbox 1097 1817 1126 1843; x_wconf 86' lang='lat' dir='ltr'>te</span> <span class='ocrx_word' id='word_1_353' title='bbox 1142 1812 1349 1853; x_wconf 84' lang='lat' dir='ltr'>opinaremur,</span> <span class='ocrx_word' id='word_1_354' title='bbox 1373 1813 1459 1853; x_wconf 89' lang='lat' dir='ltr'>quod</span> <span class='ocrx_word' id='word_1_355' title='bbox 1475 1817 1605 1851; x_wconf 81' lang='lat' dir='ltr'>uterque</span> 
     </span>
     <span class='ocr_line' id='line_1_30' title="bbox 141 1865 1607 1907; baseline -0.002 -11"><span class='ocrx_word' id='word_1_356' title='bbox 141 1872 276 1897; x_wconf 85' lang='lat' dir='ltr'>nostrum</span> <span class='ocrx_word' id='word_1_357' title='bbox 309 1877 388 1898; x_wconf 90' lang='lat' dir='ltr'>uuus</span> <span class='ocrx_word' id='word_1_358' title='bbox 411 1867 471 1905; x_wconf 86' lang='lat' dir='ltr'>sit;</span> <span class='ocrx_word' id='word_1_359' title='bbox 507 1877 608 1907; x_wconf 86' lang='lat' dir='ltr'>neque</span> <span class='ocrx_word' id='word_1_360' title='bbox 639 1872 743 1896; x_wconf 84' lang='lat' dir='ltr'>tamen</span> <span class='ocrx_word' id='word_1_361' title='bbox 773 1867 864 1896; x_wconf 83' lang='lat' dir='ltr'>ambo</span> <span class='ocrx_word' id='word_1_362' title='bbox 895 1866 927 1896; x_wconf 92' lang='lat' dir='ltr'>id</span> <span class='ocrx_word' id='word_1_363' title='bbox 958 1865 1065 1902; x_wconf 85' lang='lat' dir='ltr'>simus,</span> <span class='ocrx_word' id='word_1_364' title='bbox 1095 1866 1180 1906; x_wconf 90' lang='lat' dir='ltr'>quod</span> <span class='ocrx_word' id='word_1_365' title='bbox 1208 1866 1342 1906; x_wconf 82' lang='lat' dir='ltr'>quisque</span> <span class='ocrx_word' id='word_1_366' title='bbox 1372 1870 1520 1895; x_wconf 85' lang='lat' dir='ltr'>nostrum.</span> <span class='ocrx_word' id='word_1_367' title='bbox 1543 1875 1607 1893; x_wconf 88' lang='lat' dir='ltr'>nou</span> 
     </span>
     <span class='ocr_line' id='line_1_31' title="bbox 139 1917 1607 1961; baseline -0.003 -10"><span class='ocrx_word' id='word_1_368' title='bbox 139 1921 221 1951; x_wconf 82' lang='lat' dir='ltr'>enim</span> <span class='ocrx_word' id='word_1_369' title='bbox 246 1931 338 1961; x_wconf 83' lang='lat' dir='ltr'>unus,</span> <span class='ocrx_word' id='word_1_370' title='bbox 367 1921 421 1951; x_wconf 87' lang='lat' dir='ltr'>sed</span> <span class='ocrx_word' id='word_1_371' title='bbox 445 1921 509 1950; x_wconf 91' lang='lat' dir='ltr'>duo</span> <span class='ocrx_word' id='word_1_372' title='bbox 533 1930 649 1951; x_wconf 86' lang='lat' dir='ltr'>sumus.</span> <span class='ocrx_word' id='word_1_373' title='bbox 673 1920 753 1950; x_wconf 87' lang='lat' dir='ltr'>adeo</span> <span class='ocrx_word' id='word_1_374' title='bbox 776 1919 854 1949; x_wconf 77' lang='lat' dir='ltr'>fatui</span> <span class='ocrx_word' id='word_1_375' title='bbox 876 1930 1009 1949; x_wconf 84' lang='lat' dir='ltr'>eramus.</span> <span class='ocrx_word' id='word_1_376' title='bbox 1055 1918 1150 1949; x_wconf 89' lang='lat' dir='ltr'>Nunc</span> <span class='ocrx_word' id='word_1_377' title='bbox 1174 1929 1244 1948; x_wconf 87' lang='lat' dir='ltr'>vero</span> <span class='ocrx_word' id='word_1_378' title='bbox 1275 1919 1330 1948; x_wconf 90' lang='lat' dir='ltr'>abs</span> <span class='ocrx_word' id='word_1_379' title='bbox 1360 1923 1390 1948; x_wconf 78' lang='lat' dir='ltr'>te</span> <span class='ocrx_word' id='word_1_380' title='bbox 1426 1917 1607 1953; x_wconf 79' lang='lat' dir='ltr'>didicimus,</span> 
     </span>
     <span class='ocr_line' id='line_1_32' title="bbox 137 1971 1606 2015; baseline -0.001 -12"><span class='ocrx_word' id='word_1_381' title='bbox 137 1975 222 2015; x_wconf 82' lang='lat' dir='ltr'>quod</span> <span class='ocrx_word' id='word_1_382' title='bbox 262 1975 288 2005; x_wconf 89' lang='lat' dir='ltr'>si</span> <span class='ocrx_word' id='word_1_383' title='bbox 325 1975 388 2006; x_wconf 89' lang='lat' dir='ltr'>duo</span> <span class='ocrx_word' id='word_1_384' title='bbox 426 1974 518 2004; x_wconf 91' lang='lat' dir='ltr'>ambo</span> <span class='ocrx_word' id='word_1_385' title='bbox 555 1983 673 2013; x_wconf 85' lang='lat' dir='ltr'>sumus,</span> <span class='ocrx_word' id='word_1_386' title='bbox 711 1973 775 2002; x_wconf 91' lang='lat' dir='ltr'>duo</span> <span class='ocrx_word' id='word_1_387' title='bbox 813 1971 952 2002; x_wconf 86' lang='lat' dir='ltr'>similiter</span> <span class='ocrx_word' id='word_1_388' title='bbox 994 1976 1159 2012; x_wconf 82' lang='lat' dir='ltr'>utrumque</span> <span class='ocrx_word' id='word_1_389' title='bbox 1196 1977 1333 2001; x_wconf 89' lang='lat' dir='ltr'>nostrum</span> <span class='ocrx_word' id='word_1_390' title='bbox 1374 1982 1442 2001; x_wconf 82' lang='lat' dir='ltr'>esse</span> <span class='ocrx_word' id='word_1_391' title='bbox 1479 1981 1606 2001; x_wconf 81' lang='lat' dir='ltr'>necesse</span> 
     </span>
     <span class='ocr_line' id='line_1_33' title="bbox 137 2025 1606 2067; baseline -0.003 -9"><span class='ocrx_word' id='word_1_392' title='bbox 137 2034 206 2058; x_wconf 82' lang='lat' dir='ltr'>est:</span> <span class='ocrx_word' id='word_1_393' title='bbox 231 2033 263 2059; x_wconf 87' lang='lat' dir='ltr'>et</span> <span class='ocrx_word' id='word_1_394' title='bbox 288 2028 313 2058; x_wconf 91' lang='lat' dir='ltr'>si</span> <span class='ocrx_word' id='word_1_395' title='bbox 342 2038 422 2058; x_wconf 89' lang='lat' dir='ltr'>unus</span> <span class='ocrx_word' id='word_1_396' title='bbox 449 2032 590 2067; x_wconf 85' lang='lat' dir='ltr'>uterque,</span> <span class='ocrx_word' id='word_1_397' title='bbox 614 2037 710 2057; x_wconf 83' lang='lat' dir='ltr'>unum</span> <span class='ocrx_word' id='word_1_398' title='bbox 735 2025 848 2067; x_wconf 86' lang='lat' dir='ltr'>pariter</span> <span class='ocrx_word' id='word_1_399' title='bbox 874 2026 992 2056; x_wconf 84' lang='lat' dir='ltr'>ambos.</span> <span class='ocrx_word' id='word_1_400' title='bbox 1038 2025 1235 2066; x_wconf 83' lang='lat' dir='ltr'>Impossibile</span> <span class='ocrx_word' id='word_1_401' title='bbox 1251 2025 1334 2056; x_wconf 88' lang='lat' dir='ltr'>enim</span> <span class='ocrx_word' id='word_1_402' title='bbox 1358 2030 1417 2061; x_wconf 88' lang='lat' dir='ltr'>est,</span> <span class='ocrx_word' id='word_1_403' title='bbox 1440 2025 1606 2055; x_wconf 82' lang='lat' dir='ltr'>universali</span> 
     </span>
     <span class='ocr_line' id='line_1_34' title="bbox 137 2079 1602 2122; baseline -0.003 -10"><span class='ocrx_word' id='word_1_404' title='bbox 137 2087 168 2112; x_wconf 86' lang='lat' dir='ltr'>et</span> <span class='ocrx_word' id='word_1_405' title='bbox 197 2082 347 2114; x_wconf 85' lang='lat' dir='ltr'>contiuua</span> <span class='ocrx_word' id='word_1_406' title='bbox 376 2081 518 2112; x_wconf 83' lang='lat' dir='ltr'>essentiae</span> <span class='ocrx_word' id='word_1_407' title='bbox 549 2081 668 2111; x_wconf 85' lang='lat' dir='ltr'>ratione</span> <span class='ocrx_word' id='word_1_408' title='bbox 698 2081 869 2111; x_wconf 87' lang='lat' dir='ltr'>secundum</span> <span class='ocrx_word' id='word_1_409' title='bbox 894 2079 1059 2122; x_wconf 84' lang='lat' dir='ltr'>Hippiam,</span> <span class='ocrx_word' id='word_1_410' title='bbox 1091 2080 1179 2110; x_wconf 86' lang='lat' dir='ltr'>aliter</span> <span class='ocrx_word' id='word_1_411' title='bbox 1209 2089 1240 2110; x_wconf 86' lang='lat' dir='ltr'>se</span> <span class='ocrx_word' id='word_1_412' title='bbox 1270 2079 1394 2110; x_wconf 88' lang='lat' dir='ltr'>habere.</span> <span class='ocrx_word' id='word_1_413' title='bbox 1428 2079 1483 2109; x_wconf 83' lang='lat' dir='ltr'>sed</span> <span class='ocrx_word' id='word_1_414' title='bbox 1518 2079 1602 2119; x_wconf 89' lang='lat' dir='ltr'>quod</span> 
     </span>
     <span class='ocr_line' id='line_1_35' title="bbox 138 2132 1605 2176; baseline -0.002 -11"><span class='ocrx_word' id='word_1_415' title='bbox 138 2136 228 2166; x_wconf 78' lang='lat' dir='ltr'>ambo</span> <span class='ocrx_word' id='word_1_416' title='bbox 244 2141 344 2176; x_wconf 79' lang='lat' dir='ltr'>erant,</span> <span class='ocrx_word' id='word_1_417' title='bbox 360 2135 443 2166; x_wconf 84' lang='lat' dir='ltr'>idem</span> <span class='ocrx_word' id='word_1_418' title='bbox 460 2140 492 2166; x_wconf 87' lang='lat' dir='ltr'>et</span> <span class='ocrx_word' id='word_1_419' title='bbox 507 2135 650 2176; x_wconf 81' lang='lat' dir='ltr'>singula:</span> <span class='ocrx_word' id='word_1_420' title='bbox 675 2139 706 2165; x_wconf 89' lang='lat' dir='ltr'>et</span> <span class='ocrx_word' id='word_1_421' title='bbox 720 2139 839 2171; x_wconf 90' lang='lat' dir='ltr'>contra,</span> <span class='ocrx_word' id='word_1_422' title='bbox 854 2135 940 2175; x_wconf 89' lang='lat' dir='ltr'>quod</span> <span class='ocrx_word' id='word_1_423' title='bbox 956 2134 1090 2175; x_wconf 84' lang='lat' dir='ltr'>singula,</span> <span class='ocrx_word' id='word_1_424' title='bbox 1109 2133 1222 2174; x_wconf 87' lang='lat' dir='ltr'>pariter</span> <span class='ocrx_word' id='word_1_425' title='bbox 1244 2134 1346 2165; x_wconf 81' lang='lat' dir='ltr'>ambo,</span> <span class='ocrx_word' id='word_1_426' title='bbox 1393 2132 1488 2163; x_wconf 88' lang='lat' dir='ltr'>Nunc</span> <span class='ocrx_word' id='word_1_427' title='bbox 1512 2133 1605 2173; x_wconf 70' lang='lat' dir='ltr'>igitur</span> 
     </span>
     <span class='ocr_line' id='line_1_36' title="bbox 138 2188 1605 2231; baseline -0.003 -11"><span class='ocrx_word' id='word_1_428' title='bbox 138 2200 157 2220; x_wconf 80' lang='lat' dir='ltr'>a</span> <span class='ocrx_word' id='word_1_429' title='bbox 173 2196 201 2220; x_wconf 80' lang='lat' dir='ltr'>te</span> <span class='ocrx_word' id='word_1_430' title='bbox 219 2200 381 2231; x_wconf 85' lang='lat' dir='ltr'>persuasus</span> <span class='ocrx_word' id='word_1_431' title='bbox 397 2189 448 2221; x_wconf 80' lang='lat' dir='ltr'>hic</span> <span class='ocrx_word' id='word_1_432' title='bbox 471 2190 579 2221; x_wconf 87' lang='lat' dir='ltr'>sedeo.</span> <span class='ocrx_word' id='word_1_433' title='bbox 603 2189 687 2230; x_wconf 87' lang='lat' dir='ltr'>prius</span> <span class='ocrx_word' id='word_1_434' title='bbox 704 2193 821 2226; x_wconf 83' lang='lat' dir='ltr'>tamen,</span> <span class='ocrx_word' id='word_1_435' title='bbox 837 2199 856 2219; x_wconf 94' lang='lat' dir='ltr'>o</span> <span class='ocrx_word' id='word_1_436' title='bbox 873 2189 1006 2231; x_wconf 87' lang='lat' dir='ltr'>Hippia,</span> <span class='ocrx_word' id='word_1_437' title='bbox 1023 2189 1054 2219; x_wconf 89' lang='lat' dir='ltr'>id</span> <span class='ocrx_word' id='word_1_438' title='bbox 1073 2188 1147 2218; x_wconf 81' lang='lat' dir='ltr'>milri</span> <span class='ocrx_word' id='word_1_439' title='bbox 1164 2198 1310 2224; x_wconf 83' lang='lat' dir='ltr'>memora,</span> <span class='ocrx_word' id='word_1_440' title='bbox 1326 2192 1428 2217; x_wconf 85' lang='lat' dir='ltr'>utrum</span> <span class='ocrx_word' id='word_1_441' title='bbox 1445 2196 1524 2216; x_wconf 87' lang='lat' dir='ltr'>unus</span> <span class='ocrx_word' id='word_1_442' title='bbox 1546 2197 1605 2226; x_wconf 75' lang='lat' dir='ltr'>ego</span> 
     </span>
     <span class='ocr_line' id='line_1_37' title="bbox 141 2241 1606 2285; baseline -0.003 -12"><span class='ocrx_word' id='word_1_443' title='bbox 141 2249 236 2284; x_wconf 77' lang='lat' dir='ltr'>tuque</span> <span class='ocrx_word' id='word_1_444' title='bbox 251 2243 358 2280; x_wconf 85' lang='lat' dir='ltr'>simus,</span> <span class='ocrx_word' id='word_1_445' title='bbox 384 2244 430 2274; x_wconf 89' lang='lat' dir='ltr'>vel</span> <span class='ocrx_word' id='word_1_446' title='bbox 449 2248 481 2274; x_wconf 93' lang='lat' dir='ltr'>tu</span> <span class='ocrx_word' id='word_1_447' title='bbox 498 2244 575 2281; x_wconf 92' lang='lat' dir='ltr'>duo,</span> <span class='ocrx_word' id='word_1_448' title='bbox 590 2248 623 2274; x_wconf 88' lang='lat' dir='ltr'>et</span> <span class='ocrx_word' id='word_1_449' title='bbox 634 2254 693 2285; x_wconf 84' lang='lat' dir='ltr'>ego</span> <span class='ocrx_word' id='word_1_450' title='bbox 717 2244 793 2274; x_wconf 88' lang='lat' dir='ltr'>duo.</span> <span class='ocrx_word' id='word_1_451' title='bbox 839 2243 921 2274; x_wconf 73' lang='lat' dir='ltr'>Hrr».</span> <span class='ocrx_word' id='word_1_452' title='bbox 945 2242 1032 2280; x_wconf 85' lang='lat' dir='ltr'>Quid</span> <span class='ocrx_word' id='word_1_453' title='bbox 1056 2243 1112 2284; x_wconf 83' lang='lat' dir='ltr'>ais,</span> <span class='ocrx_word' id='word_1_454' title='bbox 1134 2242 1301 2274; x_wconf 84' lang='lat' dir='ltr'>Socrates?</span> <span class='ocrx_word' id='word_1_455' title='bbox 1350 2242 1406 2272; x_wconf 89' lang='lat' dir='ltr'>SO.</span> <span class='ocrx_word' id='word_1_456' title='bbox 1430 2241 1508 2271; x_wconf 66' lang='lat' dir='ltr'>Ilaec</span> <span class='ocrx_word' id='word_1_457' title='bbox 1525 2241 1606 2281; x_wconf 79' lang='lat' dir='ltr'>ipsa,</span> 
     </span>
     <span class='ocr_line' id='line_1_38' title="bbox 137 2285 1604 2339; baseline -0.001 -12"><span class='ocrx_word' id='word_1_458' title='bbox 137 2308 206 2338; x_wconf 81' lang='lat' dir='ltr'>quae</span> <span class='ocrx_word' id='word_1_459' title='bbox 222 2298 304 2329; x_wconf 90' lang='lat' dir='ltr'>dico.</span> <span class='ocrx_word' id='word_1_460' title='bbox 329 2309 434 2329; x_wconf 85' lang='lat' dir='ltr'>vereor</span> <span class='ocrx_word' id='word_1_461' title='bbox 448 2298 530 2329; x_wconf 90' lang='lat' dir='ltr'>enim</span> <span class='ocrx_word' id='word_1_462' title='bbox 547 2303 653 2339; x_wconf 86' lang='lat' dir='ltr'>aperte</span> <span class='ocrx_word' id='word_1_463' title='bbox 669 2309 771 2329; x_wconf 86' lang='lat' dir='ltr'>coram</span> <span class='ocrx_word' id='word_1_464' title='bbox 789 2304 820 2329; x_wconf 87' lang='lat' dir='ltr'>te</span> <span class='ocrx_word' id='word_1_465' title='bbox 833 2298 930 2339; x_wconf 89' lang='lat' dir='ltr'>loqui.</span> <span class='ocrx_word' id='word_1_466' title='bbox 945 2309 1017 2328; x_wconf 89' lang='lat' dir='ltr'>nam</span> <span class='ocrx_word' id='word_1_467' title='bbox 1028 2297 1102 2328; x_wconf 77' lang='lat' dir='ltr'>mihi</span> <span class='ocrx_word' id='word_1_468' title='bbox 1113 2306 1275 2328; x_wconf 80' lang='lat' dir='ltr'>succenses</span> <span class='ocrx_word' id='word_1_469' title='bbox 1289 2296 1466 2336; x_wconf 89' lang='lat' dir='ltr'>turbasque,</span> <span class='ocrx_word' id='word_1_470' title='bbox 1478 2285 1604 2335; x_wconf 81' lang='lat' dir='ltr'>quaudo</span> 
     </span>
     <span class='ocr_line' id='line_1_39' title="bbox 137 2349 1604 2393; baseline -0.002 -13"><span class='ocrx_word' id='word_1_471' title='bbox 137 2351 240 2382; x_wconf 83' lang='lat' dir='ltr'>dicere</span> <span class='ocrx_word' id='word_1_472' title='bbox 265 2351 383 2393; x_wconf 89' lang='lat' dir='ltr'>aliquid</span> <span class='ocrx_word' id='word_1_473' title='bbox 411 2352 467 2382; x_wconf 82' lang='lat' dir='ltr'>tibi</span> <span class='ocrx_word' id='word_1_474' title='bbox 491 2352 552 2393; x_wconf 90' lang='lat' dir='ltr'>ipsi</span> <span class='ocrx_word' id='word_1_475' title='bbox 579 2351 703 2383; x_wconf 82' lang='lat' dir='ltr'>videris.</span> <span class='ocrx_word' id='word_1_476' title='bbox 729 2350 827 2393; x_wconf 81' lang='lat'><strong>[302]</strong></span> <span class='ocrx_word' id='word_1_477' title='bbox 853 2351 951 2382; x_wconf 86' lang='lat' dir='ltr'>Simul</span> <span class='ocrx_word' id='word_1_478' title='bbox 978 2356 1083 2382; x_wconf 87' lang='lat' dir='ltr'>autem</span> <span class='ocrx_word' id='word_1_479' title='bbox 1111 2349 1186 2381; x_wconf 76' lang='lat' dir='ltr'>milri</span> <span class='ocrx_word' id='word_1_480' title='bbox 1212 2349 1311 2389; x_wconf 86' lang='lat' dir='ltr'>dicas,</span> <span class='ocrx_word' id='word_1_481' title='bbox 1341 2359 1446 2379; x_wconf 87' lang='lat' dir='ltr'>nonne</span> <span class='ocrx_word' id='word_1_482' title='bbox 1474 2353 1604 2389; x_wconf 85' lang='lat' dir='ltr'>uterque</span> 
     </span>
     <span class='ocr_line' id='line_1_40' title="bbox 137 2403 1603 2447; baseline -0.002 -13"><span class='ocrx_word' id='word_1_483' title='bbox 137 2410 272 2435; x_wconf 85' lang='lat' dir='ltr'>nostrum</span> <span class='ocrx_word' id='word_1_484' title='bbox 290 2416 369 2436; x_wconf 88' lang='lat' dir='ltr'>unus</span> <span class='ocrx_word' id='word_1_485' title='bbox 383 2410 442 2447; x_wconf 87' lang='lat' dir='ltr'>est,</span> <span class='ocrx_word' id='word_1_486' title='bbox 456 2411 489 2437; x_wconf 88' lang='lat' dir='ltr'>et</span> <span class='ocrx_word' id='word_1_487' title='bbox 503 2416 599 2436; x_wconf 89' lang='lat' dir='ltr'>unum</span> <span class='ocrx_word' id='word_1_488' title='bbox 621 2417 688 2437; x_wconf 90' lang='lat' dir='ltr'>esse</span> <span class='ocrx_word' id='word_1_489' title='bbox 711 2411 758 2437; x_wconf 74' lang='lat' dir='ltr'>est</span> <span class='ocrx_word' id='word_1_490' title='bbox 781 2407 914 2447; x_wconf 81' lang='lat' dir='ltr'>passus?</span> <span class='ocrx_word' id='word_1_491' title='bbox 959 2405 1042 2437; x_wconf 81' lang='lat' dir='ltr'>Hrr‘.</span> <span class='ocrx_word' id='word_1_492' title='bbox 1067 2405 1217 2436; x_wconf 85' lang='lat' dir='ltr'>Omnino.</span> <span class='ocrx_word' id='word_1_493' title='bbox 1262 2404 1319 2435; x_wconf 90' lang='lat' dir='ltr'>SO.</span> <span class='ocrx_word' id='word_1_494' title='bbox 1344 2404 1440 2441; x_wconf 78' lang='lat' dir='ltr'>Quod</span> <span class='ocrx_word' id='word_1_495' title='bbox 1463 2403 1488 2434; x_wconf 87' lang='lat' dir='ltr'>si</span> <span class='ocrx_word' id='word_1_496' title='bbox 1511 2413 1603 2442; x_wconf 79' lang='lat' dir='ltr'>unus,</span> 
     </span>
     <span class='ocr_line' id='line_1_41' title="bbox 136 2456 1603 2501; baseline -0.003 -12"><span class='ocrx_word' id='word_1_497' title='bbox 136 2460 236 2500; x_wconf 87' lang='lat' dir='ltr'>impar</span> <span class='ocrx_word' id='word_1_498' title='bbox 259 2469 395 2501; x_wconf 88' lang='lat' dir='ltr'>quoque.</span> <span class='ocrx_word' id='word_1_499' title='bbox 419 2470 460 2490; x_wconf 86' lang='lat' dir='ltr'>an</span> <span class='ocrx_word' id='word_1_500' title='bbox 488 2470 554 2491; x_wconf 85' lang='lat' dir='ltr'>non</span> <span class='ocrx_word' id='word_1_501' title='bbox 580 2471 676 2491; x_wconf 88' lang='lat' dir='ltr'>unum</span> <span class='ocrx_word' id='word_1_502' title='bbox 703 2459 801 2501; x_wconf 87' lang='lat' dir='ltr'>impar</span> <span class='ocrx_word' id='word_1_503' title='bbox 827 2460 1009 2491; x_wconf 85' lang='lat' dir='ltr'>existimas?</span> <span class='ocrx_word' id='word_1_504' title='bbox 1054 2459 1137 2491; x_wconf 75' lang='lat' dir='ltr'>Hu&#39;.</span> <span class='ocrx_word' id='word_1_505' title='bbox 1162 2458 1329 2501; x_wconf 86' lang='lat' dir='ltr'>Equidem.</span> <span class='ocrx_word' id='word_1_506' title='bbox 1373 2458 1431 2488; x_wconf 90' lang='lat' dir='ltr'>So.</span> <span class='ocrx_word' id='word_1_507' title='bbox 1455 2456 1539 2486; x_wconf 90' lang='lat' dir='ltr'>Num</span> <span class='ocrx_word' id='word_1_508' title='bbox 1571 2462 1603 2486; x_wconf 83' lang='lat' dir='ltr'>et</span> 
     </span>
     <span class='ocr_line' id='line_1_42' title="bbox 135 2510 1602 2554; baseline -0.003 -11"><span class='ocrx_word' id='word_1_509' title='bbox 135 2514 240 2552; x_wconf 87' lang='lat' dir='ltr'>ambo,</span> <span class='ocrx_word' id='word_1_510' title='bbox 256 2523 326 2543; x_wconf 88' lang='lat' dir='ltr'>cum</span> <span class='ocrx_word' id='word_1_511' title='bbox 341 2512 435 2543; x_wconf 88' lang='lat' dir='ltr'>simus</span> <span class='ocrx_word' id='word_1_512' title='bbox 452 2513 528 2552; x_wconf 88' lang='lat' dir='ltr'>(luo,</span> <span class='ocrx_word' id='word_1_513' title='bbox 544 2513 677 2554; x_wconf 85' lang='lat' dir='ltr'>impares</span> <span class='ocrx_word' id='word_1_514' title='bbox 692 2524 797 2544; x_wconf 83' lang='lat' dir='ltr'>sumus</span> <span class='ocrx_word' id='word_1_515' title='bbox 812 2514 823 2544; x_wconf 89' lang='lat'>?</span> <span class='ocrx_word' id='word_1_516' title='bbox 859 2514 943 2544; x_wconf 74' lang='grc' dir='ltr'><strong>ΗΠ».</strong></span> <span class='ocrx_word' id='word_1_517' title='bbox 967 2513 1188 2554; x_wconf 87' lang='lat' dir='ltr'>Nequaquam.</span> <span class='ocrx_word' id='word_1_518' title='bbox 1221 2513 1278 2542; x_wconf 86' lang='lat' dir='ltr'>So.</span> <span class='ocrx_word' id='word_1_519' title='bbox 1302 2511 1362 2542; x_wconf 87' lang='lat' dir='ltr'>Sed</span> <span class='ocrx_word' id='word_1_520' title='bbox 1381 2521 1469 2552; x_wconf 86' lang='lat' dir='ltr'>pares</span> <span class='ocrx_word' id='word_1_521' title='bbox 1485 2511 1576 2540; x_wconf 88' lang='lat' dir='ltr'>ambo</span> <span class='ocrx_word' id='word_1_522' title='bbox 1592 2510 1602 2538; x_wconf 71' lang='lat'>3</span> 
     </span>
     <span class='ocr_line' id='line_1_43' title="bbox 139 2564 1603 2609; baseline -0.003 -12"><span class='ocrx_word' id='word_1_523' title='bbox 139 2567 220 2597; x_wconf 66' lang='grc' dir='ltr'>ΗΠ».</span> <span class='ocrx_word' id='word_1_524' title='bbox 245 2566 351 2598; x_wconf 72' lang='lat' dir='ltr'>Pau-s.</span> <span class='ocrx_word' id='word_1_525' title='bbox 397 2566 451 2598; x_wconf 88' lang='lat' dir='ltr'>So.</span> <span class='ocrx_word' id='word_1_526' title='bbox 476 2566 628 2607; x_wconf 88' lang='lat' dir='ltr'>Nunquid</span> <span class='ocrx_word' id='word_1_527' title='bbox 645 2578 682 2598; x_wconf 84' lang='lat' dir='ltr'>ex</span> <span class='ocrx_word' id='word_1_528' title='bbox 698 2579 750 2604; x_wconf 90' lang='lat' dir='ltr'>eo,</span> <span class='ocrx_word' id='word_1_529' title='bbox 775 2569 861 2609; x_wconf 87' lang='lat' dir='ltr'>quod</span> <span class='ocrx_word' id='word_1_530' title='bbox 878 2569 969 2598; x_wconf 88' lang='lat' dir='ltr'>ambo</span> <span class='ocrx_word' id='word_1_531' title='bbox 986 2578 1086 2609; x_wconf 86' lang='lat' dir='ltr'>pares,</span> <span class='ocrx_word' id='word_1_532' title='bbox 1111 2578 1165 2608; x_wconf 89' lang='lat' dir='ltr'>par</span> <span class='ocrx_word' id='word_1_533' title='bbox 1181 2567 1273 2597; x_wconf 90' lang='lat' dir='ltr'>etiam</span> <span class='ocrx_word' id='word_1_534' title='bbox 1297 2572 1424 2606; x_wconf 88' lang='lat' dir='ltr'>uterque</span> <span class='ocrx_word' id='word_1_535' title='bbox 1441 2570 1577 2595; x_wconf 81' lang='lat' dir='ltr'>nostrum</span> <span class='ocrx_word' id='word_1_536' title='bbox 1593 2564 1603 2593; x_wconf 73' lang='grc' dir='ltr'><strong><em>ἓ</em></strong></span> 
     </span>
     <span class='ocr_line' id='line_1_44' title="bbox 138 2620 1605 2662; baseline -0.002 -11"><span class='ocrx_word' id='word_1_537' title='bbox 138 2621 219 2651; x_wconf 71' lang='lat' dir='ltr'>Ille.</span> <span class='ocrx_word' id='word_1_538' title='bbox 243 2621 388 2652; x_wconf 83' lang='lat' dir='ltr'>Minime.</span> <span class='ocrx_word' id='word_1_539' title='bbox 434 2621 490 2652; x_wconf 78' lang='lat' dir='ltr'>So.</span> <span class='ocrx_word' id='word_1_540' title='bbox 515 2620 588 2650; x_wconf 91' lang='lat' dir='ltr'>Non</span> <span class='ocrx_word' id='word_1_541' title='bbox 616 2631 688 2662; x_wconf 83' lang='lat' dir='ltr'>ergo</span> <span class='ocrx_word' id='word_1_542' title='bbox 705 2632 832 2653; x_wconf 86' lang='lat' dir='ltr'>neccsse</span> <span class='ocrx_word' id='word_1_543' title='bbox 858 2627 906 2654; x_wconf 85' lang='lat' dir='ltr'>est</span> <span class='ocrx_word' id='word_1_544' title='bbox 934 2621 1073 2657; x_wconf 87' lang='lat' dir='ltr'>omnino,</span> <span class='ocrx_word' id='word_1_545' title='bbox 1089 2626 1124 2651; x_wconf 87' lang='lat' dir='ltr'>ut</span> <span class='ocrx_word' id='word_1_546' title='bbox 1140 2620 1232 2651; x_wconf 90' lang='lat' dir='ltr'>modo</span> <span class='ocrx_word' id='word_1_547' title='bbox 1255 2620 1392 2655; x_wconf 83' lang='lat' dir='ltr'>dicebas,</span> <span class='ocrx_word' id='word_1_548' title='bbox 1409 2629 1605 2660; x_wconf 67' lang='lat' dir='ltr'>quaecunque</span> 
     </span>
     <span class='ocr_line' id='line_1_45' title="bbox 138 2673 1604 2717; baseline -0.002 -13"><span class='ocrx_word' id='word_1_549' title='bbox 138 2675 242 2714; x_wconf 82' lang='lat' dir='ltr'>ambo,</span> <span class='ocrx_word' id='word_1_550' title='bbox 259 2675 407 2715; x_wconf 83' lang='lat' dir='ltr'>singulos,</span> <span class='ocrx_word' id='word_1_551' title='bbox 422 2681 454 2705; x_wconf 84' lang='lat' dir='ltr'>et</span> <span class='ocrx_word' id='word_1_552' title='bbox 471 2685 667 2716; x_wconf 64' lang='lat' dir='ltr'>quaecunque</span> <span class='ocrx_word' id='word_1_553' title='bbox 683 2675 809 2717; x_wconf 83' lang='lat' dir='ltr'>singuli,</span> <span class='ocrx_word' id='word_1_554' title='bbox 824 2677 931 2707; x_wconf 91' lang='lat' dir='ltr'>ambos</span> <span class='ocrx_word' id='word_1_555' title='bbox 947 2687 1025 2707; x_wconf 85' lang='lat' dir='ltr'>esse.</span> <span class='ocrx_word' id='word_1_556' title='bbox 1071 2675 1153 2705; x_wconf 72' lang='lat' dir='ltr'>Hm.</span> <span class='ocrx_word' id='word_1_557' title='bbox 1177 2674 1251 2704; x_wconf 91' lang='lat' dir='ltr'>Non</span> <span class='ocrx_word' id='word_1_558' title='bbox 1267 2674 1298 2703; x_wconf 90' lang='lat' dir='ltr'>in</span> <span class='ocrx_word' id='word_1_559' title='bbox 1312 2674 1401 2704; x_wconf 87' lang='lat' dir='ltr'>rebus</span> <span class='ocrx_word' id='word_1_560' title='bbox 1412 2673 1604 2714; x_wconf 81' lang='lat' dir='ltr'>hujusmodi,</span> 
     </span>
     <span class='ocr_line' id='line_1_46' title="bbox 138 2727 1605 2770; baseline -0.001 -13"><span class='ocrx_word' id='word_1_561' title='bbox 138 2729 190 2758; x_wconf 82' lang='lat' dir='ltr'>sed</span> <span class='ocrx_word' id='word_1_562' title='bbox 210 2728 239 2757; x_wconf 88' lang='lat' dir='ltr'>iu</span> <span class='ocrx_word' id='word_1_563' title='bbox 257 2728 315 2764; x_wconf 78' lang='lat' dir='ltr'>his,</span> <span class='ocrx_word' id='word_1_564' title='bbox 331 2739 401 2769; x_wconf 73' lang='lat' dir='ltr'>qua:</span> <span class='ocrx_word' id='word_1_565' title='bbox 413 2728 479 2769; x_wconf 90' lang='lat' dir='ltr'>ipse</span> <span class='ocrx_word' id='word_1_566' title='bbox 490 2739 582 2770; x_wconf 77' lang='lat' dir='ltr'>supra</span> <span class='ocrx_word' id='word_1_567' title='bbox 596 2729 726 2760; x_wconf 85' lang='lat' dir='ltr'>narravi.</span> <span class='ocrx_word' id='word_1_568' title='bbox 761 2730 818 2762; x_wconf 81' lang='lat' dir='ltr'>So,</span> <span class='ocrx_word' id='word_1_569' title='bbox 841 2731 896 2761; x_wconf 89' lang='lat' dir='ltr'>Sat</span> <span class='ocrx_word' id='word_1_570' title='bbox 908 2730 1020 2765; x_wconf 87' lang='lat' dir='ltr'>habeo,</span> <span class='ocrx_word' id='word_1_571' title='bbox 1033 2728 1167 2770; x_wconf 87' lang='lat' dir='ltr'>Hippia.</span> <span class='ocrx_word' id='word_1_572' title='bbox 1183 2738 1253 2758; x_wconf 84' lang='lat' dir='ltr'>nam</span> <span class='ocrx_word' id='word_1_573' title='bbox 1268 2728 1328 2758; x_wconf 85' lang='lat' dir='ltr'>ista</span> <span class='ocrx_word' id='word_1_574' title='bbox 1337 2727 1505 2761; x_wconf 83' lang='lat' dir='ltr'>sufficiunt,</span> <span class='ocrx_word' id='word_1_575' title='bbox 1519 2731 1605 2767; x_wconf 88' lang='lat' dir='ltr'>post-</span> 
     </span>
     <span class='ocr_line' id='line_1_47' title="bbox 139 2780 1604 2825; baseline -0.002 -14"><span class='ocrx_word' id='word_1_576' title='bbox 139 2792 232 2823; x_wconf 85' lang='lat' dir='ltr'>quam</span> <span class='ocrx_word' id='word_1_577' title='bbox 244 2782 305 2812; x_wconf 83' lang='lat' dir='ltr'>alia</span> <span class='ocrx_word' id='word_1_578' title='bbox 316 2783 371 2820; x_wconf 90' lang='lat' dir='ltr'>sic,</span> <span class='ocrx_word' id='word_1_579' title='bbox 385 2782 444 2813; x_wconf 89' lang='lat' dir='ltr'>alia</span> <span class='ocrx_word' id='word_1_580' title='bbox 455 2782 543 2813; x_wconf 76' lang='lat' dir='ltr'>aliter</span> <span class='ocrx_word' id='word_1_581' title='bbox 553 2793 585 2813; x_wconf 91' lang='lat' dir='ltr'>se</span> <span class='ocrx_word' id='word_1_582' title='bbox 599 2783 710 2814; x_wconf 84' lang='lat' dir='ltr'>habere</span> <span class='ocrx_word' id='word_1_583' title='bbox 723 2783 878 2816; x_wconf 86' lang='lat' dir='ltr'>videntur.</span> <span class='ocrx_word' id='word_1_584' title='bbox 904 2783 980 2814; x_wconf 81' lang='lat' dir='ltr'>Dixi</span> <span class='ocrx_word' id='word_1_585' title='bbox 991 2783 1150 2825; x_wconf 83' lang='lat' dir='ltr'>equidem,</span> <span class='ocrx_word' id='word_1_586' title='bbox 1164 2782 1206 2823; x_wconf 85' lang='lat' dir='ltr'>(si</span> <span class='ocrx_word' id='word_1_587' title='bbox 1221 2781 1398 2820; x_wconf 81' lang='lat' dir='ltr'>recordaris,</span> <span class='ocrx_word' id='word_1_588' title='bbox 1408 2780 1492 2811; x_wconf 85' lang='lat' dir='ltr'>unde</span> <span class='ocrx_word' id='word_1_589' title='bbox 1506 2790 1604 2810; x_wconf 87' lang='lat' dir='ltr'>sermo</span> 
     </span>
     <span class='ocr_line' id='line_1_48' title="bbox 139 2833 1602 2879; baseline -0.002 -15"><span class='ocrx_word' id='word_1_590' title='bbox 139 2835 186 2866; x_wconf 78' lang='lat' dir='ltr'>liic</span> <span class='ocrx_word' id='word_1_591' title='bbox 203 2841 249 2865; x_wconf 83' lang='lat' dir='ltr'>est</span> <span class='ocrx_word' id='word_1_592' title='bbox 265 2835 366 2875; x_wconf 87' lang='lat' dir='ltr'>ortus)</span> <span class='ocrx_word' id='word_1_593' title='bbox 392 2835 568 2876; x_wconf 80' lang='lat' dir='ltr'>voluptates</span> <span class='ocrx_word' id='word_1_594' title='bbox 596 2847 651 2877; x_wconf 78' lang='lat' dir='ltr'>per</span> <span class='ocrx_word' id='word_1_595' title='bbox 678 2835 776 2867; x_wconf 91' lang='lat' dir='ltr'>visum</span> <span class='ocrx_word' id='word_1_596' title='bbox 802 2842 835 2868; x_wconf 87' lang='lat' dir='ltr'>et</span> <span class='ocrx_word' id='word_1_597' title='bbox 862 2848 916 2879; x_wconf 88' lang='lat' dir='ltr'>per</span> <span class='ocrx_word' id='word_1_598' title='bbox 939 2837 1080 2867; x_wconf 82' lang='lat' dir='ltr'>auditum</span> <span class='ocrx_word' id='word_1_599' title='bbox 1095 2847 1156 2866; x_wconf 85' lang='lat' dir='ltr'>non</span> <span class='ocrx_word' id='word_1_600' title='bbox 1182 2837 1240 2867; x_wconf 83' lang='lat' dir='ltr'>boc</span> <span class='ocrx_word' id='word_1_601' title='bbox 1258 2836 1400 2876; x_wconf 80' lang='lat' dir='ltr'>pulchras</span> <span class='ocrx_word' id='word_1_602' title='bbox 1416 2845 1494 2869; x_wconf 67' lang='lat' dir='ltr'>esse,</span> <span class='ocrx_word' id='word_1_603' title='bbox 1519 2833 1602 2873; x_wconf 87' lang='lat' dir='ltr'>quod</span> 
     </span>
     <span class='ocr_line' id='line_1_49' title="bbox 138 2887 1602 2932; baseline -0.002 -15"><span class='ocrx_word' id='word_1_604' title='bbox 138 2889 253 2929; x_wconf 45' lang='grc' dir='ltr'>ιμιῑωίῃΔ</span> <span class='ocrx_word' id='word_1_605' title='bbox 278 2900 382 2919; x_wconf 60' lang='lat' dir='ltr'>cirrum</span> <span class='ocrx_word' id='word_1_606' title='bbox 409 2890 514 2926; x_wconf 71' lang='lat' dir='ltr'>habet,</span> <span class='ocrx_word' id='word_1_607' title='bbox 542 2891 640 2920; x_wconf 66' lang='lat' dir='ltr'>ambae</span> <span class='ocrx_word' id='word_1_608' title='bbox 665 2900 882 2931; x_wconf 81' lang='lat' dir='ltr'>ncquaquam;</span> <span class='ocrx_word' id='word_1_609' title='bbox 907 2891 955 2921; x_wconf 81' lang='lat' dir='ltr'>vel</span> <span class='ocrx_word' id='word_1_610' title='bbox 982 2890 1066 2932; x_wconf 81' lang='lat' dir='ltr'>quod</span> <span class='ocrx_word' id='word_1_611' title='bbox 1093 2890 1204 2926; x_wconf 57' lang='lat' dir='ltr'>ambae,</span> <span class='ocrx_word' id='word_1_612' title='bbox 1232 2889 1286 2920; x_wconf 80' lang='lat' dir='ltr'>sed</span> <span class='ocrx_word' id='word_1_613' title='bbox 1311 2888 1441 2929; x_wconf 72' lang='lat' dir='ltr'>singulm</span> <span class='ocrx_word' id='word_1_614' title='bbox 1458 2887 1602 2916; x_wconf 70' lang='lat' dir='ltr'>minime:</span> 
     </span>
     <span class='ocr_line' id='line_1_50' title="bbox 138 2940 1603 2986; baseline -0.001 -15"><span class='ocrx_word' id='word_1_615' title='bbox 138 2943 230 2972; x_wconf 81' lang='lat' dir='ltr'>immo</span> <span class='ocrx_word' id='word_1_616' title='bbox 247 2953 297 2982; x_wconf 81' lang='lat' dir='ltr'>eo,</span> <span class='ocrx_word' id='word_1_617' title='bbox 327 2944 410 2983; x_wconf 87' lang='lat' dir='ltr'>quod</span> <span class='ocrx_word' id='word_1_618' title='bbox 429 2948 460 2974; x_wconf 81' lang='lat' dir='ltr'>et</span> <span class='ocrx_word' id='word_1_619' title='bbox 475 2944 574 2975; x_wconf 74' lang='lat' dir='ltr'>ainbae</span> <span class='ocrx_word' id='word_1_620' title='bbox 591 2945 708 2976; x_wconf 78' lang='lat' dir='ltr'>liabent</span> <span class='ocrx_word' id='word_1_621' title='bbox 731 2949 763 2976; x_wconf 82' lang='lat' dir='ltr'>et</span> <span class='ocrx_word' id='word_1_622' title='bbox 779 2945 908 2986; x_wconf 77' lang='lat' dir='ltr'>singulae</span> <span class='ocrx_word' id='word_1_623' title='bbox 925 2958 931 2976; x_wconf 88' lang='lat'><strong>:</strong></span> <span class='ocrx_word' id='word_1_624' title='bbox 957 2950 987 2976; x_wconf 80' lang='lat' dir='ltr'>et</span> <span class='ocrx_word' id='word_1_625' title='bbox 1004 2945 1115 2976; x_wconf 85' lang='lat' dir='ltr'>iccirco</span> <span class='ocrx_word' id='word_1_626' title='bbox 1131 2944 1236 2975; x_wconf 79' lang='lat' dir='ltr'>ambus</span> <span class='ocrx_word' id='word_1_627' title='bbox 1260 2948 1291 2974; x_wconf 84' lang='lat' dir='ltr'>et</span> <span class='ocrx_word' id='word_1_628' title='bbox 1307 2942 1443 2983; x_wconf 78' lang='lat' dir='ltr'>singulas</span> <span class='ocrx_word' id='word_1_629' title='bbox 1461 2940 1603 2982; x_wconf 74' lang='lat' dir='ltr'>pulchras</span> 
     </span>
    </p>
   </div>
  </div>
 </body>
</html>
