1840 3225
279 219 354 259 152
847 214 1111 254 PLATONIS
1307 184 1312 187 ’
1636 217 1731 268 [457

272 323 469 367 gymnastica
498 327 709 354 exerceantur.
755 321 871 353 GLAu.
903 322 1118 363 Summopere.
1163 321 1216 352 So-
1253 320 1359 358 Quare
1391 330 1493 362 neque
1529 321 1735 363 impossibilia

272 389 375 419 neque
392 388 448 418 pro
464 377 618 408 desiderio
643 375 854 407 commentitia
884 376 952 417 lege
976 375 1151 411 statuimus,
1168 375 1422 416 quandoquidem
1448 376 1617 406 secundum
1641 382 1733 407 natu-

271 442 336 463 ram
352 431 452 472 legem
468 431 605 462 tulimus.
629 430 721 461 immo
738 440 808 471 quae
824 430 871 460 his
886 429 1076 470 temporibus
1093 434 1200 459 contra
1215 430 1283 459 liaec
1299 429 1390 469 fiunt,
1403 428 1503 459 multo
1529 429 1626 471 magis
1651 441 1732 472 prae-

271 490 319 516 ter
332 489 471 515 naturam
486 484 577 521 fiunt,
594 489 628 514 ut
643 484 776 514 videtur.
822 483 936 514 Grau.
961 483 1106 514 Videtur.
1153 484 1209 513 So.
1233 482 1349 513 Nonne
1376 483 1615 523 disceptandum
1641 484 1732 514 nobis

268 544 345 575 erat,
363 544 461 569 utrum
478 538 636 579 possibilia
652 542 684 568 et
700 537 817 579 optima
832 537 1015 572 diceremus,
1032 537 1154 567 necne?
1200 536 1314 567 Grau.
1336 535 1422 566 Erat.
1466 535 1522 567 So.
1547 537 1641 573 Quod
1659 547 1733 578 pos-

268 592 370 624 sibilia
387 592 525 633 quidem‚
541 590 690 622 constitit.
735 590 850 621 GLAU.
873 590 983 622 Plane.
1028 590 1083 622 So.
1109 590 1202 627 Quod
1220 595 1322 620 autem
1339 590 1468 631 optima,
1484 596 1556 631 post
1568 591 1634 622 haee
1650 601 1732 622 asse-

269 646 411 677 rendum.
457 645 573 677 Grau.
597 645 702 676 Patet.
748 645 803 676 So.
828 644 881 675 Ad
897 645 969 681 hoc,
984 650 1020 674 ut
1036 645 1178 674 mulieres
1193 644 1230 673 ad
1248 643 1421 674 custodiam
1446 643 1635 675 sufficientes
1659 655 1733 676 eva-

271 701 362 740 dant,
377 710 440 730 non
455 699 514 729 alia
531 710 609 740 opus
625 705 671 730 est
686 698 853 739 disciplina
869 709 962 739 quam
977 708 1025 734 ea,
1041 708 1102 739 qua
1119 697 1199 728 viros
1214 698 1252 727 ad
1271 697 1352 728 idem
1380 697 1579 728 instruimus:
1603 708 1730 739 praeser-

271 753 326 784 tim
342 764 411 784 cum
428 753 537 784 eadem
554 752 724 793 reperiatur
738 752 772 782 in
799 752 935 792 utrisque
962 756 1084 783 natura.
1131 750 1244 783 Grau.
1267 750 1342 781 Non
1365 751 1437 781 alia.
1481 751 1538 782 So.
1562 750 1731 793 Quid‘por-

270 817 304 837 ro
331 808 370 837 de
397 807 456 838 hoc
480 806 600 837 sentis?
647 805 761 837 GLAu.
785 805 879 842 Quod
910 804 1010 845 petis?
1056 804 1111 835 So.
1137 804 1251 841 Quaero
1275 803 1420 845 equidem
1447 808 1547 834 utrum
1576 804 1731 836 existimes

269 859 351 892 inter
366 860 446 891 viros
462 860 540 890 alios
556 859 708 895 meliores,
725 859 891 889 deteriores
907 858 984 888 alios
999 869 1078 894 esse,
1094 868 1132 888 an
1157 858 1271 888 similes
1297 868 1416 888 omnes.
1463 857 1575 889 Grau.
1601 858 1732 900 Nequa-

270 925 364 956 quam
389 914 513 946 similes.
560 914 616 945 So.
642 913 680 943 In
706 913 831 943 civitate
858 913 961 953 igitur,
988 922 1079 953 quam
1105 912 1314 948 condidimus,
1340 911 1482 953 nunquid
1509 922 1618 943 censes
1642 912 1733 943 nobis

270 967 500 1010 praestantiores
515 968 596 998 viros
613 968 691 998 effici
708 967 865 1002 custodes,
882 977 949 996 eam
967 976 1059 1007 quam
1073 966 1216 996 dedimus
1233 964 1428 1006 disciplinam
1457 965 1589 1006 adeptos
1603 977 1612 1004 3
1635 975 1728 1007 quam

270 1021 427 1058 coriarius,
442 1022 553 1062 peritia
567 1021 695 1053 coriaria
721 1020 882 1050 imbutos?
919 1019 1042 1051 ,GLAU.
1068 1019 1251 1049 Ridiculum
1278 1023 1326 1049 est
1349 1019 1433 1059 quod
1460 1018 1553 1059 petis.
1596 1019 1652 1050 So.
1675 1019 1730 1050 In-

269 1075 376 1117 telligo
392 1076 549 1117 equidem.
572 1075 646 1116 quid
663 1074 790 1105 autem?
814 1083 919 1103 nonne
935 1078 967 1104 et
982 1073 1169 1114 reliquorum
1186 1072 1298 1103 civium
1314 1072 1346 1102 hi
1370 1071 1502 1113 optimi?
1548 1071 1663 1105 Guu.
1688 1072 1730 1103 Et

265 1128 465 1170 reliquorum.
512 1129 569 1159 So.
592 1128 677 1165 Quin
695 1133 726 1158 et
737 1127 880 1158 mulieres
894 1127 971 1158 tales
986 1133 1076 1158 erunt
1091 1127 1219 1168 optimae
1248 1126 1432 1157 mulierum?
1478 1126 1592 1158 GLAu.
1616 1126 1731 1159 Valde.

268 1182 324 1212 So.
348 1182 445 1213 Estne
459 1182 577 1224 aliquid
595 1182 703 1212 melius
724 1181 855 1216 civitati,
872 1192 963 1223 quam
989 1181 1068 1211 viros
1093 1191 1184 1222 quam
1212 1181 1348 1222 optimos
1373 1186 1405 1212 et
1430 1180 1572 1212 mulieres
1596 1181 1730 1222 optimas

268 1236 371 1267 effici?
418 1236 536 1268 GLAu.
558 1235 632 1266 Non
648 1241 706 1267 est.
751 1236 806 1266 So.
830 1235 902 1265 Hoc
917 1240 1020 1265 autem
1038 1235 1153 1266 musica
1169 1240 1200 1265 et
1225 1235 1433 1276 gymnastica,
1451 1240 1485 1265 ut
1510 1244 1603 1276 supra
1628 1245 1730 1265 narra—

265 1290 378 1327 vimus,
403 1289 499 1332 [457]
525 1290 671 1331 perficere
685 1295 825 1330 possunt.
871 1288 987 1319 GLAU.
1012 1289 1124 1319 Procul
1138 1289 1245 1320 dubio.
1269 1289 1325 1319 So.
1341 1288 1452 1329 Itaque
1467 1298 1530 1318 non
1543 1289 1642 1319 solum
1657 1299 1728 1329 pos·

233 1383 236 1386 γ
269 1344 371 1380 sibile,
399 1344 453 1374 sed
479 1348 511 1374 et
534 1343 686 1384 optimum
716 1342 863 1383 quiddam
889 1342 1010 1372 civitati
1038 1341 1106 1381 lege
1133 1342 1307 1372 statuimus.
1353 1341 1467 1372 GLAU.
1491 1341 1541 1371 Ita
1567 1347 1625 1373 est.
1670 1342 1728 1373 SO.

269 1396 465 1428 Nudandum
490 1396 584 1437 igitur
606 1406 719 1436 corpus
747 1396 804 1425 erit
829 1395 1005 1425 mulieribus
1030 1395 1206 1434 custodum,
1231 1394 1486 1436 quandoquidem
1514 1405 1568 1436 pro
1592 1395 1730 1426 vestibus

269 1452 416 1482 virtutem
431 1450 564 1480 induent
579 1462 586 1480 :
611 1449 968 1489 communicandumque
980 1448 1011 1478 in
1029 1448 1111 1478 bello
1127 1453 1158 1478 et
1174 1448 1233 1478 aiia
1248 1448 1331 1478 omni
1357 1448 1492 1480 civitatis
1516 1450 1658 1480 custodia
1684 1455 1731 1480 at-

271 1515 334 1546 que
349 1504 459 1539 tutela,
474 1514 577 1545 neque
593 1502 678 1533 aliud
696 1503 863 1543 agendum.
890 1502 999 1532 horum
1016 1508 1120 1532 tamen
1136 1502 1303 1532 officiorum
1322 1502 1439 1533 leviora
1454 1513 1587 1544 quaeque
1603 1509 1730 1544 propter

271 1558 393 1600 generis
409 1557 653 1588 imbecillitatem
671 1556 849 1586 mulieribus
865 1555 1041 1586 tribuenda.
1065 1556 1116 1596 qui
1135 1566 1205 1586 vero
1222 1557 1321 1586 nudas
1337 1556 1435 1586 riserit
1450 1556 1602 1594 mulieres,
1617 1557 1728 1598 optimi

270 1611 433 1653 cujusdam
449 1611 545 1652 gratia
560 1611 603 1640 ita
619 1610 763 1646 nudatas,
779 1609 902 1640 inanem
920 1609 1001 1640 circa
1017 1609 1161 1640 ridiculas
1183 1620 1281 1650 nugas
1307 1620 1436 1651 carpens
1459 1610 1622 1651 sapientiae
1646 1611 1729 1642 fruc·

271 1671 349 1703 tum,
365 1675 466 1706 neque
482 1665 556 1706 quid
574 1665 673 1695 rideat
687 1674 788 1704 neque
803 1664 877 1704 quid
895 1668 967 1704 agat
981 1664 1140 1704 intelligit.
1166 1664 1242 1695 scite
1258 1675 1391 1705 namque
1407 1663 1489 1694 istud
1507 1669 1539 1695 et
1559 1664 1674 1696 dicitur
1697 1671 1730 1696 et

271 1724 434 1755 asseretur,
451 1719 546 1755 Quod
564 1718 639 1749 utile
665 1718 803 1759 quidem,
818 1718 992 1757 honestum,
1009 1718 1134 1748 noxium
1161 1723 1264 1748 autem
1288 1723 1390 1759 turpe.
1435 1718 1550 1749 GLAu.
1574 1718 1616 1750 Et
1630 1719 1728 1750 maxi-

270 1784 321 1805 rne
336 1773 475 1814 quidem.
521 1772 577 1803 So.
600 1771 695 1802 Hunc
708 1773 813 1813 itaque
828 1782 923 1802 unum
940 1772 1035 1802 veluti
1053 1772 1203 1813 gurgitem
1220 1778 1361 1803 enatasse
1376 1772 1528 1808 dicamus,
1552 1773 1593 1804 de
1616 1773 1728 1804 mulie-

271 1837 338 1858 rum
355 1826 424 1867 lege
439 1830 618 1864 tractantes,
633 1826 711 1856 adeo
728 1836 767 1856 ne
783 1825 910 1856 omniuo
927 1825 1082 1866 submergi
1098 1826 1276 1866 contigerit,
1291 1826 1365 1856 dum
1391 1836 1634 1857 asseveraremus
1659 1837 1725 1856 om·

271 1882 324 1912 nia
339 1879 544 1911 communiter
556 1889 696 1910 exercere
712 1879 824 1910 debere
840 1879 985 1910 custodes
999 1879 1083 1920 apud
1100 1889 1166 1916 1105,
1185 1885 1246 1909 tam
1263 1880 1343 1910 viros
1369 1890 1460 1920 quam
1489 1880 1642 1911 mulieres.
1666 1881 1727 1911 im-

273 1945 324 1964 mo
340 1945 410 1965 vero
426 1934 548 1964 sibimet
564 1933 662 1963 oratio
677 1938 780 1963 nostra
795 1933 972 1972 consonuit,
985 1933 1069 1974 quod
1087 1932 1234 1964 videlicet
1248 1938 1280 1965 et
1296 1922 1454 1974 possibilia
1474 1939 1505 1964 et
1521 1934 1609 1965 utilia
1624 1934 1726 1966 ferret.

273 1988 390 2020 GLAu.
413 1988 608 2018 Profundum
622 1993 704 2018 certe
731 1987 860 2028 pelagus
886 1987 1021 2018 evasisti.
1067 1988 1123 2019 So.
1148 1987 1240 2018 Haud
1268 1987 1377 2028 iugens
1401 1987 1434 2018 id
1450 1998 1517 2019 esse
1543 1988 1639 2023 dices,
1655 1999 1726 2019 cum

270 2042 432 2082 deinceps,
450 2042 534 2082 quod
561 2041 709 2082 sequitur,
727 2041 851 2072 videris.
897 2041 1010 2073 GLAU.
1035 2041 1097 2072 Dic
1117 2041 1196 2082 jam,
1224 2047 1259 2072 ut
1284 2042 1419 2074 videam.
1464 2042 1518 2074 So.
1541 2042 1633 2074 Hanc
1655 2043 1725 2084 qui·

269 2095 340 2126 dem
357 2100 389 2124 et
405 2095 520 2135 priores
535 2100 663 2131 ceteras,
680 2101 713 2124 ut
728 2100 818 2136 puto,
836 2096 901 2125 liaec
918 2106 1042 2136 quoque
1059 2096 1105 2126 lex
1118 2095 1266 2136 sequitur.
1311 2095 1426 2126 GLAU.
1450 2095 1625 2133 Quasnam?
1671 2096 1726 2128 So.

271 2149 422 2180 Mulieres
437 2148 557 2179 scilicet
582 2149 635 2179 bas
659 2149 766 2178 horum
794 2149 924 2178 virorum
950 2159 1056 2178 omncs
1080 2149 1218 2178 omnium
1246 2159 1313 2179 esse
1338 2160 1530 2189 communes,
1545 2149 1726 2191 nullamque

267 2202 409 2244 privatim
427 2202 518 2233 alicui
544 2203 722 2232 adhaerere:
747 2212 783 2232 ac
805 2213 906 2232 rursus
931 2213 1110 2233 communes
1137 2202 1227 2238 tilios,
1240 2213 1342 2243 neque
1369 2208 1485 2243 patrem
1514 2203 1609 2234 filium
1635 2214 1724 2235 suum

266 2267 368 2292 nosse,
386 2267 486 2297 neque
504 2256 599 2286 filium
616 2266 703 2286 suum
721 2266 888 2296 agnoscere
902 2262 1030 2297 patrem.
1076 2256 1189 2288 Gne.
1214 2256 1319 2286 Multo
1348 2262 1430 2287 certe
1457 2257 1612 2288 difficilius
1637 2258 1723 2289 istud

265 2310 418 2346 credetur,
435 2310 520 2351 quod
536 2310 582 2340 vel
601 2309 748 2350 possibile
764 2309 803 2339 sit
820 2309 865 2340 vel
883 2310 969 2341 utile.
1015 2310 1071 2340 So.
1096 2309 1190 2339 Haud
1218 2309 1363 2350 equidem
1389 2310 1516 2340 arbitror
1539 2311 1668 2341 dubium
1690 2311 1723 2341 id

266 2363 411 2405 cuiquam
428 2364 505 2403 fore,
522 2364 597 2404 quin
613 2363 690 2394 utile
706 2364 745 2394 sit
771 2363 1000 2404 maximumque
1028 2364 1156 2400 bonum,
1171 2363 1312 2394 mulieres
1339 2374 1406 2394 esse
1430 2374 1622 2402 communes,
1639 2375 1724 2396 com-

266 2429 375 2448 munes
392 2423 422 2448 et
434 2418 524 2454 filios,
540 2418 563 2448 si
580 2419 674 2448 modo
691 2417 754 2448 fieri
772 2417 880 2458 possit.
904 2428 1007 2448 verum
1024 2417 1152 2448 arbitror
1166 2417 1328 2458 plurimam
1344 2418 1375 2447 in
1400 2428 1438 2448 eo
1463 2418 1576 2449 versari
1600 2424 1724 2449 contro-

266 2472 408 2513 versiam,
423 2472 566 2513 nunquid
585 2472 649 2502 fieri
666 2472 763 2513 possit
777 2482 888 2502 necne.
933 2471 1047 2502 GLAv.
1070 2471 1121 2502 De
1137 2471 1274 2513 utrisque
1289 2482 1363 2502 sane
1379 2482 1573 2513 summopere
1587 2471 1724 2513 ambige-

268 2529 328 2555 tur.
360 2526 414 2556 So.
439 2525 527 2557 Dicis
544 2526 651 2566 utique
667 2536 840 2556 sermonum
856 2525 1130 2566 conspirationem.
1154 2536 1212 2566 ego
1225 2532 1327 2556 autem
1341 2526 1427 2556 rebar
1441 2525 1563 2567 mejam
1575 2525 1615 2556 ab
1627 2525 1723 2556 altero

267 2579 428 2610 liberatum
445 2580 493 2617 iri,
511 2580 535 2610 si
551 2580 607 2610 tibi
623 2581 720 2610 visum
734 2580 825 2611 suerit
842 2580 915 2610 utile
931 2590 996 2609 esse
1013 2590 1021 2610 ε
1047 2589 1117 2609 nam
1138 2579 1289 2621 reliquum
1312 2579 1386 2610 mihi
1413 2580 1489 2616 fore,
1503 2585 1539 2609 ut
1564 2578 1725 2620 perquire-

268 2643 344 2669 rem,
367 2639 466 2663 utrum
495 2634 640 2674 possibile
667 2635 706 2664 sit
729 2645 767 2665 an
795 2645 869 2666 non.
915 2633 1028 2664 (inu.
1052 2633 1093 2664 At
1119 2634 1212 2664 latere
1240 2644 1303 2664 non
1331 2632 1473 2674 potuisti,
1488 2633 1562 2662 dum
1588 2632 1723 2674 fugeres.

267 2687 363 2717 redde
380 2688 419 2717 dc
441 2688 578 2729 utrisque
606 2689 767 2719 rationem.
811 2688 868 2718 So.
891 2687 1080 2718 Sustinenda
1110 2687 1185 2718 milri
1208 2693 1290 2718 certe
1317 2692 1364 2717 est
1389 2696 1502 2728 poena:
1527 2685 1581 2716 sed
1605 2686 1637 2716 in
1662 2686 1721 2717 hoc

267 2739 342 2770 mihi
365 2741 502 2782 indulge.
526 2741 593 2772 sine
611 2753 658 2772 rue
675 2742 831 2783 paulisper
857 2751 926 2772 meo
953 2741 1099 2771 arbitratu
1125 2741 1264 2778 crassari,
1278 2740 1540 2782 quemadmodum
1565 2739 1618 2780 qui
1643 2739 1725 2781 pigri

269 2798 340 2824 sunt
355 2799 469 2830 mente,
486 2795 609 2825 crassari
625 2805 655 2825 se
673 2796 747 2836 ipsis
769 2800 1009 2830 consueverunt,
1033 2794 1128 2836 [458]
1152 2795 1298 2836 quotiens
1323 2794 1380 2825 soli
1406 2793 1653 2834 proficiscuntur.
1679 2800 1725 2824 et-

272 2848 354 2878 enim
370 2847 586 2888 hujuscemodi
603 2849 755 2885 homines,
771 2854 935 2890 antequam
953 2855 1144 2890 compertum
1163 2850 1309 2891 babeant,
1329 2858 1391 2889 quo
1418 2853 1510 2889 pacto
1534 2846 1598 2877 fieri
1627 2846 1726 2888 possit

267 2902 351 2943 quod
369 2907 530 2944 expetunt,
547 2902 735 2958 omittentes
745 2904 824 2936 hauc
840 2913 955 2941 curam,
973 2913 1011 2935 ne
1030 2903 1124 2935 nimio
1141 2892 1243 2935 labore
1271 2907 1444 2945 graventur,
1461 2901 1534 2932 dum
1561 2901 1600 2932 dc
1629 2901 1726 2942 possi-
