1840 3225
267 245 345 282 224
864 243 1127 283 PLATONIS
1624 243 1721 294 [599

269 353 302 378 ut
318 346 375 378 sibi
392 347 473 378 visus
489 347 539 378 ille
556 348 596 378 sit
609 348 639 378 in
654 347 797 379 omnibus
811 346 1077 390 sapientissimus:
1101 357 1138 378 ex
1154 358 1192 378 eo
1208 348 1292 389 quod
1319 348 1387 390 ipse
1410 353 1546 390 nequeat
1560 347 1722 380 scientiam

268 402 307 432 ab
324 401 446 432 inscitia
470 407 501 432 et
516 401 720 433 imitationem
746 413 766 434 a
780 412 812 434 re
828 412 899 434 vera
921 402 1105 434 discernere.
1149 401 1265 433 Gnau.
1288 402 1456 434 Verissima
1477 402 1623 445 loqueris.
1667 402 1725 434 SO.

270 455 387 487 Nonne
405 456 533 497 posthac
549 457 726 498 tragoediam
744 455 899 488 discutere
916 457 1020 494 decet,
1036 457 1211 499 ducemque
1226 456 1324 499 ipsius
1339 456 1510 488 Homerum
1524 457 1535 488 ?
1558 461 1725 499 postquam

271 521 288 541 a
304 511 463 541 nonnullis
479 511 657 553 accepimus
678 511 810 552 tragicos
835 510 947 552 poi-itas
962 516 1041 542 artes
1057 522 1164 542 omnes
1187 511 1374 554 intelligere,
1388 512 1586 553 humanaque
1608 510 1726 546 omnia,

269 569 331 595 tam
348 566 387 595 ad
416 565 556 596 virtutem
573 576 665 607 quam
688 566 726 596 ad
752 565 859 595 vitium
885 565 1084 606 pertinentia,
1101 576 1159 597 nec
1180 576 1244 596 non
1273 571 1305 597 et
1329 565 1457 597 divina:
1482 576 1572 608 porro
1596 565 1723 606 poetam

269 619 385 650 bonum
403 626 557 661 oportere,
574 619 600 650 si
623 624 718 657 recte,
734 629 804 661 quae
816 620 993 661 gomponit,
1010 620 1050 651 sit
1073 625 1268 657 tractaturus,
1285 630 1389 651 eorum
1414 621 1527 651 habere
1551 619 1724 655 scientiam,

269 673 317 705 vel
334 684 395 704 non
414 684 505 715 posse
520 684 719 715 componere.
765 661 869 710 Qushr
893 674 1066 705 discernere
1083 675 1115 704 id
1132 674 1291 710 debemus,
1309 680 1422 710 utrum,
1437 674 1492 716 qui
1516 684 1571 705 eos
1587 674 1727 708 laudant.

269 728 435 759 imitatoria
451 728 612 770 poetarum
637 726 788 759 industria
801 728 926 769 decepti
950 727 1023 769 sint,
1046 738 1214 769 eorumque
1237 738 1332 770 opera
1352 729 1426 759 dum
1451 728 1619 770 aspiciunt,
1643 728 1726 758 ltaud

270 782 363 824 plane
379 782 571 824 persentiant
587 783 676 813 tertio
703 782 799 823 gradu
822 781 936 813 distare
965 793 982 812 a
1006 782 1147 819 veritate,
1173 781 1270 824 [599]
1295 782 1461 824 faciliaque
1484 783 1570 814 factu
1585 792 1654 814 esse
1679 782 1727 813 vel

267 836 386 868 homini
403 837 539 868 veritatis
555 836 663 878 ignaro
679 849 686 866 :
711 836 834 867 umbras
857 836 988 878 quippe,
1012 847 1075 868 non
1097 847 1143 868 res
1161 847 1247 868 veras
1270 836 1410 868 faciunt:
1435 848 1473 868 an
1490 837 1570 868 forte
1585 837 1727 868 nonnihil

267 892 387 928 dicant,
412 902 448 922 ac
463 901 566 922 revera
581 891 685 932 poetae
707 890 781 922 boni
797 890 973 932 intelligant
993 901 1042 927 ea,
1059 891 1098 922 de
1115 891 1228 932 quibus
1250 891 1344 933 vulgo
1360 892 1440 922 bene
1456 891 1543 933 loqui
1558 891 1726 923 videntur?

269 946 385 978 Gnu.
408 945 658 977 Discernendum
683 944 822 976 omnino.
867 945 922 976 So.
944 944 976 976 Si
998 945 1069 986 quis
1094 946 1191 987 possit
1207 946 1298 976 ambo
1314 945 1473 987 perficere,
1488 951 1521 977 et
1536 945 1568 976 id
1586 946 1670 987 quod
1693 945 1726 976 in

268 1001 473 1032 imitationem
490 999 587 1035 eadit,
604 1005 636 1031 et
651 999 720 1041 ejus
735 999 945 1036 simulacrum,
969 999 1112 1040 nunquid
1136 1011 1207 1030 eum
1224 1005 1314 1041 putas
1337 1000 1368 1030 in
1385 999 1555 1031 simulacris
1571 999 1728 1041 fingendis

267 1055 498 1086 immoraturum
514 1055 523 1084 ?
547 1054 642 1095 idque
657 1065 736 1096 opus
750 1053 809 1084 sibi
823 1053 855 1084 in
872 1053 948 1094 vita,
966 1059 1113 1095 tanquam
1131 1053 1294 1095 optimum,
1312 1053 1565 1096 propositurum?
1611 1052 1726 1085 GLAu.

268 1109 414 1140 Minime.
460 1109 515 1141 So.
539 1108 663 1150 Nempe
675 1108 701 1140 si
715 1118 817 1139 veram
832 1119 952 1146 eorum,
965 1119 1035 1150 quae
1054 1109 1201 1145 imitatur,
1216 1109 1357 1150 peritiam
1373 1109 1497 1145 habeat,
1516 1108 1614 1140 multo
1630 1109 1726 1151 magis

267 1164 414 1205 operibus
429 1163 506 1204 ipsis
520 1174 612 1205 quam
628 1174 734 1194 eorum
746 1163 985 1200 imitationibus,
1002 1168 1037 1194 ut
1051 1173 1129 1200 reor,
1143 1163 1302 1195 incumbet
1316 1175 1322 1193 :
1348 1164 1572 1206 conabiturque
1587 1163 1684 1194 multa
1696 1170 1728 1195 et

268 1218 415 1260 praeclara
431 1228 525 1259 opera
547 1218 595 1249 sui
611 1217 802 1249 monimenta
830 1218 1002 1259 posteritati
1028 1218 1223 1260 relinquere:
1248 1218 1406 1259 satiusque
1430 1218 1581 1254 censebit,
1602 1223 1638 1249 ut
1659 1218 1728 1259 ipse

268 1273 410 1303 laudetur
427 1273 466 1303 ab
483 1272 562 1309 aliis,
578 1283 670 1314 quam
689 1277 722 1302 ut
734 1272 804 1313 ipse
818 1282 940 1314 semper
954 1271 1125 1304 alienorum
1139 1282 1268 1314 operum
1285 1273 1326 1303 sit
1341 1272 1492 1305 laudator.
1538 1272 1654 1304 GLAU.
1678 1271 1729 1302 Ita

268 1327 414 1369 equidem
428 1327 566 1358 arbitror.
589 1337 692 1368 neque
707 1326 789 1358 enirn
806 1337 913 1369 aequus
926 1327 1025 1358 honor
1040 1332 1094 1358 aut
1110 1337 1232 1368 aequum
1257 1327 1513 1358 emolumentum.
1555 1327 1612 1358 So.
1636 1326 1730 1359 Cete-

270 1393 336 1412 rum
362 1382 402 1412 de
429 1381 498 1412 aliis
523 1381 648 1422 quidem
672 1381 825 1412 rationem
851 1381 978 1412 minime
1001 1380 1170 1423 exigamus,
1194 1381 1364 1412 Homerum
1390 1386 1444 1412 aut
1466 1381 1560 1412 alium
1589 1381 1732 1423 quemvis

269 1436 434 1477 poetarum
451 1436 688 1477 interrogantes,
704 1435 729 1466 si
751 1435 821 1477 quis
843 1446 948 1466 eorum
964 1435 1105 1466 medicus
1121 1445 1225 1466 revera
1251 1435 1355 1472 suerit,
1371 1446 1433 1466 non
1451 1436 1550 1467 solum
1567 1435 1727 1466 verborum

268 1491 308 1521 nd
335 1490 488 1521 medicum
519 1490 729 1530 spectantium
755 1489 912 1520 imitator:
937 1499 1088 1531 quosnam
1117 1500 1208 1520 sanos
1222 1489 1318 1531 poeta
1340 1489 1511 1521 reddiderit
1527 1489 1574 1522 vel
1591 1494 1729 1521 veterum

268 1545 429 1575 hominum
455 1544 502 1575 vel
528 1545 723 1575 recentium?
749 1545 1012 1586 quemadmodum
1040 1544 1267 1585 AEsculapius3
1290 1549 1344 1575 aut
1374 1555 1453 1586 quos
1477 1544 1636 1586 reliquerit
1658 1544 1732 1575 artis

270 1598 433 1630 medicinae
450 1599 641 1640 discipulos?
666 1599 929 1640 quemadmodum
946 1599 998 1630 ille
1015 1598 1104 1630 filios.
1151 1599 1213 1630 Sed
1229 1610 1330 1641 neque
1346 1600 1385 1630 ab
1408 1599 1452 1630 eis
1468 1599 1508 1631 de
1532 1599 1599 1630 aliis
1614 1598 1731 1630 artibus

267 1652 459 1684 sciscitemur
473 1664 479 1683 :
506 1653 662 1684 mittamus
686 1653 769 1684 enim
795 1653 925 1696 reliqua.
952 1659 984 1684 at
1010 1664 1082 1684 vero
1110 1653 1151 1684 de
1178 1654 1318 1684 maximis
1343 1653 1405 1685 illis
1427 1653 1730 1696 pneclarissimisque

266 1708 369 1743 rebus,
383 1717 459 1749 quas
473 1712 573 1738 tentat
596 1707 763 1745 Homerus,
778 1708 880 1744 bellis,
902 1707 1020 1745 castris,
1033 1708 1123 1738 rebus
1144 1708 1278 1749 publicis
1303 1714 1336 1739 et
1358 1708 1518 1740 hominum
1541 1707 1730 1750 disciplinis,

267 1772 323 1804 par
337 1767 384 1793 est
400 1762 442 1792 ita
458 1772 530 1793 eum
543 1762 732 1804 interrogare
747 1774 754 1792 1
779 1761 808 1793 Ο
823 1762 924 1794 dulcis
940 1762 1090 1798 Homere,
1107 1762 1133 1793 si
1149 1773 1212 1793 non
1230 1773 1262 1793 es
1285 1773 1303 1794 a
1319 1763 1448 1793 veritate
1462 1762 1582 1800 tertius,
1599 1761 1731 1804 fingisve

266 1816 387 1847 virtutis
401 1816 580 1858 imaginem,
596 1827 688 1858 quem
713 1816 897 1848 imitatorem
924 1817 958 1848 in
974 1817 1184 1858 superioribus
1207 1816 1418 1858 definivimus,
1435 1817 1489 1848 sed
1512 1827 1546 1848 es
1561 1817 1731 1854 secundus,

267 1875 420 1913 potesque
436 1881 568 1907 narrare,
584 1881 655 1912 quae
671 1871 776 1903 studia
791 1872 931 1903 homines
954 1871 1003 1902 vel
1018 1871 1158 1903 meliores
1184 1871 1231 1902 vel
1248 1870 1415 1903 deteriores
1431 1871 1574 1913 privatim
1588 1871 1732 1914 publice·

267 1936 330 1968 que
355 1925 513 1964 essiciant3
535 1926 599 1963 dic,
624 1926 765 1963 obsecro,
792 1936 934 1968 quaenam
963 1925 1073 1958 civitas
1098 1936 1153 1968 per
1178 1931 1208 1956 te
1230 1926 1342 1957 rectius
1366 1926 1519 1968 disposita
1544 1927 1615 1958 est?
1640 1926 1733 1958 sicuti

268 1979 508 2011 Lacedaemonia
533 1990 589 2021 per
614 1980 806 2022 Lycurgum,
832 1991 949 2022 perque
973 1980 1051 2012 alios
1076 1980 1189 2012 multos
1212 1980 1317 2012 multae
1333 1985 1366 2011 et
1379 1985 1518 2022 angustae
1535 1980 1679 2012 civitates
1701 1985 1734 2012 et

269 2034 394 2076 amplas.
427 2033 528 2075 Cujus
544 2034 738 2076 potissimum
753 2035 836 2066 urbis
851 2035 993 2066 homines
1007 2035 1109 2077 legum
1124 2040 1154 2066 te
1171 2035 1324 2077 optimum
1341 2035 1512 2077 praedicant
1524 2035 1732 2072 conditorem,

269 2092 302 2119 et
313 2087 466 2119 beneficia
481 2086 513 2118 in
529 2098 562 2118 se
580 2094 634 2119 tua
646 2089 911 2120 commemorant?
935 2089 1134 2121 Charondam
1148 2089 1276 2130 quidem
1293 2088 1387 2120 Italia
1401 2094 1433 2120 et
1446 2089 1552 2121 Sicilia
1563 2089 1734 2127 celebrant,

271 2151 328 2172 nos
352 2141 521 2172 Solonem:
546 2147 576 2172 te
600 2152 672 2173 vero
693 2142 764 2182 quis
787 2142 973 2184 praedicabit
994 2148 1027 2174 et
1051 2143 1201 2184 qualem?
1248 2142 1364 2174 Gnau.
1386 2142 1516 2180 Nullus,
1542 2148 1577 2174 ut
1591 2143 1732 2181 arbitror,

269 2195 424 2227 beneficia
437 2195 504 2236 ejus
521 2201 753 2227 commemorat.
800 2197 887 2232 Quin
902 2206 1005 2237 neque
1018 2196 1079 2238 ipsi
1091 2196 1221 2227 Homeri
1232 2202 1398 2227 assertores
1410 2196 1516 2228 testari
1528 2197 1587 2228 hoc
1603 2198 1734 2230 audent.

273 2249 371 2292 [600]
396 2250 451 2280 So.
475 2249 570 2286 Quod
588 2248 746 2291 praecipue
762 2249 879 2280 bellum
894 2249 1024 2281 Homeri
1040 2250 1232 2291 temporibus
1248 2260 1286 2280 eo
1302 2249 1480 2282 consultore
1495 2251 1544 2282 vel
1560 2251 1641 2282 duce
1665 2251 1736 2283 feli-

270 2305 348 2336 citer
358 2303 538 2345 expeditum
556 2304 836 2335 commemoratur?
883 2303 998 2336 GLAu.
1022 2304 1166 2336 Nullum.
1212 2304 1269 2335 So.
1294 2303 1447 2336 Praeterea
1460 2316 1530 2347 quae
1547 2305 1604 2337 viri
1627 2305 1734 2347 hujus.

273 2364 421 2400 tanquam
438 2357 470 2388 in
486 2357 533 2388 liis
549 2357 639 2389 rebus
655 2357 820 2399 sapientis,
836 2358 965 2389 inventa
981 2359 1021 2389 ad
1037 2358 1139 2390 officia
1152 2358 1226 2389 nitae
1241 2363 1273 2389 et
1286 2359 1360 2390 artis
1375 2359 1536 2400 aptissima
1548 2359 1733 2397 reseruntur,

272 2418 308 2444 ut
331 2412 470 2444 Thaletis
497 2411 616 2443 Milesii
638 2417 670 2443 et
697 2411 887 2444 Anacharsis
913 2413 1068 2455 Scythae?
1115 2412 1230 2444 Grau.
1253 2412 1343 2445 Nihil
1372 2414 1446 2446 talc.
1492 2414 1549 2446 So.
1571 2414 1606 2445 Si
1630 2414 1735 2446 minus

270 2467 410 2509 publice,
427 2471 460 2497 at
471 2466 579 2497 saltem
593 2466 746 2508 privatim,
762 2467 947 2509 quibusnam
965 2467 1120 2499 Homerus
1140 2468 1218 2509 ipse,
1243 2468 1318 2498 dum
1334 2467 1463 2506 viveret,
1478 2468 1653 2510 disciplina
1667 2469 1732 2500 dux

273 2521 389 2552 dicitur
411 2520 564 2552 exstitisse
579 2521 589 2551 ?
613 2521 668 2562 qui
683 2526 716 2552 et
729 2521 799 2563 ejus
827 2523 1055 2553 consuetudine
1072 2522 1221 2554 delectati
1237 2523 1312 2563 sint,
1328 2527 1360 2553 et
1376 2523 1508 2565 posteris
1533 2522 1733 2555 Homericam

273 2575 407 2617 aliquam
424 2574 576 2606 rationem
601 2575 672 2605 vitae
699 2576 907 2607 tradiderint?
930 2577 1195 2618 quemadmodum
1211 2583 1243 2608 ct
1259 2577 1456 2619 Pythagoras
1483 2577 1514 2607 in
1538 2577 1598 2609 hoc
1613 2587 1734 2608 summa

274 2639 344 2660 cum
354 2629 540 2661 auctoritate
552 2629 638 2666 vixit,
650 2635 682 2661 et
694 2630 810 2672 posteri
821 2631 914 2662 etiarn
928 2631 975 2662 his
988 2631 1180 2673 temporibus
1191 2631 1286 2662 vitam
1297 2631 1526 2674 Pythagoream
1540 2631 1735 2663 celebrantes

273 2682 356 2716 inter
371 2688 490 2714 ceteros
505 2683 639 2715 illustres
652 2685 817 2717 habentur.
863 2684 980 2716 Gnu.
1005 2685 1118 2727 Neque
1132 2685 1195 2717 tale
1209 2685 1286 2727 quid
1303 2695 1403 2716 rursus
1427 2686 1467 2716 de
1480 2685 1618 2717 Homero
1632 2696 1735 2717 narra-

275 2742 333 2768 tur.
378 2737 576 2779 Creophylus
595 2739 690 2774 enim,
708 2751 726 2770 o
751 2739 905 2777 Socrates,
929 2740 1070 2776 forsitan,
1092 2739 1223 2771 Homeri
1248 2740 1417 2778 familiaris,
1444 2731 1612 2782 disciplina
1639 2741 1734 2771 etiam

276 2790 372 2833 magis
388 2801 481 2832 quam
497 2792 624 2823 nomine
641 2793 790 2825 ridiculus
807 2794 983 2836 apparebit,
1000 2795 1168 2837 siquidem
1184 2804 1255 2826 vera
1271 2800 1355 2831 suut,
1369 2804 1439 2836 quae
1455 2795 1494 2826 de
1510 2793 1648 2825 Homero
1663 2804 1734 2825 nar·

274 2850 389 2876 rantur.
413 2844 528 2876 dicitur
552 2846 634 2876 enim
660 2848 867 2890 negligentior
890 2849 930 2879 ad
955 2848 1023 2890 ejus
1047 2849 1245 2891 disciplinam
1270 2848 1377 2884 fuisse,
1399 2849 1473 2879 dum
1498 2849 1555 2879 sub
1579 2849 1640 2879 hoe
1662 2848 1733 2889 ipso

276 2899 405 2930 viveret.
449 2898 504 2931 So.
530 2899 655 2931 Dicitur
681 2912 767 2933 sane.
814 2902 859 2933 At
874 2903 969 2939 enim,
993 2914 1011 2934 o
1029 2903 1189 2944 Glaucon,
1216 2903 1243 2934 si
1259 2912 1361 2934 revera
1380 2907 1500 2944 poterat
1518 2902 1672 2933 Homerus
1688 2902 1736 2932 in-

278 2959 393 2984 struere
409 2953 548 2985 homines
563 2964 598 2986 ac
615 2955 744 2987 reddere
758 2957 912 2999 meliores,
927 2962 1036 2998 utpote
1052 2957 1108 2998 qui
1125 2958 1155 2989 in
1173 2957 1219 2988 his
1232 2957 1321 2987 rebus
1337 2967 1400 2987 non
1419 2956 1599 2988 imitationis
1616 2961 1736 2988 tantum
