1840 3225
126 236 227 287 405]
546 236 617 274 DE
647 232 956 272 REPUBLICA
989 233 1088 271 Lrss.
1121 234 1193 272 111.
1520 238 1597 276 125

127 321 260 380 Oportet
275 337 357 369 enim
374 343 406 370 et
421 338 452 369 in
469 337 526 369 hac
543 347 598 379 per
613 347 736 367 omnem
753 335 848 366 vitam
863 334 1030 376 diligenter
1045 346 1062 366 a
1079 337 1184 378 pueris
1200 336 1340 369 educari.
1363 337 1394 368 id
1419 343 1523 370 autem
1550 339 1594 370 ita

127 404 160 423 se
177 392 271 423 habet
286 392 532 434 quodammodo,
551 396 584 422 ut
609 390 731 432 opinor.
756 388 969 420 animadverte
996 395 1028 420 et
1056 395 1101 422 tu.
1127 391 1200 421 mihi
1227 392 1355 433 quidem
1383 403 1447 423 non
1473 393 1594 423 videtur

129 448 208 478 bene
224 446 370 478 affectum
385 457 498 487 corpus
514 445 626 476 virtute
641 455 697 475 sua
714 445 828 474 bonum
855 443 991 474 animum
1016 443 1129 484 facere,
1144 445 1198 475 sed
1226 451 1334 477 contra
1361 447 1439 478 bene
1464 446 1597 478 affectus

127 501 249 532 animus
265 502 375 532 virtute
391 511 446 532 sua
461 511 586 541 corpus,
602 499 707 541 quoad
725 498 790 530 fieri
803 503 919 540 potest,
936 498 1090 539 optimum
1108 499 1248 531 reddere.
1273 501 1328 531 tibi
1345 511 1416 532 vero
1441 501 1592 542 quidnam

129 555 274 587 videtur?
320 555 436 587 GLAu.
461 554 556 591 Quod
574 559 605 584 et
621 553 691 586 tibi.
736 553 795 584 So.
819 551 937 583 Nonne
953 552 993 592 si,
1011 557 1174 594 postquam
1192 559 1326 585 mentem
1342 555 1528 586 sufficienter
1542 554 1593 585 in-

128 609 336 646 struxerimus,
350 609 506 640 trademus
521 609 564 649 ei,
580 613 614 638 ut
629 618 699 649 quae
714 607 752 638 ad
771 617 884 648 corpus
901 607 1069 648 pertinent,
1086 607 1253 649 diligenter
1267 613 1300 638 et
1325 614 1432 640 exacte
1458 609 1595 650 inquirat

127 668 159 694 et
173 668 270 700 curet,
288 674 343 694 uos
357 668 460 694 autem
477 663 565 704 quasi
580 662 730 703 quasdam
748 661 894 692 formulas
911 672 1135 703 proponemus,
1151 672 1191 692 ne
1207 662 1362 703 longiores
1386 663 1492 704 simus,
1509 669 1593 695 recte

126 718 234 758 utique
250 717 422 749 faciemus?
467 717 582 749 GLAu.
607 716 758 747 Omnino.
803 716 859 748 So.
884 716 937 747 Ab
952 716 1101 747 ebrietate
1116 716 1222 758 itaque
1237 716 1313 757 ipsis
1335 717 1468 747 diximus
1496 718 1591 749 absti-

125 772 274 803 nendum.
299 772 467 813 unicuique
491 772 574 803 enim
600 772 698 813 magis
722 770 906 802 conceditur
931 780 1024 811 quam
1049 771 1185 807 custodi,
1203 776 1238 801 ut
1263 771 1413 802 ebrietate
1438 777 1595 812 gravatus.

127 825 179 856 ubi
197 830 340 857 terrarum
357 826 408 862 sit,
425 827 553 858 nesciat.
600 825 715 856 Gmu.
740 823 864 865 Nempe
880 824 1045 855 ridiculum
1061 831 1155 865 esset,
1169 826 1300 856 custode
1322 825 1463 866 indigere
1489 831 1596 856 custo-

127 879 211 911 dem.
255 879 311 912 So.
334 879 386 911 De
402 880 478 911 cibis
494 885 597 911 autem
627 879 704 921 quid
729 878 894 909 dicemus?
919 878 1043 909 athletae
1068 879 1150 910 enim
1176 879 1208 910 hi
1233 879 1288 909 viri
1315 885 1398 917 sunt,
1414 884 1446 910 et
1472 879 1596 910 maximi

127 933 253 974 quidem
270 934 458 966 certaminis.
484 934 614 965 nonne?
661 933 774 966 GLAU.
801 932 934 964 Maximi
951 933 1057 974 plane.
1101 933 1156 964 So.
1180 933 1333 975 Nunquid
1351 933 1481 964 aliorum
1497 934 1596 965 athle-

127 993 226 1018 tarum
257 988 408 1019 habitudo
433 989 614 1020 custodibus
641 988 737 1030 [404]
763 988 954 1019 conveniens
980 988 1087 1019 esset?
1134 987 1248 1020 GLAu.
1274 988 1427 1020 Fortasse.
1472 989 1524 1019 So.
1549 988 1595 1019 At

125 1052 197 1072 vero
213 1043 409 1074 somnolenta
424 1043 490 1074 haec
506 1048 566 1082 est,
583 1048 614 1073 et
629 1043 669 1072 ad
685 1041 895 1072 valetudinem
911 1041 1019 1072 dubia.
1042 1051 1082 1071 an
1098 1052 1161 1072 non
1179 1042 1276 1079 vides,
1292 1043 1376 1083 quod
1395 1043 1488 1073 vitam
1504 1044 1595 1073 edor-

128 1095 240 1132 miunt,
256 1102 287 1126 et
302 1097 326 1127 si
343 1107 450 1138 parum
467 1097 592 1138 quidem
609 1097 647 1126 ab
668 1096 812 1126 instituto
841 1095 925 1126 victu
953 1095 1130 1132 discedunt,
1147 1097 1280 1136 graviter
1303 1103 1454 1138 aegrotant
1479 1098 1597 1128 exerci-

127 1154 240 1182 tatores
270 1151 475 1192 hujusmodi?
521 1151 638 1182 GLAU.
660 1150 764 1181 Video
795 1149 954 1191 equidem.
1001 1149 1116 1181 GLAU.
1141 1149 1340 1192 Elegantiore
1368 1151 1463 1193 igitur
1489 1152 1594 1193 aliqua

129 1204 351 1236 exercitatione
368 1216 448 1247 opus
464 1211 510 1236 est
526 1205 681 1236 bellicosis
697 1203 820 1235 athletis
837 1216 843 1234 z
870 1215 949 1246 quos
966 1209 1114 1245 tanquam
1131 1215 1225 1236 canes
1239 1205 1395 1236 insomnes
1411 1217 1477 1236 esse
1502 1217 1597 1248 opor-

130 1264 187 1294 tet,
201 1264 231 1289 et
248 1269 340 1300 quam
357 1260 533 1290 acutissime
551 1260 655 1290 videre
671 1265 765 1300 atque
783 1259 902 1295 audire,
917 1264 950 1289 et
966 1258 1078 1288 multas
1093 1258 1282 1290 mutationes
1299 1259 1330 1289 in
1346 1260 1482 1291 exercitu
1499 1271 1596 1302 aqua-

129 1323 210 1352 rum,
226 1313 378 1350 ciborum,
395 1320 487 1344 aestus
502 1320 534 1345 et
549 1313 668 1354 frigoris
685 1313 727 1344 ita
744 1313 879 1354 perpeti,
895 1318 930 1344 ut
945 1323 977 1344 se
994 1323 1011 1343 a
1038 1313 1151 1344 morbis
1177 1313 1361 1346 defendant.
1409 1314 1522 1346 GLAU.
1547 1315 1597 1346 Ita

131 1366 206 1396 mihi
223 1367 354 1400 videtur.
399 1369 455 1399 So.
479 1368 609 1410 Optima
626 1368 718 1409 igitur
734 1367 931 1409 gymnastica
947 1378 1030 1398 soror
1044 1372 1126 1398 esset
1140 1368 1289 1409 simplicis
1315 1369 1451 1407 musicae,
1467 1370 1507 1401 de
1533 1380 1597 1412 qua

130 1421 223 1462 paulo
241 1427 312 1452 ante
330 1422 541 1455 tractavimus.
586 1422 701 1454 GLAU.
727 1422 897 1459 Quomodo
911 1422 996 1452 istud
1011 1422 1022 1453 ?
1068 1421 1123 1453 So.
1145 1422 1285 1464 Simplex
1301 1424 1410 1465 utique
1426 1429 1458 1455 et
1481 1435 1596 1456 conve-

130 1475 219 1506 niens
235 1477 444 1518 gymnasfica,
458 1477 591 1508 militum
607 1477 802 1508 exercitatio.
848 1476 963 1508 GLAu.
987 1476 1060 1514 Quo
1074 1477 1191 1519 pacto?
1237 1477 1294 1509 So.
1317 1478 1369 1508 Ab
1380 1478 1517 1510 Homero
1528 1480 1598 1520 qui-

129 1529 200 1560 dem
217 1530 250 1561 id
275 1531 393 1562 discere
419 1542 593 1573 possumus.
617 1532 700 1562 nosti
724 1532 821 1567 enim,
838 1531 1101 1572 quemadmodum
1127 1531 1158 1562 in
1188 1531 1262 1562 belli
1286 1533 1539 1574 expeditionibus
1565 1534 1598 1564 in

131 1583 256 1614 heroum
274 1585 389 1616 mensis
404 1596 507 1627 neque
524 1586 626 1627 pisces
642 1591 743 1628 parat,
760 1586 901 1627 quamvis
916 1585 979 1627 ipsi
993 1586 1027 1616 in
1044 1585 1255 1627 Hellesponto
1272 1587 1347 1617 mari
1363 1593 1478 1625 essent,
1494 1599 1598 1630 neque

129 1637 225 1668 elixas
241 1649 359 1676 carnes,
375 1641 429 1671 sed
446 1650 541 1677 assas,
558 1651 628 1682 quae
643 1640 766 1672 facilius
782 1650 800 1670 a
817 1639 965 1670 militibus
983 1646 1216 1682 praeparantur:
1243 1641 1359 1683 ubique
1375 1643 1457 1673 enim
1474 1642 1597 1673 facilius

131 1697 190 1727 est,
213 1697 249 1722 ut
271 1692 316 1724 ita
343 1693 461 1735 loquar,
487 1694 555 1736 ipso
586 1695 657 1736 igne
683 1695 741 1731 uti,
757 1705 850 1736 quam
877 1705 949 1725 vasa
975 1695 1183 1726 circumferre.
1207 1706 1309 1737 neque
1334 1707 1470 1738 unquam
1498 1697 1601 1728 vario-

131 1756 196 1776 rum
213 1747 496 1788 condimentorum,
514 1753 548 1779 ut
567 1748 706 1790 arbitror,
729 1748 884 1779 Homerus
911 1749 1062 1782 meminit.
1086 1750 1140 1780 sed
1164 1750 1224 1781 hoc
1251 1756 1284 1781 et
1309 1751 1362 1781 alii
1389 1751 1503 1788 sciunt,
1529 1752 1600 1793 qui-

132 1810 257 1841 cunque
273 1807 465 1839 exercentur,
481 1803 566 1844 quod
583 1803 632 1834 cui
649 1813 761 1844 corpus
776 1804 937 1834 robustum
954 1814 1021 1835 esse
1046 1804 1152 1841 debet,
1170 1815 1188 1835 a
1212 1805 1333 1835 cunctis
1357 1805 1536 1846 hujusmodi
1553 1817 1599 1837 re-

135 1855 191 1885 bus
207 1861 254 1886 est
269 1857 500 1889 abstinendum.
547 1857 662 1890 GLAU.
685 1857 788 1889 Recte
800 1858 928 1900 quidem
944 1863 976 1890 et
993 1858 1097 1889 sciunt
1111 1864 1144 1890 et
1169 1859 1337 1890 abstinent.
1382 1860 1438 1891 So.
1462 1861 1599 1902 Syracu-

133 1919 222 1940 sanas
248 1909 364 1951 itaque,
382 1921 400 1940 o
426 1910 538 1951 amice,
554 1921 685 1948 mensas,
702 1917 733 1942 et
758 1911 874 1947 Sicula,
893 1916 927 1941 ut
952 1911 1078 1948 videris,
1094 1912 1262 1942 admodum
1289 1914 1372 1944 varia
1397 1925 1460 1945 nou
1489 1914 1598 1946 laudas

133 1963 281 2002 obsonia3
306 1963 332 1993 si
347 1964 474 2005 quidem
491 1965 557 1996 haee
572 1965 618 1995 ita
633 1965 689 1995 tibi
705 1969 787 1996 recte
815 1975 846 1996 se
875 1965 987 1996 habere
1015 1966 1169 1997 videntur.
1215 1966 1330 1999 GLAu.
1352 1967 1428 1998 Non
1453 1973 1548 2006 certe,
1565 1975 1600 2000 ut

133 2017 207 2047 mibi
223 2017 349 2058 quidem
366 2018 484 2050 videor.
529 2018 585 2050 So.
610 2018 779 2060 Vituperas
793 2024 826 2050 et
841 2019 1035 2050 Corinthium
1051 2020 1157 2051 luxum
1174 2021 1400 2052 blandientium
1423 2023 1598 2064 puellarum

129 2071 160 2100 in
179 2071 237 2110 his,
252 2071 305 2112 qui
322 2072 440 2113 optima
456 2072 593 2113 corporis
608 2073 791 2104 habitudine
807 2073 903 2105 futuri
919 2079 1003 2104 sunt.
1048 2074 1161 2106 GLAu.
1186 2075 1399 2117 Summopere.
1435 2077 1490 2109 So.
1509 2078 1597 2115 Quin

134 2126 228 2157 etiam
245 2126 352 2157 Attica
366 2127 493 2157 bellaria
509 2128 784 2169 condimentaque,
800 2138 870 2169 quae
887 2128 1032 2170 jucunda
1060 2129 1200 2171 plurimis
1223 2136 1256 2161 et
1281 2130 1417 2162 delicata
1444 2132 1601 2163 videntur.

136 2179 250 2211 GLAU.
273 2180 409 2212 Necesse
425 2185 483 2213 est.
529 2181 583 2213 So.
607 2181 741 2212 Omnem
765 2183 861 2223 enim,
879 2188 913 2213 ut
937 2183 1092 2224 existimo,
1108 2183 1287 2225 hujusmodi
1317 2185 1445 2221 victum,
1462 2186 1489 2216 si
1514 2186 1600 2217 simi-

135 2235 194 2266 lem
212 2246 278 2267 esse
293 2236 434 2267 dicemus
449 2236 593 2268 melodiae
608 2236 637 2269 ei
661 2237 837 2275 cantilenae
854 2248 924 2279 quae
939 2237 972 2268 in
994 2237 1079 2269 omni
1106 2249 1219 2280 genere
1246 2239 1414 2270 harmoniae
1442 2241 1601 2272 omnibus-

136 2300 196 2331 que
212 2291 364 2332 rhythmis
379 2296 548 2329 versantur,
563 2297 646 2322 recte
676 2292 804 2322 nimium
830 2292 1123 2334 comparaverimus.
1169 2292 1285 2325 GLAU.
1311 2294 1420 2326 Plane.
1467 2295 1523 2326 So.
1547 2295 1599 2326 Ibi

137 2344 263 2385 quidem
279 2343 549 2386 intemperantiam
565 2345 696 2376 varietas
713 2346 805 2386 parit,
823 2346 873 2378 hic
899 2347 1039 2377 morbum
1086 2347 1269 2388 simplicitas
1296 2353 1400 2379 autem
1428 2350 1598 2380 secundum

139 2399 286 2430 musicam
302 2399 332 2429 in
349 2399 459 2430 animis
477 2400 724 2441 temperantiam,
741 2402 912 2431 secundum
929 2411 1001 2432 vero
1017 2402 1245 2444 gymnasticam
1264 2402 1294 2432 in
1311 2403 1493 2444 corporibus
1518 2404 1599 2434 sani-

139 2458 246 2484 tatem.
292 2453 405 2485 GLAU.
428 2453 754 2496 Verissimaloqueris.
801 2455 858 2486 So.
881 2455 1129 2497 Intemperantia
1143 2467 1216 2487 vero
1244 2462 1276 2487 et
1304 2457 1417 2488 morbis
1443 2455 1541 2499 [405]
1566 2457 1600 2489 in

138 2507 268 2538 civitate
296 2506 520 2548 multiplicatis,
537 2513 570 2539 et
588 2507 732 2549 judicum
760 2514 792 2539 et
817 2509 1006 2540 medicorum
1031 2520 1093 2551 ope
1121 2510 1284 2551 plurimum
1311 2511 1500 2552 indigemus.
1517 2513 1601 2543 unde

135 2561 300 2603 judiciaria
315 2567 346 2593 et
363 2561 516 2592 medicina
532 2562 563 2592 in
592 2563 691 2603 pretio
716 2564 881 2604 habentur,
897 2564 1023 2604 quando
1047 2569 1079 2595 et
1105 2564 1191 2595 liberi
1217 2565 1305 2595 multi
1332 2565 1378 2595 his
1405 2576 1600 2608 summopere

138 2617 295 2648 studeant.
343 2616 456 2647 Gmu.
481 2616 624 2653 Quidni?
672 2617 727 2649 So.
749 2618 850 2660 Igitur
865 2619 954 2650 malae
969 2624 1002 2650 et
1017 2619 1114 2660 turpis
1129 2619 1304 2659 disciplinae
1320 2620 1353 2650 in
1377 2620 1503 2653 civitate
1531 2623 1600 2653 nul-

140 2670 200 2701 lam
216 2671 363 2712 majorem
383 2676 469 2712 potes
485 2671 695 2712 conjecturam
712 2683 836 2713 capere,
852 2683 945 2714 quam
961 2673 1087 2703 summis
1098 2672 1262 2714 judicibus
1278 2684 1314 2705 ac
1332 2675 1460 2706 medii-,is
1476 2676 1599 2719 indige-

139 2736 172 2756 re
189 2736 251 2756 non
268 2726 360 2756 modo
377 2725 517 2767 abjectos
534 2726 674 2757 homiues
689 2732 720 2757 et
738 2727 944 2763 mechanicos,
962 2728 1015 2758 sed
1032 2738 1086 2758 eos
1102 2728 1195 2758 etiam
1212 2728 1267 2769 qui
1291 2728 1410 2760 liberali
1434 2730 1602 2772 disciplina

140 2780 288 2810 educatos
307 2791 374 2810 esse
403 2790 435 2810 se
462 2779 642 2821 gloriantur.
691 2779 804 2812 Nonne
831 2787 921 2823 turpe
947 2782 1080 2823 videtur,
1096 2787 1128 2812 et
1153 2782 1242 2813 malae
1267 2783 1463 2814 educationis
1489 2795 1601 2826 magna

142 2833 335 2874 conjectura,
352 2839 385 2864 ut
401 2844 546 2876 cogamur
562 2835 602 2865 ob
629 2835 762 2876 proprian
790 2835 909 2866 virtutis
936 2836 1073 2877 inopiam
1096 2835 1220 2876 justitia
1245 2837 1291 2868 uti
1313 2842 1450 2875 externa,
1465 2839 1505 2869 ab
1532 2839 1600 2869 aliis

143 2886 289 2918 videlicet
303 2893 447 2929 tanquam
463 2889 597 2919 dominis
613 2888 819 2930 etjudicibus
841 2890 927 2931 juste
952 2889 1073 2931 operari
1100 2890 1265 2932 compulsi.
1312 2891 1426 2922 GLAu.
1449 2892 1597 2923 Omnium

143 2939 280 2980 profectu
297 2941 517 2982 turpissimum.
563 2943 618 2974 So.
644 2943 694 2974 An
714 2954 775 2975 non
793 2946 851 2978 hoc
866 2955 991 2986 quoque
1010 2945 1130 2986 turpius
1146 2955 1212 2976 esse
1231 2951 1331 2986 putas,
1349 2947 1476 2987 quando
1487 2945 1598 2988 aliqui
