1840 3225
202 190 251 227 84
505 189 725 228 INCERTI
757 186 1029 226 AUCTORIS
1061 187 1392 226 CLITOPHON.
1573 192 1669 242 [410

202 302 241 322 ex
257 291 318 322 tuis
333 291 544 328 familiaribus,
561 292 716 327 Socrates,
733 291 905 332 respondit,
921 297 952 322 et
967 290 1132 322 bellissime
1150 290 1276 331 quidem
1295 290 1381 331 loqui
1399 290 1480 322 visus
1495 296 1554 322 est.
1586 290 1677 332 Opus

198 345 331 386 justitiae
347 346 518 386 proprium,
542 345 659 386 inquit,
676 345 761 386 quod
787 345 903 376 nullius
928 344 1053 376 alterius
1076 344 1232 375 facultatis
1255 349 1315 380 est,
1329 344 1495 376 amicitiam
1518 344 1551 375 in
1566 345 1677 376 civita-

202 399 287 429 tibus
314 409 431 440 parere.
477 399 536 430 Ille
561 410 661 430 rursus
684 399 901 440 interrogatus,
925 399 1092 430 amicitiam
1119 408 1185 429 esse
1209 398 1325 429 bonum
1351 399 1510 439 quoddam
1535 398 1678 436 asseruit,

202 453 317 482 malum
334 463 406 483 vero
427 462 598 493 nunquam.
645 452 725 484 Cum
741 463 813 483 vero
840 453 1078 493 interrogaretur
1100 452 1140 482 de
1166 462 1329 492 puerorum
1345 451 1566 493 brutorumque
1580 452 1678 482 bene·

202 505 359 542 volcntiis,
375 515 452 546 quas
468 505 620 536 amicitias
635 506 839 536 communiter
853 505 1059 546 appellamus,
1076 504 1226 535 amicitias
1249 515 1315 535 esse
1337 515 1390 536 eas
1404 506 1543 547 negavit,
1559 505 1679 546 quippe

204 569 275 589 cum
291 558 406 600 saepius
422 558 538 596 obsint,
555 568 646 599 quam
662 559 782 599 prosint
798 571 806 589 :
832 559 986 599 dixitque,
1002 558 1070 588 illas
1087 558 1164 589 falso
1182 557 1334 589 amicitias
1350 558 1525 600 nuncupari
1541 570 1548 588 :
1573 567 1676 589 veram

203 617 308 643 autem
324 611 492 643 amicitiam
509 622 576 643 esse
592 612 698 653 procul
721 612 818 642 dubio
842 612 1094 643 consensionem.
1139 611 1222 642 Cum
1245 617 1348 642 autem
1364 617 1561 653 quaereretur,
1576 616 1678 642 utrum

203 665 411 696 assensionem
435 665 518 697 illam
545 670 671 696 vocaret
695 665 865 706 opinionis,
882 675 920 695 an
945 665 1085 696 scientiae
1111 675 1319 696 concursum:
1345 665 1526 707 opinionem
1550 664 1678 706 quidem

204 718 382 756 contemsit,
397 717 471 759 quia
486 729 654 750 concursus
669 717 855 760 opinionum
871 717 960 749 multi
987 718 1067 749 inter
1081 718 1223 749 homines
1239 729 1275 750 ac
1290 719 1374 749 noxii
1390 724 1463 750 sunt
1478 731 1484 749 :
1510 718 1679 750 amicitiam

203 782 276 802 vero
287 772 400 803 bonam
417 772 545 803 omnino
557 782 698 814 opusque
711 771 843 814 justitiae
855 783 922 803 esse
937 778 1144 804 concesserat.
1169 772 1274 809 Quare
1285 773 1368 804 idern
1380 772 1458 803 dixit
1469 773 1536 804 esse
1546 782 1681 804 consen-

203 824 322 856 sionem
334 830 366 856 et
377 825 550 863 scientiam,
562 837 626 857 non
636 826 829 868 opinionem.
852 826 932 858 Cum
945 836 1015 858 vero
1027 827 1088 858 huc
1101 826 1260 868 loquendo
1273 826 1369 858 delati
1382 837 1530 864 essemus,
1541 823 1681 867 ambigui

204 876 362 909 auditores
378 879 525 910 adversus
539 880 626 910 illum
645 879 742 922 [410]
769 880 909 921 protinus
932 880 1149 917 inclamarunt,
1165 881 1249 922 quod
1265 881 1376 912 eodem
1391 891 1490 912 sermo
1507 880 1681 912 revolvere-

204 935 276 961 tur:
303 933 449 973 quoniam
473 939 505 964 et
527 934 683 965 medicina
710 934 750 965 sit
774 934 940 966 consensio
968 935 1124 977 quaedam,
1140 941 1172 966 et
1194 940 1274 966 artes
1296 934 1437 977 reliquae,
1452 940 1486 966 et
1507 935 1588 967 circa
1603 934 1681 976 quid

204 992 376 1023 versantur,
392 986 548 1018 declarare
565 993 693 1030 queant.
741 988 787 1018 At
810 999 881 1019 vero
905 994 958 1019 tua
973 990 1053 1029 haec,
1075 999 1168 1030 quam
1184 989 1275 1026 dicis,
1287 988 1421 1030 justitia,
1437 988 1486 1019 vel
1500 987 1683 1026 consensio,

204 1048 268 1079 quo
284 1040 387 1070 tendit
402 1040 535 1081 ignorat,
548 1042 672 1082 quodve
689 1052 768 1083 opus
784 1042 836 1082 sit,
854 1042 940 1074 latet.
965 1042 1084 1073 Eadem
1099 1043 1154 1073 abs
1171 1048 1200 1073 te
1217 1043 1342 1073 tandem
1358 1042 1500 1084 quaesivi,
1513 1042 1656 1073 Socrates
1672 1053 1680 1072 :

204 1097 238 1122 tu
255 1103 328 1123 vero
343 1094 445 1124 statim
459 1093 590 1134 justitiae
612 1106 691 1136 opus
712 1106 778 1127 esse
795 1095 912 1133 dixisti,
928 1097 1074 1136 prodesse
1089 1096 1209 1134 amicis,
1225 1093 1368 1127 inimicos
1383 1097 1509 1128 laedere.
1552 1095 1681 1126 Deinde

204 1155 277 1176 vero
293 1146 376 1176 visus
393 1147 448 1177 tibi
463 1152 510 1178 est
526 1148 571 1178 vir
582 1147 689 1189 justus
713 1159 873 1190 nunquam
898 1149 1010 1180 laedere
1033 1160 1233 1192 quemquam,
1250 1151 1304 1181 sed
1321 1150 1469 1192 prodesse
1484 1149 1516 1180 in
1533 1149 1680 1181 omnibus

205 1200 389 1242 unicuique.
435 1202 514 1233 Haec
530 1213 593 1233 non
611 1204 705 1234 semel
722 1208 855 1244 tantum,
871 1214 888 1234 o
903 1204 1060 1241 Socrates,
1078 1210 1134 1235 aut
1149 1205 1196 1234 bis
1213 1209 1332 1235 tentata
1347 1209 1441 1235 sunt:
1466 1203 1521 1234 sed
1537 1212 1609 1234 cum
1623 1201 1680 1233 diu

205 1254 338 1295 supplex
354 1265 408 1286 vos
425 1261 549 1287 secutus
573 1257 696 1294 fuerim,
713 1258 850 1299 denique
865 1258 1004 1289 defessus
1029 1269 1108 1295 sum,
1124 1258 1315 1295 existimans,
1331 1263 1362 1289 te
1378 1258 1417 1288 ad
1441 1257 1679 1288 inflammandos

204 1308 358 1344 homines,
383 1314 417 1340 ut
441 1310 578 1340 studium
601 1311 723 1342 virtutis
751 1316 929 1352 capessant,
957 1312 1067 1342 ceteris
1091 1322 1158 1343 esse
1184 1311 1459 1343 vehementiorem.
1503 1310 1532 1341 E
1556 1310 1679 1341 duobus

204 1372 277 1392 vero
295 1362 473 1393 alterutrum
497 1374 624 1395 necesse
640 1369 698 1397 est.
722 1370 777 1395 aut
799 1365 881 1396 enim
905 1370 1033 1396 eatenus
1050 1370 1170 1396 tantum
1187 1365 1285 1407 vales,
1301 1365 1382 1396 ultra
1396 1375 1468 1395 vero
1485 1363 1575 1401 nihil,
1591 1363 1678 1405 quod

205 1415 332 1455 quidem
350 1415 382 1446 in
398 1417 506 1458 quavis
527 1423 591 1449 arte
608 1419 789 1460 contingere
814 1424 917 1460 potest
932 1431 940 1450 ;
964 1429 1022 1450 ceu
1048 1419 1079 1449 in
1105 1424 1170 1450 arte
1187 1419 1405 1460 gubernator-ia
1419 1418 1485 1450 fieri
1502 1423 1616 1459 potest,
1631 1423 1680 1455 ut,

205 1468 260 1509 qui
274 1470 445 1510 gubernare
461 1472 573 1513 nescit,
590 1473 811 1514 excogitaverit
827 1473 947 1515 aliquas
962 1472 1031 1514 ejus
1047 1473 1120 1504 artis
1135 1473 1258 1514 laudes,
1273 1473 1385 1514 quibus
1400 1473 1440 1503 ad
1455 1482 1523 1503 eam
1539 1471 1682 1502 homines

204 1529 366 1563 provocet,
383 1525 470 1566 quasi
497 1526 679 1567 dignissima
695 1527 757 1557 sit:
784 1531 815 1557 et
837 1527 871 1557 in
897 1527 1007 1558 ceteris
1030 1528 1146 1558 artibus
1169 1527 1400 1558 eodemmodo.
1446 1526 1534 1557 Idem
1550 1525 1680 1556 fortasse

203 1574 261 1607 'tibi
276 1578 345 1618 quis
361 1577 486 1616 tribuet,
503 1580 593 1620 quasi
617 1580 714 1611 nihilo
742 1581 838 1622 magis
857 1580 1014 1622 justitiam
1038 1581 1136 1623 ipsam
1163 1591 1346 1622 cognoscas,
1361 1580 1418 1612 etsi
1443 1579 1589 1621 praeclare
1610 1588 1680 1609 eam

203 1629 325 1663 laudas.
370 1631 441 1673 Ego
459 1638 562 1664 autern
579 1644 643 1664 non
659 1634 703 1665 sic
720 1634 874 1666 existimo.
899 1645 916 1665 e
939 1635 1062 1665 duobus
1077 1636 1159 1666 enirn
1175 1634 1303 1666 alterurn
1318 1635 1447 1676 inquam
1463 1645 1470 1664 :
1495 1637 1550 1664 aut
1563 1631 1682 1664 nescire

205 1688 237 1713 te
262 1684 404 1727 arbitror,
419 1691 474 1717 aut
499 1687 584 1718 nolle
611 1698 732 1718 mecum
756 1688 996 1720 communicare.
1043 1689 1254 1728 Quamobrem
1278 1689 1318 1719 ad
1341 1687 1619 1730 Thrasymachum,
1645 1691 1680 1716 ut

206 1737 329 1778 opinor,
345 1749 395 1770 ine
421 1740 589 1778 conseram,
611 1747 642 1772 et
669 1742 744 1779 alio,
770 1753 958 1783 quocunque
986 1747 1108 1784 potero,
1135 1752 1362 1783 speraveroque
1388 1751 1407 1772 a
1429 1740 1680 1772 dubitationibus

204 1789 338 1823 liberari.
353 1784 359 1790 ⁷
383 1792 497 1835 Neque
515 1806 586 1826 vero
602 1795 663 1826 alio
691 1806 740 1826 me
763 1796 946 1833 conferrem,
964 1797 989 1827 si
1011 1796 1107 1826 velles
1123 1796 1191 1836 ipse
1216 1795 1484 1827 exhortationibus
1497 1794 1565 1825 istis
1579 1803 1678 1835 quan-

205 1844 309 1886 doque
325 1846 427 1878 sacere
442 1848 547 1879 finem.
593 1849 688 1880 Porro
705 1851 967 1891 quemadmodum
984 1850 1008 1880 si
1034 1860 1081 1880 me
1093 1850 1159 1890 jam
1176 1850 1251 1881 satis
1267 1850 1306 1880 ad
1323 1859 1427 1880 curam
1443 1847 1591 1890 corporis,
1608 1857 1679 1889 quie

206 1901 411 1939 gymnasticae
427 1906 484 1938 est,
500 1902 674 1944 incitasses,
693 1908 763 1944 post
785 1904 1030 1935 exhortationem
1054 1903 1236 1944 hujusmodi
1251 1903 1385 1945 aperires
1400 1902 1488 1943 mihi,
1502 1901 1604 1944 qualis
1619 1901 1680 1932 mei

206 1953 343 1993 corporis
359 1959 440 1985 esset
455 1955 594 1993 affectio,
610 1962 642 1987 et
667 1958 754 1997 quali
781 1958 940 1989 curatione
962 1957 1117 1999 indigeret
1132 1970 1139 1988 :
1165 1958 1208 1988 ita
1223 1957 1255 1988 in
1274 1957 1437 1998 praesentia
1451 1956 1559 1988 facito.
1583 1965 1680 1997 pone,

206 2004 428 2047 Clitophonem
447 2009 503 2039 tibi
518 2011 702 2047 concedere,
721 2011 884 2043 ridiculum
909 2023 987 2049 esse,
1006 2018 1039 2042 ut
1061 2012 1095 2042 in
1119 2012 1187 2042 aliis
1204 2012 1293 2042 rebus
1316 2011 1385 2053 quis
1407 2009 1543 2041 studium
1559 2014 1680 2051 ponat3

206 2059 340 2090 animam
357 2072 442 2102 verr),
464 2062 554 2103 cujus
578 2064 676 2104 gratia
703 2064 736 2094 in
762 2065 874 2096 ceteris
898 2066 1062 2102 laboratur,
1080 2066 1232 2107 negligat,
1256 2071 1287 2096 et
1310 2065 1381 2102 alia,
1398 2074 1593 2105 quaecunque
1609 2067 1682 2104 post

207 2112 273 2144 haec
290 2120 471 2155 sequuntur,
489 2121 521 2147 et
546 2116 630 2148 dicta
658 2118 750 2148 niodo
778 2124 862 2156 sunt,
880 2119 1019 2149 retulisse
1043 2129 1091 2149 me
1119 2125 1205 2159 puta.
1252 2117 1390 2149 Obsecro
1414 2122 1455 2153 te,
1471 2116 1625 2152 Socrates,
1641 2126 1681 2147 ne

208 2166 296 2197 aliter
312 2167 419 2205 facias,
442 2179 494 2206 ne,
510 2171 774 2211 quemadmodum
792 2183 888 2208 nunc,
912 2173 953 2202 ita
970 2178 1001 2203 et
1017 2173 1147 2213 posthac
1163 2182 1264 2202 coram
1281 2171 1378 2212 Lysia
1393 2169 1565 2210 ceterisque
1580 2169 1681 2200 bomi-

208 2220 311 2258 nibus,
328 2223 437 2262 partim
454 2224 580 2263 quidem
598 2225 722 2256 laudare
748 2230 790 2261 te,
815 2226 925 2266 partim
943 2236 1015 2256 vero
1044 2226 1215 2266 vituperare
1243 2235 1370 2256 necesse
1385 2224 1436 2254 sit.
1479 2223 1517 2253 Ei
1533 2233 1680 2263 namque,

209 2274 262 2315 qui
279 2276 417 2306 nondum
442 2278 481 2307 ad
508 2277 650 2309 virtutem
667 2279 706 2309 sit
729 2286 926 2320 provocatus,
945 2280 1082 2311 conferre
1107 2285 1135 2310 te
1163 2279 1327 2320 plurimum
1354 2288 1508 2308 asseram:
1533 2286 1679 2318 persuaso

209 2334 311 2360 autem
336 2336 453 2367 contra,
470 2331 696 2372 impedimento
713 2343 780 2365 csse
804 2339 833 2365 te
860 2335 1098 2377 propemodum,
1111 2343 1173 2376 quo
1191 2333 1291 2365 minus
1306 2333 1346 2364 ad
1363 2331 1483 2363 virtutis
1499 2331 1590 2362 finem
1609 2341 1680 2372 pcr-

210 2383 350 2425 venicus,
368 2385 475 2416 beatus
491 2385 652 2419 efficiatur.
