1840 3225
275 210 351 248 166
879 209 1141 249 PLATONIS
1641 215 1741 266 [485

273 321 435 351 possumus
451 311 660 353 respondere?
706 312 761 343 So.
786 311 976 354 Quicunque
999 313 1157 344 custodire
1181 312 1265 353 leges
1283 317 1414 353 possunt
1427 318 1460 345 et
1475 313 1612 345 civitatis
1627 315 1740 350 officia,

272 364 318 395 his
334 365 544 406 gubernacula
559 370 632 396 sunt
655 364 698 396 rei
724 364 857 406 publicae
881 366 1117 398 committenda.
1163 365 1278 396 Gtau.
1303 366 1419 398 Probe.
1463 367 1520 399 So.
1545 367 1617 399 Hoc
1631 369 1739 410 itaque

272 418 469 458 perspicuum
496 424 554 454 est,
571 423 671 449 utrum
698 428 815 450 caecum
843 429 882 449 an
907 424 997 450 acute
1022 423 1199 450 cernentem
1224 420 1386 450 custodem
1411 421 1575 462 quodlibet
1597 427 1741 463 oporteat

270 481 399 504 servare.
447 471 560 503 GLAu.
584 471 705 509 Quidni
721 473 946 514 perspicuum?
991 473 1046 504 So.
1071 472 1269 504 Videnturne
1298 473 1355 504 tibi
1379 484 1398 504 a
1421 475 1511 506 caecis
1535 475 1670 512 differre,
1685 477 1740 517 qui

271 524 453 565 cognitione
484 525 648 568 cujusque,
674 527 762 567 quod
796 537 865 558 vere
896 533 954 565 cst,
983 533 1100 563 carent,
1130 537 1232 568 neque
1265 528 1465 568 perspicuum
1497 529 1592 560 ullum
1623 529 1740 560 babent

272 579 429 620 exemplar
453 579 486 610 in
511 580 628 617 animo,
645 591 748 622 neque
775 586 918 622 possunt,
947 587 1093 622 tanquam
1125 581 1270 622 pictores,
1298 581 1338 611 ad
1366 582 1522 623 exemplar
1548 582 1738 613 verissimum

269 632 480 673 respicientes,
505 634 734 675 ree-serentesque
762 635 800 665 ad
829 635 905 665 illud
934 641 965 666 et
988 636 1090 677 ipsum
1119 645 1211 676 quarn
1240 635 1445 666 sincerissime
1473 641 1670 673 contuentes,
1697 636 1741 666 ita

271 686 396 717 demum
412 687 496 728 leges
511 687 562 719 hic
578 687 654 719 ferre
671 688 711 719 de
738 688 991 729 pulcliris,justis
1007 693 1039 719 et
1056 688 1156 725 bonis,
1173 688 1198 718 si
1215 694 1370 729 oporteat,
1394 694 1426 720 et
1453 689 1532 720 latas
1558 690 1642 731 leges
1668 700 1739 721 cus-

271 739 372 772 todire
402 747 495 783 atque
521 743 664 773 servare?
718 741 834 775 GLAU.
859 742 1004 774 Profecto
1037 753 1099 772 non
1133 742 1225 783 longe
1255 742 1414 773 differunt.
1468 743 1524 776 So.
1546 743 1632 774 Num
1662 743 1740 774 istos

271 795 376 835 potius
391 796 430 826 ad
454 796 626 827 custodiam
652 796 802 838 eligemus
827 806 919 837 quam
943 807 1008 833 eOS,
1023 797 1079 837 qui
1108 797 1363 837 unumquodque,
1379 797 1464 838 quod
1492 807 1563 828 vere
1589 802 1739 837 est,cog·

272 854 417 885 noscunt,
435 849 546 889 peritia
561 860 686 891 quoque
703 854 756 879 aut
772 849 833 879 alia
849 849 958 890 quavis
975 850 1005 880 in
1024 855 1110 891 parte
1128 849 1248 880 virtutis
1263 850 1361 880 nihilo
1388 850 1546 881 inferiores
1561 850 1739 881 exsistunt?

272 902 388 934 GLAU.
413 902 590 934 Absurdum
614 908 696 934 essct
719 903 824 944 utique
841 903 918 933 alios
933 903 1060 944 quosvis
1084 903 1171 943 eligi,
1188 903 1344 944 praecipue
1361 904 1387 934 si
1414 910 1517 935 cetera
1540 914 1738 946 nequaquam

272 956 385 989 desint.
402 957 461 988 hoc
474 963 555 988 certe
572 957 704 988 maximo
720 962 878 998 superant.
903 955 1000 998 [485]
1028 956 1084 987 So.
1108 956 1160 987 An
1177 967 1239 986 non
1257 956 1338 987 istud
1352 956 1418 996 jam
1434 957 1586 994 dicemus,
1602 968 1738 999 quonam

274 1015 366 1051 pacto
394 1004 494 1041 iidem'
517 1016 662 1052 poterunt
688 1010 743 1040 illa
768 1010 857 1040 simul
887 1015 919 1040 et
949 1010 1016 1040 haec
1046 1010 1182 1040 babere?
1230 1008 1345 1040 Guu.
1368 1008 1518 1041 Omnino.
1537 1039 1543 1046 x
1562 1011 1617 1042 So.
1641 1011 1750 1049 Quod·

273 1074 346 1105 ergo
364 1064 394 1094 in
412 1064 504 1105 hujus
519 1063 740 1106 disputationis
766 1063 892 1094 exordio
917 1063 1063 1100 diximus,
1079 1069 1219 1094 naturam
1235 1063 1373 1104 ipsorum
1397 1064 1570 1105 perdiscere
1585 1065 1617 1096 in
1633 1065 1739 1106 primis

275 1123 420 1160 oportet:
447 1124 540 1160 atque
570 1118 712 1157 arbitror,
743 1117 767 1148 si
798 1117 881 1147 illam
914 1118 953 1147 ad
985 1116 1201 1147 sufficientiam
1233 1116 1365 1148 invicem
1396 1118 1650 1155 concesserimus,
1680 1129 1738 1150 nos

272 1172 400 1214 insuper
415 1183 614 1204 concessuros
640 1172 706 1203 fieri
724 1182 824 1213 posse,
842 1176 875 1201 ut
903 1170 996 1202 iidem
1022 1171 1089 1202 haec
1115 1176 1330 1212 assequantur,
1346 1181 1449 1213 neque
1463 1170 1541 1202 alios
1556 1177 1667 1212 praeter
1682 1172 1739 1203 hos

273 1226 409 1258 civitatis
423 1227 519 1258 duces
535 1237 601 1258 esse
616 1227 741 1258 debere.
788 1225 905 1256 GLAU.
929 1226 1074 1262 Quonam
1093 1225 1208 1266 pacto?
1239 1225 1296 1255 So.
1318 1224 1389 1270 Hoc
1401 1225 1505 1267 itaque
1519 1226 1664 1258 internos
1677 1226 1739 1268 pri·

274 1290 358 1310 mum
371 1285 493 1312 constet
504 1281 543 1311 de
556 1280 810 1322 philosophorum
823 1279 967 1320 ingeniis,
984 1279 1069 1320 quod
1087 1289 1208 1320 semper
1219 1289 1287 1309 eam
1298 1278 1434 1321 diligunt
1448 1280 1660 1321 disciplinam,
1675 1290 1740 1322 qua

277 1334 339 1366 illis
355 1335 458 1365 notior
474 1334 527 1364 fiat
549 1340 657 1364 natura
673 1334 739 1371 illa,
755 1344 825 1377 quae
849 1344 970 1374 semper
985 1338 1032 1363 est
1054 1343 1157 1374 neque
1172 1332 1373 1374 generatione
1399 1339 1432 1364 et
1456 1335 1654 1376 corruptione
1670 1345 1739 1364 mu-

274 1394 367 1420 tatur.
413 1389 528 1420 Gmu.
552 1387 694 1421 Constet.
740 1389 796 1419 So.
820 1387 905 1424 Quin
922 1387 1026 1424 etiam,
1040 1387 1125 1427 quod
1139 1397 1206 1417 cam
1223 1392 1318 1417 totam
1334 1387 1496 1427 affectant,
1511 1398 1613 1429 neque
1627 1394 1739 1429 sponte

277 1449 393 1485 partem
411 1442 479 1484 ejus
497 1443 589 1473 ullam
605 1447 767 1484 spernunt,
782 1452 840 1472 nec
858 1451 981 1482 parvam
999 1451 1057 1472 nec
1069 1451 1225 1482 maguam,
1241 1450 1343 1482 neque
1354 1441 1567 1472 honorandam
1580 1452 1682 1483 neque
1695 1442 1740 1473 vi-

277 1498 349 1535 lem,
363 1497 625 1539 quemadmodum
642 1506 733 1537 supra
749 1496 788 1526 de
804 1495 976 1526 ambitiosis
992 1501 1023 1526 et
1039 1505 1141 1526 amore
1152 1495 1252 1536 captis
1263 1495 1474 1537 praediximus.
1499 1495 1611 1527 GLAu.
1627 1494 1741 1528 Recte.

276 1552 332 1583 So.
356 1551 511 1582 Praeterea
526 1555 558 1582 et
582 1551 641 1581 hoc
667 1550 890 1586 animadverte,
907 1549 1050 1591 nunquid
1075 1560 1202 1581 necesse
1228 1549 1267 1579 sit
1293 1554 1411 1580 naturae
1426 1560 1531 1580 eorum
1558 1550 1670 1591 inesse,
1685 1550 1741 1591 qui

276 1605 354 1637 tales
383 1605 479 1635 futuri
508 1609 592 1645 sunt,
617 1604 724 1645 quales
750 1604 964 1634 narravimus?
1011 1603 1124 1635 Graiu.
1148 1603 1251 1640 Quale
1279 1603 1387 1634 istud?
1433 1604 1490 1635 So.
1513 1604 1559 1636 Ut
1582 1604 1741 1635 mendacii

276 1659 378 1691 omnis
393 1664 502 1690 natura
517 1664 658 1700 expertes
679 1658 752 1699 sint,
766 1669 869 1700 neque
884 1662 996 1699 sponte
1012 1658 1201 1689 mentiantur
1228 1667 1377 1699 unquam,
1393 1659 1446 1689 scd
1472 1669 1595 1690 ornnem
1617 1658 1741 1690 oderint

273 1713 454 1752 falsitatem,
469 1712 604 1754 diligant
627 1712 800 1745 veritatem.
847 1712 961 1744 Gau.
985 1712 1151 1743 Probabile
1176 1718 1234 1744 est.
1280 1712 1335 1745 So.
1359 1711 1435 1743 Non
1458 1713 1558 1744 solum
1580 1712 1741 1754 probabile

275 1772 381 1804 est,-o
411 1767 521 1804 amice,
547 1767 600 1797 sed
631 1767 755 1808 penitus
780 1767 998 1804 necessarium,
1025 1777 1109 1806 eum,
1139 1767 1193 1807 qui
1220 1777 1258 1797 ex
1283 1772 1394 1797 natura
1421 1766 1461 1797 ad
1489 1766 1609 1808 aliquid
1636 1777 1740 1798 amore

276 1820 417 1857 afficitur,
434 1821 583 1863 quicquid
599 1827 765 1862 cognatum
781 1827 813 1852 et
838 1821 987 1852 familiare
1013 1826 1060 1852 est
1087 1826 1204 1861 amato,
1219 1820 1360 1861 diligere.
1407 1820 1522 1852 Guu.
1543 1821 1639 1852 Scite.
1682 1820 1742 1852 So-

276 1875 362 1907 Num
390 1875 567 1906 familiarius
590 1874 710 1916 aliquid
737 1875 897 1916 sapientiae
923 1885 1015 1917 quam
1043 1874 1156 1906 veritas
1179 1873 1351 1916 reperitur?
1398 1874 1513 1905 GLAU.
1536 1874 1636 1907 Nihil.
1681 1875 1744 1906 So.

275 1929 328 1960 An
344 1940 416 1970 ergo
433 1929 580 1970 possibile
595 1935 643 1960 est
657 1935 796 1960 naturam
814 1930 945 1960 eandem
969 1940 1035 1960 esse
1058 1929 1306 1971 philosophicam
1322 1933 1355 1958 et
1371 1929 1552 1960 mendacem
1566 1929 1577 1959 ἓ
1623 1928 1741 1961 Grau.

276 1983 374 2014 Nullo
389 1983 495 2013 modo.
540 1983 595 2016 So.
620 1983 703 2023 Ergo
729 1984 870 2014 discendi
886 1983 1036 2025 cupidum
1050 1993 1177 2014 necesse
1202 1988 1249 2013 est
1275 1982 1378 2013 statim
1393 1993 1412 2013 a
1430 1982 1563 2024 pueritia
1577 1983 1738 2014 veritatem

277 2045 400 2066 omnem
417 2046 610 2077 summopere
627 2037 784 2068 affectare.
831 2037 945 2068 Gtau.
971 2038 1110 2068 Prorsus.
1155 2036 1211 2068 So.
1237 2036 1340 2073 Quem
1364 2047 1435 2066 vero
1451 2036 1492 2067 ad
1515 2041 1632 2068 certum
1646 2036 1741 2078 quid·

277 2089 350 2120 dam
367 2089 509 2121 ardenter
523 2091 649 2131 rapiunt
663 2091 863 2136 cupiditate&
879 2091 950 2122 liuic
974 2092 1011 2121 ad
1037 2089 1098 2121 alia
1114 2090 1279 2131 cupidines
1294 2090 1479 2121 remissiores
1494 2096 1578 2126 sunt,
1593 2101 1664 2122 cum
1679 2089 1741 2121 alio

277 2148 424 2183 tanquam
450 2143 539 2174 rivuli
564 2144 714 2174 defluant.
760 2144 874 2175 Gtiu.
898 2144 985 2174 Nulli
1001 2143 1142 2174 dubium.
1187 2144 1243 2174 So.
1267 2144 1458 2185 Quicunque
1480 2143 1575 2185 igitur
1589 2145 1628 2174 ad
1645 2144 1742 2175 disci-

278 2196 379 2237 plinas
395 2201 427 2226 et
441 2201 543 2227 cetera
560 2197 632 2227 talia
655 2197 738 2227 omni
755 2197 908 2228 desiderio
934 2198 1075 2237 flagrant,
1093 2207 1198 2238 puram
1216 2196 1312 2238 ipsius
1337 2198 1446 2227 anirnae
1461 2202 1613 2238 expetunt
1630 2198 1743 2239 volup-

277 2255 384 2285 tatem,
414 2249 552 2291 corporis
582 2255 684 2281 autem
723 2250 949 2281 oblectamenta
987 2250 1192 2291 despiciunt:
1232 2249 1292 2280 nisi
1330 2250 1400 2290 quis
1431 2250 1533 2290 fictus,
1566 2251 1620 2281 sed
1652 2261 1741 2282 verus

278 2303 483 2344 philosophus
499 2304 549 2336 sit.
596 2304 710 2335 Gmu.
734 2304 937 2344 Summoperc
962 2303 1167 2334 necessarium
1191 2302 1287 2333 istud.
1330 2303 1387 2334 So.
1410 2303 1615 2344 Temperatus
1636 2303 1741 2346 itaque

279 2356 323 2386 vir
339 2356 410 2387 talis
435 2358 504 2394 erit,
520 2368 622 2398 neque
644 2357 786 2398 pecunia:
812 2358 957 2398 cupidus.
982 2367 1052 2387 nam
1076 2357 1115 2387 ad
1141 2357 1280 2397 quemvis
1305 2356 1439 2397 pertinet
1463 2357 1567 2397 potius
1590 2367 1682 2398 quam
1699 2358 1739 2388 ad

279 2410 362 2440 hunc
378 2410 573 2441 cumulandis
590 2411 730 2452 pecuniis
747 2411 877 2450 inhiare,
899 2410 989 2450 cujus
1014 2409 1110 2450 gratia
1132 2409 1226 2440 ceteri
1251 2409 1381 2439 maxima
1404 2419 1474 2440 cum
1493 2409 1617 2451 jactura
1643 2421 1740 2451 pecu-

278 2463 338 2494 niis
353 2464 527 2504 querendis
543 2464 701 2495 insudant.
747 2463 862 2494 GLAu.
886 2463 934 2494 Ita
950 2468 1006 2494 est.
1051 2463 1104 2494 So.
1131 2463 1284 2494 Praeterea
1300 2463 1331 2494 id
1347 2462 1618 2501 considerandum,
1639 2462 1737 2506 [486]

277 2518 423 2556 quotiens
449 2524 588 2549 naturam
611 2518 679 2560 ejus
703 2518 756 2559 qui
783 2518 986 2559 philosophus
1012 2517 1052 2546 sit
1082 2522 1114 2547 ct
1135 2516 1203 2558 ejus
1229 2517 1282 2558 qui
1309 2527 1371 2548 non
1393 2516 1434 2547 sit
1448 2517 1621 2548 discernere
1636 2517 1739 2558 cupis-

276 2570 393 2602 GLAu.
416 2572 600 2608 Quidnam?
645 2572 701 2603 So.
726 2572 776 2603 Ne
802 2572 879 2602 forte
907 2571 1014 2602 latens·
1025 2571 1167 2612 quaedam
1193 2570 1268 2601 insit
1291 2570 1493 2602 illiberalitas.
1518 2579 1588 2601 nem
1611 2571 1742 2601 adversa

275 2624 403 2655 omnino
426 2630 473 2655 est
487 2626 726 2666 pusillanimitas
740 2626 843 2656 animo
859 2625 1032 2656 universum
1049 2626 1150 2666 ipsum
1166 2635 1286 2666 semper
1300 2625 1439 2655 divinum
1455 2629 1549 2666 etque
1570 2624 1738 2655 humanum

277 2677 472 2718 indagaturo.
518 2679 633 2710 GLAu.
657 2679 738 2710 Vera
765 2679 908 2722 loqueris.
952 2680 1006 2710 So.
1030 2679 1154 2720 Nempe
1182 2679 1233 2710 cui
1259 2678 1458 2720 cogitationis
1483 2679 1572 2708 adest
1598 2678 1739 2718 magnifi-

277 2731 380 2761 centia
396 2737 427 2762 et
444 2732 538 2763 totius
555 2733 702 2774 temporis
726 2733 883 2775 totiusque
897 2733 1076 2765 substantiae
1093 2732 1331 2774 contemplatio,
1347 2733 1481 2762 humans
1506 2731 1570 2761 vita
1591 2740 1737 2772 magnum

276 2784 353 2825 quid
370 2785 467 2816 videri
483 2797 545 2816 non
572 2793 686 2827 potest.
730 2788 845 2820 Graiu.
869 2787 943 2819 Non
961 2788 1110 2828 profecto.
1157 2787 1214 2818 So.
1238 2776 1322 2817 Num
1349 2791 1476 2816 mortem
1505 2785 1555 2815 hie
1571 2784 1736 2815 terribilem

277 2836 489 2869 existimabit?
520 2838 633 2871 Gmm.
657 2841 802 2873 Minime.
847 2841 902 2872 So.
924 2840 1056 2871 'l‘imidze
1082 2841 1187 2881 itaque
1217 2839 1422 2881 illiberalique
1452 2844 1569 2869 naturae
1598 2837 1736 2879 philoso-

279 2891 352 2931 phia
379 2902 447 2923 vcra
474 2903 536 2924 non
564 2894 721 2927 convenit.
781 2896 895 2927 Utatu-
918 2894 1004 2932 Non,
1033 2901 1067 2926 ut
1094 2895 1166 2927 milii
1191 2894 1322 2926 videtur.
1382 2893 1438 2925 So.
1460 2892 1513 2923 Vir
1537 2897 1640 2924 autem
1672 2900 1737 2922 mo-
