1840 3225
187 187 284 237 685]
638 185 711 223 DE
741 182 971 222 LEGIBUS
1003 182 1102 222 LIB.
1135 183 1208 221 111.
1576 186 1653 223 315

185 291 313 327 dicitur,
329 290 459 332 placuit,
472 295 505 321 ut
516 288 673 330 tripartito
688 287 828 318 exercitu
837 287 942 322 divisi,
959 286 1050 317 urbes
1066 291 1128 317 tres
1145 286 1329 323 habitarent,
1344 286 1456 328 Argos,
1467 287 1650 325 Messenen.

184 346 458 377 Lacedaemonem.
473 345 570 376 Meo.
592 343 643 374 Sic
657 343 785 373 factum.
812 340 948 371 Arnen.
966 340 1007 370 Et
1023 340 1180 382 Argorum
1206 342 1335 382 quidem
1350 352 1402 372 rex
1416 342 1574 375 Temenus
1585 345 1649 376 fac-

185 404 236 430 tus
250 406 308 436 est,
323 400 477 430 Messenae
489 409 563 429 vero
575 397 795 437 Cresphontes,
804 394 1039 426 Lacedaemonis
1050 402 1157 425 autem
1167 395 1380 437 Eurysthenes
1386 397 1475 427 simul
1487 403 1581 439 atque
1589 399 1651 430 Pa-

184 455 310 485 trocles.
354 454 452 486 Meo.
477 453 529 484 Sic
542 451 661 492 utique.
704 450 843 481 Arnen.
866 449 1019 482 Jurarunt
1038 449 1114 479 item
1144 460 1254 480 omnes
1280 460 1313 481 se
1338 451 1385 481 illi
1409 459 1649 493 repugnaturos,

185 508 240 550 qui
255 508 430 550 cujuspiam
443 517 574 548 regnum
586 505 747 536 devastare
760 504 993 546 aggrederetur.
1038 503 1137 535 MEG-
1159 504 1270 535 Plane.
1315 504 1452 537 Animi.
1478 506 1540 538 Dic
1568 519 1653 545 vero,

185 572 242 603 per
266 562 389 598 Jovem,
404 560 546 602 nunquid
558 570 688 602 regnum
702 560 752 590 vel
768 558 962 600 principatus
977 557 1088 599 aliquis
1104 558 1291 599 deponatur,
1305 559 1353 589 vel
1371 558 1532 600 depositus
1548 573 1648 603 quan-

186 616 291 658 doque
303 616 342 647 ab
357 616 427 646 aliis
441 615 492 652 sit,
506 624 601 656 quam
616 625 635 645 a
647 625 680 644 se
695 614 797 656 ipsis'!
820 624 859 644 an
871 614 966 655 paulo
978 618 1050 643 ante
1059 635 1066 649 ,
1079 623 1152 643 cum
1162 611 1194 642 in
1205 613 1288 643 hunc
1302 623 1477 644 sermonem
1492 615 1646 648 incidere-

186 680 265 706 mus,
291 670 325 700 id
354 670 401 701 ita
428 679 495 701 esse
519 669 717 710 putabamus,
739 678 823 698 nunc
840 673 944 698 autem
959 667 1049 697 obliti
1062 667 1191 697 omnino
1205 667 1333 698 sumus?
1380 668 1477 699 Miro.
1501 670 1650 703 Minime.

183 722 322 754 Arnen.
344 723 461 754 Nonne
478 722 565 754 idem
574 723 674 764 magis
684 732 767 754 nunc
780 720 1054 753 confirmabimus?
1081 721 1119 752 ab
1131 721 1259 752 historia
1274 722 1355 753 enim
1367 732 1468 753 rerum
1482 730 1648 764 gestarum,

184 775 218 807 in
245 786 340 818 quam
363 776 542 813 incidimus,
558 776 599 807 ad
618 777 675 807 hoc
692 776 907 806 affirmandum
922 785 1146 807 ammonemur.
1170 786 1267 817 quare
1282 786 1345 807 non
1362 777 1444 809 circa
1460 788 1574 810 vanum
1590 780 1650 811 ali-

184 830 260 871 quid
286 831 456 862 orationem
474 831 681 867 revolvemus,
705 831 801 873 [684]
828 841 900 861 cum
911 840 978 860 rem
994 835 1115 871 gestam
1128 840 1164 860 ac
1178 840 1286 861 veram
1301 831 1454 864 dicamus.
1472 833 1554 864 facta
1572 845 1646 865 vero

183 885 253 915 haec
278 891 370 916 sunt:
395 886 455 916 tria
476 895 574 926 regna
597 891 630 916 et
654 892 717 916 tres
745 885 923 926 gubernatae
949 895 1047 926 regno
1067 885 1222 921 civitates,
1243 884 1366 926 leg-ibus
1390 889 1596 920 communiter
1611 889 1651 921 de

184 939 368 980 imperando
392 939 592 982 parendoque
616 940 739 981 positis,
759 940 903 980 jurarunt
917 939 1069 969 invicem:
1095 950 1184 981 reges
1195 939 1324 980 quidem
1338 950 1379 971 ne
1395 951 1510 982 genere
1522 952 1558 973 ac
1573 948 1653 974 tem·

184 1003 261 1034 pore
277 994 495 1035 progrediente
510 995 677 1025 violentius
692 999 859 1035 regnarent
873 1005 880 1031 3
904 994 1012 1035 populi
1029 999 1146 1033 autern,
1157 994 1182 1024 si
1197 1005 1285 1035 reges
1295 994 1514 1037 jusjurandum
1530 1008 1654 1029 conser-

183 1053 306 1084 varent,
330 1059 370 1079 ne
399 1059 537 1090 unquam
560 1059 657 1090 regno
682 1048 886 1089 deponerent,
917 1049 1015 1080 immo
1043 1058 1116 1079 vero
1141 1047 1358 1085 defenderent,
1384 1050 1411 1079 si
1435 1051 1502 1091 quis
1515 1062 1653 1093 unquam

184 1103 416 1143 aggrederetur.
438 1113 528 1144 reges
539 1113 662 1144 quoque
677 1103 800 1144 regibus
811 1109 843 1134 et
852 1103 988 1144 populis,
1004 1108 1097 1144 atque
1108 1102 1204 1133 etiam
1217 1103 1325 1143 populi
1338 1104 1463 1145 populis
1474 1110 1506 1136 et
1519 1107 1655 1149 regibus,

184 1167 218 1187 se
227 1162 337 1188 mutuo
352 1158 586 1198 propulsaturos
599 1157 704 1188 illatas
722 1156 853 1198 injurias
865 1158 1073 1198 conjurarunt.
1095 1167 1201 1187 nonne
1222 1157 1290 1187 ita?
1335 1157 1432 1190 Meo.
1455 1159 1504 1190 Ita
1517 1171 1652 1201 prorsuS.

186 1212 326 1243 Arm-:m
349 1211 444 1248 Quod
468 1217 573 1242 autern
596 1212 630 1242 in
645 1211 866 1242 constituenda
881 1210 1050 1250 disciplina
1064 1210 1150 1241 civili
1166 1211 1335 1242 maximum
1350 1220 1409 1249 est,
1425 1214 1471 1250 id,
1485 1215 1550 1245 sive
1566 1227 1655 1258 reges

184 1266 250 1296 sive
266 1266 322 1297 alii
334 1267 422 1307 leges
435 1266 575 1302 tulerint,
589 1265 688 1296 tribus
699 1265 760 1295 illis
782 1264 960 1295 civitatibus
977 1263 1089 1294 adfuit.
1133 1264 1230 1295 Msc.
1256 1265 1345 1302 Quid
1366 1266 1470 1298 illud?
1516 1269 1656 1304 Arnim.

184 1319 231 1351 Ut
243 1321 313 1351 duae
325 1321 416 1350 simul
428 1325 537 1351 contra
547 1330 640 1350 unam
654 1320 861 1361 insurgerent,
883 1328 952 1360 quae
973 1318 1091 1359 positas
1119 1319 1208 1359 leges
1232 1320 1510 1361 transgrederetur.
1555 1324 1638 1356 Mne
1650 1346 1658 1354 .

183 1373 392 1405 Manifestum
419 1373 454 1404 id
475 1374 614 1415 quidem.
659 1373 795 1404 Arnim.
817 1372 906 1403 Illud
927 1372 1021 1402 etiam
1046 1372 1276 1413 legislatoribus
1303 1375 1395 1404 multi
1409 1377 1609 1418 praecipiunt,
1624 1385 1660 1411 ut

182 1428 270 1470 leges
282 1428 464 1470 hujusmodi
477 1428 589 1464 ferant,
603 1428 710 1469 quales
724 1427 895 1458 multitudo
911 1431 943 1457 et
956 1427 1092 1468 populus
1107 1426 1243 1457 libenter
1258 1428 1443 1470 suscipiant:
1469 1432 1601 1472 perinde
1621 1444 1659 1465 ac

182 1481 209 1513 si
224 1483 296 1524 quis
310 1483 463 1525 gymnasii
475 1483 633 1524 magistris
647 1482 818 1513 medicisve
834 1481 1030 1522 praeciperet,
1047 1485 1082 1511 ut
1108 1491 1181 1512 cum
1198 1481 1358 1523 voluptate
1382 1494 1512 1526 corpora
1538 1495 1659 1525 curent,

183 1537 294 1579 eisque
308 1537 450 1578 jucunde
471 1536 668 1568 medeantur.
711 1537 809 1568 Mne.
832 1536 883 1567 Sic
907 1536 1047 1566 omnino.
1091 1534 1228 1567 Aram.
1251 1537 1334 1567 Satis
1347 1542 1454 1569 tamen
1467 1541 1582 1581 saepius
1596 1549 1659 1579 est,

182 1591 210 1623 si
240 1591 309 1633 quis
332 1601 430 1633 parva
455 1602 526 1622 cum
553 1591 697 1622 molestia
723 1591 835 1622 bonam
863 1590 1082 1621 habitudinem
1107 1595 1140 1620 et
1155 1591 1321 1621 sanitatem
1337 1593 1516 1634 corporibus
1531 1596 1657 1630 reddat.

183 1645 281 1677 Meo.
303 1645 449 1683 Quidni?
495 1645 634 1676 Arnim.
662 1645 732 1676 Hoc
759 1650 911 1686 praeterea
936 1645 1013 1686 ipsis
1038 1644 1150 1675 aderat
1178 1655 1242 1676 non
1258 1655 1389 1686 parvum
1403 1647 1444 1678 ad
1455 1648 1656 1682 ferendarum

185 1702 292 1742 legum
317 1700 513 1732 facilitatem.
557 1700 654 1731 Mae.
679 1700 867 1737 Quidnam?
915 1699 1006 1731 Arri.
1030 1699 1105 1730 Non
1132 1705 1200 1730 erat
1226 1700 1353 1732 illarum
1377 1702 1480 1742 legum
1497 1704 1659 1742 latoribus,

184 1755 335 1786 bonorum
359 1755 570 1796 aequalitatem
597 1754 814 1790 efficientibus,
842 1753 977 1785 maxima
1000 1754 1056 1784 illa
1072 1753 1248 1790 difficultas,
1263 1764 1332 1796 quae
1349 1756 1610 1789 convenientibus
1625 1760 1659 1790 iu

186 1819 282 1840 unam
307 1809 411 1850 legem
437 1808 614 1840 civitatibus
643 1809 748 1840 multis
773 1809 856 1839 solet
879 1808 1034 1843 accidere,
1065 1808 1092 1838 si
1118 1817 1262 1849 agrorum
1274 1814 1417 1849 quaerant
1427 1812 1658 1850 possessionem

185 1863 309 1894 turbare
338 1869 372 1895 et
400 1873 496 1895 novas
523 1863 646 1894 tabulas
673 1862 883 1899 introducere,
899 1862 1047 1904 quoniam
1062 1861 1192 1893 videant
1204 1873 1268 1893 non
1285 1862 1358 1894 satis
1372 1874 1464 1904 posse
1477 1865 1594 1907 absque
1611 1867 1661 1898 his

187 1917 399 1959 aequalitatem
425 1918 504 1949 fieri.
533 1928 607 1948 nam
637 1917 784 1948 adversus
809 1927 893 1953 eum,
925 1917 980 1958 qui
1006 1926 1130 1947 movere
1154 1926 1192 1947 ex
1217 1917 1264 1947 his
1291 1917 1410 1959 aliquid
1424 1924 1536 1957 tentat,
1551 1931 1660 1953 omnes

184 1972 368 2009 reclamant,
382 1983 424 2004 ne
439 1978 563 2003 moveat
574 1983 639 2002 non
651 1972 816 2003 movenda.
831 1981 921 2012 agros
933 1970 1050 2012 quippe
1061 1970 1216 2001 dividenti
1229 1976 1260 2001 et
1275 1971 1373 2002 noras
1384 1972 1508 2004 tabulas
1517 1974 1659 2006 introdu-

187 2026 273 2056 cenfi
297 2031 405 2067 aperte
427 2037 537 2058 omnes
559 2026 763 2061 maledicunt,
778 2030 812 2056 ut
826 2026 969 2067 quisque,
985 2035 1047 2067 quo
1063 2035 1097 2055 se
1121 2030 1233 2061 vertat,
1253 2026 1386 2066 ignoret.
1433 2026 1530 2058 Doris
1554 2036 1659 2060 autem

186 2080 254 2112 haec
268 2079 641 2122 difficultasturbatioque
656 2091 719 2111 non
734 2081 805 2111 fuit.
817 2091 892 2112 nam
905 2090 995 2122 agros
1007 2079 1130 2111 abunde
1144 2080 1211 2110 sine
1222 2081 1431 2111 controversia
1442 2082 1659 2122 possidebant,

187 2133 356 2177 debitaque
383 2135 459 2177 ipsis
484 2135 566 2167 aeris
594 2135 690 2166 alieni
715 2135 817 2176 prisca
844 2142 878 2165 et
906 2144 1022 2175 magna
1051 2144 1116 2165 non
1141 2139 1240 2165 erant.
1295 2135 1394 2167 Μεο.
1431 2136 1513 2167 Vera
1540 2148 1658 2170 narras,

184 2188 326 2220 Arnen.
347 2190 493 2226 Quonam
518 2189 626 2230 igitur,
646 2189 759 2231 optimi
784 2190 852 2226 viri,
869 2190 913 2220 ita
925 2190 1007 2221 male
1023 2189 1205 2220 constitutio
1216 2189 1274 2220 illa
1289 2194 1320 2220 et
1332 2190 1489 2231 legislatio
1502 2191 1580 2233 ipsis
1593 2192 1658 2222 abi-

185 2241 228 2273 vit
244 2243 255 2272 .²
275 2242 372 2286 [685]
388 2244 486 2274 Mm.
509 2244 583 2280 Quo
593 2243 627 2274 id
639 2248 732 2285 pacto
746 2244 756 2274 ?
772 2244 889 2285 quidve
903 2244 1034 2285 culpas?
1052 2245 1190 2275 ATHEN.
1214 2244 1308 2281 Quod
1331 2255 1369 2275 ex
1383 2245 1481 2276 tribus
1496 2246 1657 2277 civitatum

188 2297 460 2329 constitutionibus
487 2299 558 2329 duae
589 2298 653 2330 cito
678 2304 711 2330 et
736 2298 937 2339 disciplinam
967 2298 1090 2330 civilem
1118 2305 1151 2329 et
1175 2299 1260 2340 leges
1276 2298 1490 2340 perdiderunt,
1509 2306 1541 2331 et
1557 2307 1661 2331 vestra

189 2350 301 2382 civitas
324 2361 388 2382 una
412 2352 523 2382 relicta
542 2357 601 2383 est.
647 2353 746 2386 Meo.
768 2352 862 2383 Haud
881 2351 973 2383 facile
989 2359 1048 2389 est,
1064 2353 1148 2395 quod
1165 2353 1347 2395 interrogas.
1394 2353 1534 2386 Amas.
1559 2354 1659 2395 Atqui

189 2414 270 2446 opus
285 2409 343 2440 est,
355 2410 392 2435 ut
405 2405 438 2435 id
453 2406 548 2437 modo
562 2406 807 2443 considerantes,
824 2407 1077 2449 disserentesque
1088 2407 1128 2438 de
1142 2408 1264 2449 legibus
1277 2409 1369 2439 senili
1381 2409 1517 2451 quodam
1531 2410 1658 2440 modes·

189 2465 284 2500 toque
304 2458 392 2500 joco,
412 2459 471 2490 iter
483 2459 552 2496 hoc,
567 2460 835 2502 quemadmodum
849 2472 868 2493 a
880 2462 1035 2503 principio
1051 2463 1187 2494 diximus
1201 2462 1269 2493 siue
1281 2464 1427 2494 molestia
1441 2463 1656 2495 conficiamus.

189 2513 287 2545 Mne.
309 2512 424 2546 Procul
448 2513 544 2544 dubio
566 2514 748 2546 faciendum
773 2521 832 2552 est,
857 2522 892 2548 ut
915 2516 1006 2548 dicis.
1050 2516 1188 2547 Arnen.
1213 2518 1267 2547 An
1290 2517 1383 2558 igitur
1396 2518 1607 2558 pulchriorem
1623 2518 1664 2549 de

188 2565 312 2609 legibus
338 2567 622 2599 considerationem
648 2569 762 2600 habere
791 2581 967 2612 possumus,
998 2581 1092 2613 quam
1120 2571 1160 2601 de
1190 2570 1239 2601 his
1266 2571 1398 2612 leg-ibus,
1428 2582 1498 2614 quae
1521 2572 1665 2604 civitates

190 2621 369 2664 hujusmodi
396 2623 602 2653 exornarunt?
627 2629 681 2654 aut
703 2624 800 2655 etiam
829 2625 972 2657 civitates
993 2626 1077 2656 ullas
1101 2625 1377 2667 institutionesque
1403 2627 1598 2658 honestiores
1627 2637 1665 2657 ac

190 2676 326 2717 majores
354 2677 402 2707 his
429 2677 591 2718 cogitare?
637 2678 734 2709 Meo.
757 2678 831 2710 Non
857 2679 950 2711 facile
973 2680 1126 2722 quispiam
1140 2679 1188 2709 liis
1203 2680 1281 2710 alias
1295 2685 1478 2721 anteponat.
1522 2681 1664 2712 Amas.

190 2728 294 2761 Nemo
322 2736 427 2762 autem
455 2732 604 2773 ambiget,
631 2733 708 2773 quin
733 2732 781 2763 illi
806 2733 852 2764 ita
865 2734 1025 2777 conjuncti
1039 2744 1103 2765 non
1119 2733 1391 2774 Peloponnessum
1407 2739 1541 2771 tanturn,
1554 2743 1661 2765 verum

190 2783 286 2814 etiam
295 2785 468 2816 universam
482 2786 650 2822 Graeciam,
661 2787 687 2817 si
701 2786 847 2819 barbarus
859 2788 1014 2830 quispiam
1025 2788 1169 2830 injuriam
1182 2788 1361 2825 intentaret,
1384 2789 1554 2820 defendere
1572 2797 1664 2830 posse

193 2837 404 2878 crediderint,
448 2840 652 2883 Trojanorum
683 2843 829 2883 exemplo
857 2842 1074 2878 commonitus,
1102 2842 1156 2884 qui
1185 2841 1386 2885 Assyriorum
1410 2844 1553 2885 potentia
1579 2842 1662 2876 freti.

195 2900 264 2933 quae
293 2901 312 2924 a
331 2892 418 2926 Nino
430 2895 521 2927 traxit
535 2895 698 2937 originem,
715 2896 834 2928 bellum
849 2901 956 2930 contra
968 2907 1002 2929 se
1016 2896 1222 2930 concitarunt.
1245 2902 1312 2929 erat
1325 2897 1407 2929 enirn
1424 2896 1526 2929 adhuc
1550 2896 1666 2939 princi-
