1840 3225
222 195 299 235 338
812 191 1077 231 PLATONIS
1590 193 1686 245 [732

231 296 395 338 peratione
411 294 561 327 tardiores
576 295 672 327 efficit
691 307 696 325 :
721 295 857 337 ideoque
882 297 1048 327 vehemens
1076 296 1273 338 acquirendae
1295 297 1417 330 virtutis
1431 297 1569 329 studium
1580 307 1598 328 e
1613 296 1690 328 civi·

231 357 297 382 tate
320 351 446 387 tollens,
470 352 570 393 ipsam
595 362 650 392 pro
675 351 755 382 virili
780 357 867 392 parte
893 351 997 392 gloria„-
1026 351 1233 392 amplitudine
1262 353 1376 394 privat.
1397 357 1520 394 oportet
1540 356 1692 393 praeterea

231 416 483 447 unumquemque
509 406 683 436 animosum
699 415 767 436 esse
786 417 792 435 :
819 415 856 436 ac
882 405 1013 437 maxime
1028 406 1147 438 mitem.
1170 416 1240 437 nam
1257 407 1385 437 aliorum
1398 405 1539 447 injurias,
1554 414 1624 446 quae
1639 397 1691 434 vel

232 458 361 490 difficile
376 459 424 490 vel
441 459 529 490 nullo
543 459 633 490 modo
655 459 756 490 sanari
779 465 918 500 possunt,
934 470 996 490 non
1020 471 1181 501 possumus
1205 461 1295 492 aliter
1310 460 1448 502 effugere
1464 469 1558 501 quam
1571 467 1692 501 pugna,

232 513 427 550 defensione,
444 513 575 544 victoria
591 518 624 544 et
639 514 754 544 nullius
769 514 890 555 peccati
911 515 1090 545 remissione
1108 526 1114 544 :
1140 515 1223 556 quod
1239 516 1354 556 absque
1381 513 1578 545 animositate
1591 512 1693 543 facere

233 577 326 598 nemo
342 572 457 608 potest.
480 568 513 598 in
525 567 565 598 iis
577 573 682 598 autem
697 567 830 609 injuriis,
845 579 914 609 quae
939 569 1017 599 tales
1041 574 1112 599 sunt
1127 574 1162 599 ut
1177 570 1277 600 sanari
1292 568 1423 610 possint,
1436 577 1527 599 nosse
1541 564 1694 608 imprimis

235 626 361 663 oportet
375 621 496 653 nullum
521 622 669 664 injustum
691 628 800 663 sponte
828 623 981 664 injustum
1005 633 1086 654 esse.
1108 633 1201 654 nemo
1227 624 1312 654 enim
1337 632 1476 665 unquam
1493 620 1696 652 maximorum

236 676 385 707 malorum
410 675 531 717 aliquid
555 676 669 707 alicubi
692 677 790 707 vellet
816 677 938 711 habere,
956 676 1114 718 multoque
1141 677 1243 708 minus
1264 678 1297 708 in
1314 677 1374 714 his,
1389 687 1459 718 quae
1473 675 1533 707 sibi
1545 679 1696 717 praestan-

237 730 358 761 tissima
373 735 455 761 sunt.
477 736 526 761 est
541 735 645 761 autem
669 731 802 771 animus,
818 736 853 761 ut
875 731 1020 768 diximus,
1035 741 1145 762 revera
1168 732 1200 762 in
1227 731 1369 762 omnibus
1397 730 1533 762 omnium
1549 733 1697 771 praestan-

228 783 385 815 *tissimus
408 790 596 826 quapropter
616 785 649 814 in
664 795 703 815 eo
716 795 786 815 cum
802 785 934 816 maxime
952 786 993 816 sit
1017 785 1227 821 honorandus,
1241 796 1332 816 nemo
1346 790 1459 827 sponte
1472 793 1627 815 summum
1641 791 1696 813 ac·

237 839 336 880 cipiet
348 839 476 875 malum,
491 839 640 880 voletque
664 849 719 879 per
732 843 832 869 totam
847 840 942 870 vitam
957 839 989 870 id
1005 840 1179 881 possidere.
1201 850 1291 881 porro
1305 838 1492 870 miserabilis
1506 837 1634 868 omnino
1646 840 1695 867 est

238 893 371 935 injustus
383 893 495 928 omnis,
505 898 538 923 et
551 892 605 934 qui
612 893 688 923 mali
699 892 865 934 quicquam
880 893 984 925 habet.
1006 893 1145 924 misereri
1157 900 1259 924 autem
1273 893 1367 924 decet
1377 903 1494 928 eorum,
1506 891 1561 932 qui
1572 889 1696 922 sanabi-

237 948 285 977 les
295 951 378 983 sunt,
387 952 419 977 et
428 947 572 977 cohibere
582 946 670 977 iram.
694 957 733 977 ne
743 945 892 977 adversus
909 957 962 977 eos
982 947 1124 977 muliebri
1145 947 1312 978 iracundiae
1321 946 1442 977 fervore
1451 945 1571 976 animus
1583 944 1694 975 effera-

237 1006 287 1031 tur
297 1000 465 1042 duriusque
479 1001 613 1031 insistat.
638 1000 704 1037 Qui
723 1006 825 1031 autem
837 1000 882 1031 ita
892 1000 1126 1041 suntflagitiosi,
1137 1006 1172 1031 ut
1186 1001 1374 1032 incurabiles
1390 1001 1463 1036 sint,
1470 999 1517 1031 eis
1535 999 1583 1029 ira
1599 998 1696 1029 vehe-

239 1054 374 1085 mentius
384 1053 590 1085 immittenda.
604 1059 769 1094 propterea
777 1053 914 1085 diximus
923 1054 1110 1092 animosum,
1118 1054 1151 1085 id
1163 1060 1211 1085 est
1220 1064 1376 1096 generosae
1388 1052 1556 1085 iracundiae
1564 1062 1628 1084 non
1641 1062 1697 1083 ex-

241 1113 419 1150 pertem‚ac
428 1108 520 1138 simul
535 1108 642 1139 mitem
660 1108 777 1138 bonum
794 1108 893 1139 virum
911 1119 1033 1150 semper
1053 1119 1121 1140 esse
1141 1109 1266 1141 debere.
1293 1108 1434 1140 omnium
1445 1117 1520 1139 vero
1530 1107 1701 1139 maximum

240 1162 389 1203 quiddam
407 1162 519 1192 malum
534 1161 568 1192 in
575 1161 742 1193 multorum
753 1163 911 1193 hominum
925 1163 1035 1194 animis
1047 1170 1096 1194 est
1106 1163 1246 1194 innatum
1258 1175 1264 1193 :
1281 1163 1367 1206 cujus
1379 1163 1518 1204 quidem,
1527 1172 1599 1193 cum
1607 1161 1701 1192 facile

239 1216 299 1248 sibi
308 1215 661 1258 ignoscant‚remedium
676 1217 798 1247 nullum
811 1217 998 1258 excogitant.
1021 1223 1070 1248 est
1084 1224 1187 1249 autem
1200 1217 1367 1259 lioc‚quod
1378 1217 1483 1249 dicere
1495 1215 1701 1258 solent‚qu0d

236 1276 349 1301 >natura
361 1270 420 1301 sibi
429 1270 559 1312 quisque
577 1271 695 1301 amicus
715 1275 763 1301 est
781 1282 788 1300 ε
814 1276 962 1311 recteque
979 1277 1038 1307 est,
1049 1271 1093 1302 ita
1106 1272 1139 1302 id
1153 1282 1186 1303 se
1198 1272 1322 1302 habere.
1345 1271 1402 1303 sed
1415 1280 1524 1302 revera
1535 1270 1650 1302 nimius
1665 1269 1700 1300 in

241 1334 274 1355 se
283 1325 388 1366 ipsum
402 1334 488 1355 amor
507 1325 645 1356 omnium
661 1330 860 1366 peccatorum
875 1326 1018 1356 omnibus
1039 1336 1163 1367 semper
1191 1331 1239 1357 est
1265 1336 1371 1357 causa.
1392 1325 1568 1357 obcaecatur
1582 1325 1700 1366 quippe

241 1378 324 1409 circa
352 1384 498 1414 amatum,
528 1379 583 1420 qui
610 1385 702 1410 amat.
725 1385 912 1421 quapropter
939 1380 992 1420 qui
1020 1390 1054 1410 se
1080 1385 1175 1416 amat,
1206 1390 1276 1411 cum
1305 1391 1337 1411 se
1363 1381 1465 1422 ipsum
1491 1379 1590 1421 magis
1603 1388 1698 1420 quam

240 1433 401 1464 veritatem
418 1433 634 1464 honorandum
655 1438 756 1474 putet,
772 1433 869 1476 [732]
887 1434 962 1476 quid
972 1433 1103 1475 justum,
1116 1435 1244 1470 bonum,
1260 1434 1425 1475 pulchrum
1450 1434 1502 1470 sit,
1516 1433 1599 1464 male
1612 1432 1702 1474 judi-

241 1491 305 1519 cat.
328 1487 420 1518 decet
434 1497 510 1518 sane
525 1498 608 1523 eum,
624 1487 678 1529 qui
693 1497 822 1529 magnus
842 1488 886 1518 vir
899 1488 1016 1519 futurus
1033 1493 1090 1524 est,
1107 1498 1210 1528 neque
1235 1499 1267 1519 se
1281 1488 1386 1529 ipsum
1400 1498 1502 1530 neque
1516 1497 1573 1518 sua
1585 1486 1700 1528 dilige-

238 1552 271 1572 re
285 1554 292 1579 ;
316 1542 372 1572 sed
391 1542 476 1584 justa
501 1552 633 1583 semper,
649 1541 712 1573 sive
738 1551 758 1572 a
774 1552 807 1573 se
822 1542 892 1583 ipso
919 1553 973 1573 seu
988 1543 1026 1573 ab
1042 1543 1104 1573 alio
1119 1543 1228 1584 quovis
1250 1548 1407 1584 gerantur.
1429 1553 1465 1572 ex
1481 1543 1540 1573 hoc
1556 1541 1625 1583 ipso
1640 1540 1697 1572 de—

240 1596 316 1627 licto
332 1596 447 1627 accidit
472 1596 624 1632 omnibus,
640 1602 686 1633 ut,
696 1597 902 1638 ignorantiam
931 1607 1018 1628 suam
1048 1607 1116 1628 esse
1140 1597 1328 1638 sapientiam
1342 1597 1553 1638 opinarentur.
1575 1595 1649 1626 hinc
1666 1595 1702 1625 fit

241 1656 287 1686 ut,
304 1651 446 1691 quamvis
460 1651 552 1687 nihil,
567 1658 602 1681 ut
615 1651 660 1682 ita
683 1651 798 1687 dicam,
814 1651 958 1687 sciamus,
974 1651 1052 1682 scire
1075 1657 1181 1683 tamen
1205 1651 1310 1682 omnia
1324 1651 1516 1682 arbitremur.
1539 1661 1609 1681 cum
1623 1660 1699 1681 vero

243 1714 302 1736 nec
318 1704 388 1735 aliis
403 1705 631 1736 committamus
646 1705 828 1736 facultatem
855 1705 978 1747 agendi,
995 1717 1064 1748 quae
1078 1706 1140 1748 ipsi
1153 1706 1255 1737 facere
1272 1707 1459 1747 ignoramus,
1472 1704 1625 1735 facientes
1639 1703 1702 1745 ipsi

243 1769 346 1790 errare
360 1759 585 1800 compellimur.
609 1760 810 1800 quamobrem
825 1760 957 1791 nimium
970 1761 1019 1791 sui
1042 1761 1140 1802 ipsius
1161 1771 1300 1791 amorem
1312 1760 1419 1801 fugere
1440 1759 1574 1800 quisque
1594 1758 1702 1794 debet,

243 1818 276 1844 et
289 1813 432 1844 meliores
448 1813 547 1854 sequi,
564 1813 650 1844 nullo
665 1813 775 1844 rubore
805 1815 1003 1844 verecundiae
1030 1814 1212 1855 impeditus.
1236 1815 1317 1845 Sunt
1331 1820 1363 1844 et
1377 1814 1437 1844 alia
1450 1813 1613 1849 nonnulla,
1629 1822 1701 1854 quae

243 1872 275 1898 et
287 1867 407 1898 minora
422 1868 470 1898 his
484 1872 557 1897 sunt
569 1873 601 1898 et
616 1877 699 1908 saepe
729 1867 884 1898 dicuntur.
909 1868 963 1898 sed
989 1879 1059 1899 cum
1088 1868 1292 1899 nihilominus
1315 1867 1406 1899 utilia
1433 1867 1506 1903 sint,
1521 1877 1559 1897 ea
1573 1876 1699 1908 quoque

241 1922 399 1953 dicenda:
424 1932 497 1952 nam
520 1921 813 1953 commemoratione
829 1932 908 1963 opus
922 1927 981 1953 est.
1003 1932 1125 1964 semper
1139 1923 1235 1958 enim,
1251 1923 1339 1963 quasi
1359 1921 1478 1962 aliquid
1493 1921 1610 1957 effluat,
1622 1930 1697 1952 con-

242 1981 290 2005 tra
304 1975 424 2017 aliquid
450 1980 574 2017 oportet
595 1976 734 2006 influere.
778 1975 969 2006 Recordatio
992 1986 1065 2006 vero
1089 1981 1138 2006 est
1159 1976 1330 2017 prudentia.¹
1357 1975 1533 2006 deficientis
1555 1975 1702 2006 influxus.

241 2030 382 2069 profecto
398 2039 416 2060 a
430 2029 492 2060 risu
505 2030 603 2060 nimio
627 2035 659 2060 et
685 2030 821 2060 lacrimis
850 2029 1081 2067 abstinendum,
1095 2030 1300 2072 omnibusque
1317 2035 1365 2060 est
1379 2029 1418 2060 ab
1431 2029 1577 2060 omnibus
1589 2027 1701 2070 praeci-

242 2083 407 2124 piendum,
423 2089 469 2120 ut,
485 2084 594 2114 laetitia
607 2083 704 2113 nimia
717 2084 902 2124 tristitiaque
918 2095 1107 2125 compressa,
1122 2085 1254 2115 honesto
1279 2085 1313 2114 in
1335 2083 1443 2114 habitu
1457 2093 1491 2114 se
1506 2083 1700 2118 contineant,

242 2137 308 2168 sive
322 2138 355 2167 in
370 2138 518 2168 felicitate.
534 2147 722 2178 quemquam
738 2139 862 2168 daemon
871 2139 1022 2180 cujusque
1037 2138 1136 2175 sistat,
1152 2148 1207 2168 seu
1222 2148 1277 2179 per
1292 2137 1423 2168 fortunae
1436 2146 1539 2174 casus,
1553 2141 1701 2177 tanquam

245 2191 286 2222 ad
312 2193 410 2222 ardua
437 2191 638 2232 difficiliaque
664 2192 876 2229 tendentibus,
903 2192 1136 2232 operationibus
1158 2191 1344 2231 quibusdam
1370 2190 1531 2221 daemones
1555 2199 1701 2220 aversan-

243 2251 292 2277 tes
307 2247 478 2287 insurgant.
501 2256 625 2287 sperare
655 2256 778 2287 semper
807 2247 880 2277 boni
907 2246 963 2276 viri
988 2246 1115 2282 debent,
1146 2255 1282 2280 munera,
1312 2255 1381 2286 qum
1405 2243 1521 2274 talibus
1535 2243 1608 2274 viris
1622 2243 1697 2274 dare

245 2301 334 2331 Deus
349 2302 440 2338 solet,
456 2301 515 2331 sibi
529 2310 591 2331 non
607 2299 748 2331 defutura
763 2313 768 2330 :
795 2310 831 2331 ac
847 2301 873 2330 si
898 2300 952 2341 qui
976 2310 1083 2341 graves
1108 2300 1226 2331 labores
1242 2298 1420 2334 inciderint,
1443 2297 1547 2328 Deum
1564 2297 1698 2329 leuiores

243 2365 298 2385 eos
313 2355 466 2385 facturum
481 2359 512 2386 et
535 2355 699 2396 praesentia
714 2355 747 2385 in
773 2355 882 2385 melius
909 2360 1181 2390 commutaturum,
1196 2354 1277 2384 bona
1303 2363 1374 2384 vero
1397 2357 1502 2383 contra
1516 2352 1622 2383 omnia
1635 2361 1700 2382 una

243 2418 316 2440 cum
335 2409 416 2440 bona
442 2409 566 2439 fortuna
581 2409 637 2439 sibi
653 2409 760 2439 affore.
805 2409 874 2440 Hac
898 2419 953 2449 spe
982 2409 1097 2449 singuli
1124 2408 1240 2444 vivant,
1256 2414 1289 2438 et
1303 2414 1369 2438 tam
1379 2407 1452 2449 joco
1466 2416 1561 2448 quam
1575 2405 1655 2437 serio
1669 2412 1702 2437 et

243 2473 276 2494 se
289 2468 321 2493 et
337 2469 454 2494 ceteros
469 2463 509 2493 ad
525 2463 721 2504 frequentem
749 2464 858 2494 horum
883 2463 1214 2494 commemorationem
1240 2461 1350 2493 sedulo
1379 2461 1590 2491 adhortentur.
1635 2459 1698 2491 Sed

242 2517 320 2557 jam,
337 2528 406 2558 quae
421 2517 523 2548 facere
536 2518 749 2559 unusquisque
777 2517 900 2549 debeat.
928 2523 960 2548 et
987 2518 1089 2558 qualis
1104 2527 1182 2552 esse,
1199 2528 1262 2558 quo
1277 2517 1316 2546 ad
1333 2515 1440 2546 diviua
1454 2519 1576 2555 spectat
1587 2513 1701 2549 officia,

245 2571 364 2602 dictum
379 2577 426 2602 est
443 2584 448 2601 ε
476 2573 610 2602 humana
622 2582 695 2602 vero
709 2571 846 2602 nondum
871 2572 1116 2612 explanavimus.
1140 2571 1275 2603 dicenda
1291 2575 1395 2600 nutem
1409 2574 1491 2599 suut.
1522 2566 1700 2598 hominibus

245 2625 340 2659 enim,
356 2635 419 2655 non
443 2625 524 2659 Diis,
542 2626 750 2666 pra‘cipimus.
772 2632 842 2656 sunt
872 2637 962 2667 porro
993 2631 1103 2656 natura
1128 2626 1261 2656 maxime
1275 2625 1420 2658 humana,
1435 2622 1623 2663 voluptates,
1639 2621 1699 2652 do-

245 2679 323 2709 lores
338 2679 600 2720 cupiditatesque.
623 2691 661 2710 ex
674 2680 788 2721 quibus
802 2690 932 2710 necesse
949 2686 996 2710 est
1011 2680 1140 2710 mortale
1161 2689 1253 2710 omne
1269 2677 1384 2708 animal
1397 2676 1486 2717 quasi
1500 2675 1650 2718 pendere,
1666 2681 1700 2706 et

244 2732 380 2762 maximo
395 2734 522 2773 quidem
538 2744 606 2764 cum
621 2735 736 2765 studio.
751 2734 908 2765 laudanda
927 2741 1011 2765 certe
1040 2734 1258 2766 honestissima
1281 2733 1343 2762 vita
1357 2737 1415 2767 cst,
1430 2739 1493 2760 nou
1509 2729 1609 2760 solum
1622 2730 1696 2771 quia

244 2785 348 2827 gloriae
361 2785 499 2816 habitum
516 2793 650 2826 superat,
668 2787 764 2830 [733]
781 2799 886 2819 verum
900 2789 992 2819 etiam
1006 2789 1089 2830 quia,
1103 2787 1129 2818 si
1144 2788 1214 2829 quis
1229 2786 1303 2817 velit
1319 2790 1453 2826 gustare,
1469 2793 1528 2814 nec
1545 2783 1618 2814 inde.
1633 2788 1696 2814 sta-

242 2841 296 2870 tim
308 2850 324 2870 a
330 2840 494 2881 juventute
509 2840 628 2881 fugere.
641 2852 679 2871 eo
689 2852 812 2884 quoque
826 2848 949 2883 superat
960 2843 1042 2884 quod
1055 2852 1164 2873 omnes
1176 2840 1350 2882 expetimus
1360 2862 1367 2874 ,
1380 2845 1414 2868 ut
1427 2848 1482 2879 per
1492 2842 1588 2867 totam
1599 2836 1696 2867 vitam

243 2895 392 2924 lacteumr
406 2894 506 2935 magis
517 2905 610 2935 quam
623 2895 793 2927 doleamus.
807 2897 887 2938 quod
903 2908 974 2927 vero
993 2897 1051 2927 erit
1070 2897 1123 2931 ita,
1141 2896 1167 2926 si
1183 2896 1251 2937 quis
1263 2900 1348 2925 recte
1361 2898 1474 2934 gustet,
1485 2891 1577 2922 facile
1589 2889 1698 2921 valde-

237 2958 297 2988 que
315 2948 445 2988 patebit.
469 2959 529 2988 quo
545 2955 648 2979 nutem
673 2955 763 2990 pactu
778 2957 861 2982 recte
884 2951 915 2982 id
935 2951 996 2986 liat.
1009 2952 1125 2982 ratione
1143 2950 1207 2990 jam
1226 2946 1486 2982 considerandum
1499 2950 1557 2981 est.
1569 2945 1632 2976 sive
1645 2944 1689 2975 ita
