1840 3225
179 244 257 282 468
698 245 864 284 TIMAEI
897 245 1058 284 LOCRI
1553 245 1650 297 [103

181 349 280 379 genus
298 340 475 371 nominatur
490 341 632 371 Morbus.
650 340 823 372 morborum
839 351 911 371 vero
926 341 1073 382 princeps
1089 345 1122 371 et
1136 339 1283 380 primaria
1297 349 1403 376 causa,
1418 344 1468 370 est
1482 339 1652 380 primarum

183 393 370 424 facultatum
385 394 584 436 intemperies
613 400 707 436 atque
733 394 945 435 perturbatio:
985 394 1011 424 si
1040 393 1191 424 videlicet
1215 393 1377 435 simplices
1404 392 1572 423 facultates
1601 390 1651 422 vel

184 446 395 477 redundarint
403 448 453 477 vel
465 447 656 479 defecerint:
668 447 815 478 caliditas
830 447 989 483 nimirum,
1001 446 1168 488 frigiditas,
1183 447 1354 478 humiditas
1367 452 1420 478 aut
1432 444 1655 477 siccitas.Post

185 500 241 529 has
266 505 372 530 autem
398 506 469 532 sunt
500 502 662 543 sanguinis
682 502 875 532 mutationes
900 507 934 532 et
949 501 1155 532 alterationes
1165 510 1205 531 ex
1219 499 1432 541 corruptione,
1455 505 1489 530 et
1503 498 1656 539 deprava·

183 553 287 583 tiones
310 554 412 585 carnis
437 555 563 585 tibidae:
590 555 617 586 si
638 555 890 586 vicissitudinum
907 555 1167 585 alternationibus
1182 555 1221 585 ad
1237 555 1364 585 acidum
1379 554 1427 584 vel
1452 553 1571 584 salsum
1599 556 1656 582 aut

182 617 265 641 acre,
282 607 446 648 sanguinis
465 609 668 640 alterationes
693 614 749 640 aut
777 608 880 640 carnis
895 608 983 639 tabes
999 609 1147 639 existant.
1192 608 1274 639 Hinc
1290 609 1377 639 enim
1394 607 1464 638 bilis
1478 612 1512 637 et
1526 605 1650 646 pituitae

183 660 331 700 origines
348 662 490 693 humores
506 663 653 700 morbosi,
676 669 710 694 et
723 664 887 694 humorum
901 663 1163 703 putrefactiones,
1179 668 1292 693 tenues
1306 662 1447 703 quidem,
1468 660 1497 691 si
1522 660 1554 690 in
1580 668 1654 700 pro-

184 713 283 743 fundo
295 715 359 746 sint
375 727 381 744 ε
409 715 550 759 [curata]
576 716 731 754 difficiles,
748 727 883 758 quorum
897 716 1056 757 principia
1072 726 1110 746 ex
1135 717 1258 746 ossibus
1281 721 1490 757 generantur:
1513 713 1658 744 molestae

185 777 260 798 vero
278 767 365 809 [ipso
391 771 504 812 sensu]
529 781 600 812 quae
624 782 662 801 ex
692 772 836 802 medulla
862 770 1090 802 accenduntur.
1136 770 1293 801 Postremi
1317 775 1425 800 autem
1446 773 1521 799 sunt
1544 766 1657 802 morbi,

185 820 333 861 Spiritus,
346 822 430 859 bilis,
447 824 578 865 pituita:
605 825 682 856 dum
697 830 731 856 et
756 830 913 866 augentur
936 830 970 855 et
995 824 1129 854 influunt
1154 824 1187 854 in
1210 824 1302 854 sedes
1326 824 1460 858 alienas,
1486 822 1538 852 vel
1568 822 1658 852 locos

183 876 326 916 corporis
338 877 543 919 principales.
565 885 640 909 tunc
656 879 741 909 enim
760 878 927 909 meliorem
948 879 1052 908 locum
1080 883 1249 918 occupant,
1274 877 1484 918 cognatisque
1510 874 1657 916 depulsis

185 929 278 959 sedes
302 930 412 970 figunt,
429 936 463 962 et
477 932 602 963 afflictis
618 933 803 973 corporibus
818 933 850 963 in
865 933 934 963 haec
947 933 1018 973 ipsa
1032 931 1258 962 dissolvuntur.
1302 931 1345 962 Et
1357 930 1500 970 corporis
1526 929 1654 970 quidem

186 982 233 1012 hae
248 988 322 1013 sunt
335 984 530 1021 affectiones,
545 991 578 1016 et
593 997 633 1017 ex
649 987 697 1016 liis
711 987 807 1017 animi
822 987 1000 1028 complures
1027 985 1125 1015 morbi
1150 986 1289 1015 existunt
1304 996 1311 1015 ς
1336 985 1394 1014 sed
1415 983 1470 1014 alii
1499 983 1576 1013 alias
1600 983 1656 1012 lra-

184 1036 262 1066 bent
287 1043 461 1077 potestates
475 1051 482 1069 :
507 1039 673 1070 Sentiendi
698 1041 828 1081 quidem
851 1041 1051 1076 facultatem,
1078 1045 1209 1080 stupor:
1235 1038 1394 1069 memoriae
1419 1037 1494 1073 vim,
1516 1036 1655 1067 oblivio:

184 1091 371 1130 appetendi,
397 1094 553 1124 stomachi
581 1095 753 1130 fastidium,
781 1095 831 1124 vel
857 1094 974 1124 nimius
999 1093 1207 1134 appetitionis
1241 1093 1351 1123 ardor:
1392 1090 1548 1132 patiendi,
1579 1089 1656 1120 ferae

185 1144 374 1176 affectiones
397 1151 431 1176 et
452 1152 547 1177 oestro
566 1148 695 1189 percitae
709 1148 833 1178 rabies:
860 1148 990 1178 rationis
1002 1147 1188 1188 participem
1203 1146 1298 1177 animi
1324 1146 1520 1180 facultatem,
1534 1142 1659 1174 indoci-

187 1198 268 1235 litas,
290 1199 449 1241 imperitia
475 1207 508 1231 et
534 1201 726 1242 insipientia.
772 1201 966 1233 Vitiositatis
992 1206 1099 1232 autern
1115 1200 1274 1241 principia
1293 1205 1379 1234 sunt,
1404 1199 1599 1240 Voluptates
1625 1202 1659 1228 et

187 1252 323 1290 dolores,
351 1254 545 1295 cupiditates
573 1260 606 1286 ct
635 1256 775 1292 timores,
802 1265 841 1285 ex
868 1265 999 1296 corpore
1031 1255 1158 1296 quidem
1188 1264 1342 1294 accensae‚
1373 1252 1431 1284 sed
1458 1253 1491 1283 in
1519 1253 1658 1283 animam

185 1307 276 1348 quasi
291 1307 439 1338 immixtas
455 1320 462 1338 z
487 1319 523 1340 ac
537 1309 669 1350 proinde
683 1321 721 1341 ex
737 1309 833 1340 variis
845 1309 970 1340 effectis
982 1309 1086 1340 varias
1095 1308 1271 1338 sortiuntur
1284 1307 1527 1349 appellationes.
1572 1306 1656 1336 Nam

187 1370 322 1398 amores,
349 1361 517 1400 desideria,
542 1364 705 1395 dissolutae
733 1364 912 1405 cupidines,
938 1363 993 1393 irae
1020 1363 1202 1400 concitatae,
1233 1371 1345 1403 graves
1372 1360 1659 1396 excandescentiae‚

189 1413 286 1456 [103]
297 1415 490 1457 cupiditates
501 1417 606 1455 varim,
620 1418 811 1460 cupiditates
826 1417 966 1458 denique
981 1417 1114 1447 infinitae
1126 1426 1166 1446 ex
1182 1416 1231 1446 his
1242 1416 1382 1446 motibus
1394 1415 1498 1446 animo
1509 1414 1661 1445 existunt.

189 1467 227 1498 In
238 1479 361 1500 summa
373 1481 460 1507 vero,
474 1470 520 1501 ita
534 1478 750 1512 comparatum
773 1482 843 1502 esse
859 1476 893 1501 ut
906 1470 1090 1512 importuno
1106 1470 1242 1511 quodam
1254 1475 1287 1500 et
1299 1469 1436 1506 absurdo
1449 1467 1658 1509 cupiditatum

187 1522 321 1563 imperio
346 1524 471 1555 animus
487 1525 679 1567 subjiciatur,
695 1531 744 1555 est
760 1524 895 1556 Virtutis
911 1529 945 1555 et
961 1524 1030 1554 vitii
1045 1524 1210 1554 terminus.
1234 1534 1306 1553 nam
1320 1522 1352 1553 in
1370 1522 1418 1552 his
1443 1522 1496 1552 vel
1525 1521 1658 1552 multum

185 1585 257 1606 esse
272 1578 324 1607 vel
341 1578 545 1618 superiorem,
560 1588 617 1609 nos
633 1579 685 1609 vel
700 1579 783 1609 bene
795 1578 847 1608 vel
869 1578 952 1608 male
967 1577 1098 1608 affectos
1111 1577 1228 1608 reddit.
1267 1576 1322 1607 Ad
1338 1577 1393 1607 lios
1404 1574 1502 1607 animi
1518 1575 1658 1615 impetus

188 1631 321 1661 multum
345 1632 480 1663 afferunt
503 1632 681 1673 adjumenti
707 1632 848 1673 corporis
863 1637 1126 1672 temperamenta,
1141 1641 1212 1672 quae
1238 1631 1291 1661 vel
1319 1629 1519 1661 vehementia
1542 1628 1660 1659 fuerint

185 1689 219 1714 et
243 1684 376 1722 fervida,
398 1686 448 1716 vel
465 1686 528 1717 alio
549 1687 698 1727 quopiam
712 1686 806 1717 modo
821 1686 937 1717 affecta
950 1691 1046 1727 atque
1061 1685 1249 1727 composita,
1266 1689 1360 1726 prout
1371 1683 1450 1714 varii
1463 1688 1537 1714 sunt
1552 1683 1658 1714 multi-

186 1738 350 1779 plicesque
363 1745 478 1772 motus.
491 1745 524 1771 et
538 1741 578 1771 ad
591 1746 671 1772 atras
686 1741 768 1771 biles
782 1746 815 1771 et
828 1740 1034 1771 effusissimas
1048 1740 1198 1770 libidines
1222 1749 1280 1770 nos
1306 1738 1479 1779 abripiunt.
1525 1736 1656 1768 Fluxio·

186 1791 278 1822 nibus
303 1798 407 1823 autem
422 1793 484 1823 illis
498 1793 628 1824 irritatae
641 1794 785 1836 quaedam
802 1799 909 1835 partes
923 1793 1080 1825 inducunt
1092 1804 1180 1825 acres
1194 1803 1330 1829 morsus,
1345 1792 1525 1832 formasque
1551 1795 1656 1821 tume-

187 1846 343 1885 scentiurn
357 1847 462 1887 potius
472 1859 565 1889 quam
574 1859 724 1879 sanorum
732 1858 899 1890 corporum
909 1860 915 1878 :
927 1859 984 1890 per
994 1859 1073 1889 quas
1089 1848 1228 1879 tristitiae
1237 1853 1269 1878 et
1283 1847 1472 1881 obliviones,
1486 1850 1521 1876 et
1533 1843 1656 1886 desipi-

185 1899 281 1930 entiae
293 1906 328 1931 et
342 1902 609 1933 consternationes
620 1902 777 1934 incidunt.
826 1903 967 1934 Multum
992 1903 1088 1933 etiam
1114 1907 1246 1943 possunt
1266 1899 1510 1932 consuetudines
1538 1897 1656 1940 quibus

186 1953 256 1994 quis
273 1955 320 1985 vel
335 1954 368 1985 in
384 1965 423 1986 ea
436 1955 563 1987 civitate
579 1957 631 1987 vel
647 1967 684 1987 ea
699 1957 820 1988 familia
833 1957 866 1987 in
880 1967 942 1997 qua
957 1962 990 1987 et
1004 1962 1100 1987 natus
1116 1962 1149 1986 et
1160 1956 1316 1987 educatus
1331 1954 1436 1989 fuerit,
1451 1963 1519 1984 sese
1532 1951 1656 1983 confor-

185 2008 288 2038 marit.
334 2009 470 2040 Accedit
484 2011 668 2050 quotidiana
683 2011 809 2041 vivendi
824 2011 916 2046 ratio,
931 2011 1073 2041 animum
1089 2009 1137 2041 vel
1154 2010 1303 2051 frangens
1325 2015 1419 2049 atque
1446 2006 1657 2042 effoeminans,

187 2060 235 2090 vel
253 2066 361 2093 contra
374 2062 413 2092 ad
427 2064 610 2103 gravitatem
627 2064 911 2106 fortitudinemque
926 2065 1142 2095 corroborans.
1165 2075 1239 2094 nam
1251 2068 1284 2094 et
1299 2063 1358 2094 sub
1373 2062 1426 2092 dio
1439 2062 1537 2092 vitam
1547 2069 1656 2102 agere,

186 2114 322 2154 simplex
343 2117 511 2156 tenuisque
526 2118 743 2148 alimentorum
760 2119 852 2155 ratio,
868 2119 1131 2154 exercitationes,
1156 2128 1259 2148 mores
1281 2117 1420 2157 denique
1447 2125 1554 2146 eorum
1581 2125 1655 2145 cum

187 2167 302 2207 quibus
330 2170 475 2204 versaris,
500 2180 651 2211 magnum
674 2172 791 2202 habent
822 2173 888 2203 sive
915 2172 956 2203 ad
973 2173 1117 2203 virtutem
1154 2172 1219 2202 sive
1247 2171 1286 2202 ad
1313 2171 1425 2201 vitium
1450 2173 1657 2200 momentum.

188 2220 354 2252 Vitiositas
370 2232 441 2253 vero
458 2233 474 2253 e
488 2224 670 2263 parentibus
685 2226 801 2254 nostris
816 2234 848 2254 et
863 2226 1032 2255 elementis
1047 2226 1153 2265 potius
1179 2225 1276 2255 oritur
1301 2234 1394 2265 quam
1418 2234 1457 2254 ex
1479 2221 1604 2253 incuria
1624 2228 1659 2252 et

187 2275 386 2315 publicorum
399 2286 521 2307 morum
538 2277 724 2318 intemperie
742 2289 748 2306 z
775 2277 888 2318 [quum
906 2278 1060 2308 videlicet
1076 2279 1119 2308 ita
1134 2278 1232 2308 simus
1260 2277 1450 2318 comparati]
1475 2281 1511 2307 ut
1532 2276 1572 2307 ab
1593 2276 1659 2306 illis

185 2328 363 2360 actionibus
377 2340 446 2370 quae
462 2340 518 2360 nos
531 2331 569 2361 ad
584 2331 749 2372 primaevas
758 2330 832 2362 illas
842 2337 1005 2372 parentum
1018 2338 1194 2362 nostrorum
1207 2331 1290 2361 labes
1306 2331 1482 2366 adducunt,
1492 2340 1655 2371 nunquam

186 2382 405 2414 abscedamus.
433 2383 604 2420 Caeterum,
620 2390 656 2415 ut
667 2385 747 2415 bene
765 2395 797 2416 se
815 2385 928 2416 habeat
942 2385 1068 2420 animal,
1082 2395 1120 2415 eo
1137 2394 1264 2425 corpore
1281 2385 1377 2415 debet
1389 2394 1460 2415 esse
1475 2383 1656 2425 praedstum,

190 2436 277 2478 quod
291 2448 344 2468 eas
360 2438 490 2469 virtutes
507 2439 624 2479 quibus
648 2439 780 2480 sanitas,
809 2449 957 2470 sensuum
981 2439 1151 2474 subtilitas,
1176 2439 1279 2474 robur,
1295 2437 1499 2480 pulchritudo
1520 2437 1659 2479 denique
1684 2451 1687 2453 “

188 2496 330 2522 constare
344 2491 373 2522 ei
386 2492 497 2532 possit,
511 2493 667 2523 cumulate
680 2493 920 2534 complectatur.
967 2492 1214 2524 pulchritudinis
1229 2492 1387 2534 principia
1413 2497 1499 2529 sunt.
1520 2491 1657 2532 partium

187 2546 395 2585 congruentia
409 2552 502 2587 atque
517 2545 724 2582 concinnitas,
739 2557 810 2588 quae
824 2552 857 2578 et
871 2557 976 2578 secum
997 2553 1029 2578 et
1056 2558 1128 2578 cum
1149 2547 1253 2577 animo
1277 2546 1348 2588 ipso
1373 2552 1447 2587 apte
1472 2545 1657 2586 conspirent

187 2602 282 2639 atque
305 2599 507 2630 conveniant.
553 2600 674 2630 Natura
693 2601 776 2631 enim
804 2602 863 2631 hoc
883 2601 1023 2642 corporis
1039 2601 1274 2631 tabernaculum
1290 2600 1386 2630 veluti
1406 2600 1652 2630 instrumentum

187 2653 374 2693 composuit,
390 2660 426 2683 ut
437 2660 470 2683 et
486 2653 639 2685 obediens
654 2654 707 2689 sit,
724 2660 757 2684 et
772 2654 811 2685 ad
826 2665 935 2685 omnes
951 2656 1020 2685 vitae
1035 2655 1170 2685 rationes
1186 2654 1341 2685 concinno
1355 2652 1494 2694 quodam
1516 2657 1656 2693 apteque

190 2704 283 2736 modo
303 2715 358 2746 par
368 2716 437 2737 esse
449 2707 559 2748 possit.
604 2708 738 2739 Animus
761 2718 885 2750 quoque
903 2709 942 2739 ad
959 2709 1186 2739 convenientes
1201 2708 1332 2738 virtutes
1346 2704 1590 2738 conformandus
1605 2712 1655 2736 est

188 2765 283 2800 atque
308 2759 539 2792 instituendus:
581 2763 730 2793 nimirum
753 2762 793 2792 ad
809 2764 1060 2804 temperantiam,
1075 2762 1174 2793 veluti
1192 2771 1304 2802 corpus
1325 2760 1365 2791 ad
1391 2759 1578 2790 sanitatem:
1610 2760 1650 2790 ad

187 2813 390 2855 prudentiam
402 2824 488 2850 vcro,
502 2815 597 2846 veluti
613 2815 652 2846 ad
665 2827 815 2847 sensuum
831 2817 1034 2848 subtilitatem
1051 2829 1056 2846 ε
1083 2816 1121 2846 ad
1136 2814 1362 2849 fortitudinem,
1376 2813 1475 2843 veluti
1497 2812 1535 2842 ad
1559 2813 1652 2843 robur

188 2874 221 2898 et
236 2868 316 2899 vires
332 2879 338 2896 :
363 2867 575 2909 adjustitiam,
588 2870 686 2900 veluti
701 2881 818 2911 corpus
833 2871 870 2902 ad
885 2870 1164 2912 pulchritudinem.
1210 2869 1330 2900 Harum
1346 2866 1497 2897 virtutum
1522 2866 1652 2907 primor-

189 2923 239 2954 dia
257 2922 382 2962 quidem
398 2928 471 2954 arunt
485 2933 522 2953 cx
538 2929 646 2954 natura
664 2937 667 2953 :
694 2925 798 2955 media
812 2936 882 2956 vero
897 2932 929 2956 ct
947 2925 1032 2959 fines.
1050 2935 1085 2955 ex
1111 2923 1276 2966 diligenti«
1293 2934 1298 2952 :
1324 2922 1356 2953 in
1384 2931 1515 2963 corpore
1539 2919 1650 2951 videli-
