1840 3225
136 280 144 289 s
160 232 241 273 456
636 233 864 271 INCERTI
896 233 1172 272 AUCTORIS
1537 235 1636 288 [983

161 337 362 369 intellectum
389 347 422 368 se
455 337 546 379 gerit,
569 343 642 368 tunc
676 338 746 369 siue
778 339 979 380 perversione
1007 338 1051 375 id,
1075 339 1160 380 quod
1192 349 1263 370 vere
1293 339 1468 371 secundum
1494 339 1639 374 intellec-

161 397 227 424 tum
262 392 434 433 perficitur,
460 392 637 423 necessario
675 393 825 431 eveniet;
858 402 917 424 nec
953 393 1081 424 adamas
1113 393 1245 424 solidius
1278 394 1535 436 immobiliusque
1564 404 1636 426 esse

161 446 290 488 poterit.
319 446 375 477 sed
408 452 469 477 tres
500 446 641 487 profecto
668 446 787 483 Parcae,
816 447 903 488 quod
940 447 1056 489 singuli
1097 446 1237 479 Deorum
1277 449 1398 490 optimo
1419 447 1636 482 deliberarunt

158 500 302 537 consilio,
329 500 502 542 perfecturi)
534 506 733 532 conservant.
777 501 944 542 oportebat
977 501 1074 543 igitur
1112 502 1294 533 hominibus
1337 507 1522 544 argumento
1551 512 1635 538 esee,

158 556 244 596 quod
272 560 359 586 astra
390 554 616 596 universusque
643 554 699 585 ille
731 554 885 586 circuitus
913 561 1052 586 mentem
1080 555 1228 592 habeant,
1267 556 1344 597 quia
1368 558 1482 590 eadem
1508 565 1636 597 semper

161 615 270 651 agunt.
291 610 430 640 maximo
445 609 529 639 enim
547 614 642 650 atque
654 608 793 639 mirabili
805 610 956 650 temporis
972 610 1076 649 spatio
1088 610 1155 651 jam
1179 616 1264 646 ante,
1286 610 1363 652 quid
1388 610 1450 642 sibi
1478 608 1637 651 agendum

160 665 212 700 sit,
226 664 453 695 deliberarunt.
474 674 535 695 nec
552 674 673 694 sursum
689 662 898 704 deorsumque
917 662 1011 693 modo
1027 664 1085 694 hoc
1103 664 1195 694 modo
1225 664 1305 695 illud
1333 664 1467 695 consilio
1494 663 1640 705 probant.

158 728 254 758 quare
270 729 331 750 nec
352 724 457 750 errant
478 728 539 749 nec
566 722 681 758 praeter
708 717 869 758 antiquum
894 716 1038 748 ordinem
1066 718 1282 748 revolvuntur.
1305 718 1412 750 multis
1439 723 1546 748 autem
1566 727 1642 750 nos·

159 779 238 804 trum
263 777 374 804 contra
398 773 500 803 visum
526 778 586 808 est,
610 772 688 808 haec,
715 771 791 812 quia
813 772 926 802 eadem
953 778 987 802 et
1013 771 1160 805 similiter
1198 782 1324 814 semper
1353 778 1462 814 agunt,
1500 772 1639 806 animam

161 837 224 858 non
255 828 380 858 habere.
403 827 483 857 hanc
514 827 661 857 insanam
684 825 870 866 opinionem
900 832 1046 857 secutum
1070 827 1195 868 vulgus,
1219 837 1320 867 genus
1347 827 1530 863 humanum,
1562 827 1641 868 quia

160 887 334 917 moveatur,
360 882 455 912 vitam
487 886 690 920 mentemque
725 880 839 910 habere
883 881 1028 920 putavit:
1065 880 1208 910 divinum
1240 891 1327 917 vero,
1356 881 1431 922 quia
1455 880 1489 910 in
1514 880 1638 912 eisdem

159 942 326 977 permanet
339 936 520 970 larianum,
533 940 640 964 mente
656 943 775 964 carere.
792 932 927 964 decebat
954 939 1058 964 autem
1085 935 1265 974 pulchriora
1285 934 1481 975 melioraque
1505 939 1540 964 et
1564 934 1638 966 Diis

159 991 292 1032 gratiora
309 990 438 1025 sentire,
456 987 541 1029 quod
556 994 724 1029 propterea
741 993 880 1018 mentem
896 987 1044 1024 habeant,
1061 988 1136 1027 quia
1148 998 1203 1028 per
1213 988 1326 1019 eadem
1336 988 1481 1018 similiter
1493 987 1638 1029 profecta

160 1044 272 1075 eadem
288 1053 414 1084 semper
428 1048 537 1084 agunt.
560 1044 640 1072 hanc
656 1047 808 1072 astrorum
824 1046 972 1072 naturam
984 1052 1067 1077 esse,
1094 1042 1164 1073 visu
1186 1043 1441 1083 pulcherrimam,
1467 1052 1537 1083 quae
1565 1052 1638 1083 pro-

160 1110 270 1140 gressu
292 1105 325 1130 et
339 1100 453 1129 chorea
477 1097 599 1138 optima.
622 1102 714 1127 utens
730 1090 934 1136 &mniumque
956 1096 1139 1127 chorearum
1163 1097 1489 1138 magnificentissima,
1515 1095 1638 1126 cuncti·

157 1153 346 1184 animalibus
376 1151 543 1183 commoda¹
572 1150 698 1192 praebet.
724 1149 809 1190 quod
824 1155 930 1180 autem
946 1161 1009 1180 non
1030 1151 1187 1182 immerito
1203 1151 1344 1182 animata
1370 1152 1436 1181 haec
1460 1159 1533 1180 esse
1549 1149 1636 1180 dica-

159 1218 240 1245 muS,
269 1207 454 1248 magnitudo
495 1216 618 1247 quoque
638 1205 781 1245 ipsorum
814 1209 958 1236 testatur.
998 1204 1096 1247 [983]
1134 1215 1199 1235 non
1225 1206 1308 1236 enim
1338 1210 1429 1240 tanta
1450 1210 1524 1235 sunt
1546 1203 1638 1234 dum·

162 1267 256 1297 taxat,
284 1267 403 1303 quanta
427 1267 618 1292 cernuntur:
648 1259 705 1290 sed
732 1259 917 1290 incredibili
940 1259 1159 1300 magnitudine
1189 1260 1311 1300 singula
1341 1266 1426 1290 sunt.
1449 1259 1536 1299 quod
1566 1257 1641 1290 ideo

157 1315 354 1347 credendum
371 1321 434 1353 est,
457 1315 533 1356 quia
547 1313 773 1344 sufficientibus
789 1313 1112 1344 demonstrationibus
1126 1313 1161 1344 id.
1184 1314 1364 1345 ostenditur
1378 1325 1384 1343 :
1403 1313 1517 1355 quibus
1538 1313 1636 1344 solem

158 1377 259 1402 totum
274 1376 342 1402 tota
356 1376 440 1401 terra
463 1369 614 1411 majorem
638 1378 720 1403 esse,
743 1374 776 1398 et
803 1378 1003 1410 quaecunque
1024 1368 1166 1399 feruntur
1189 1376 1284 1405 astra,
1317 1368 1494 1399 mirabilem
1521 1366 1636 1398 habere

155 1425 407 1466 magnitudinem
430 1424 657 1464 intelligemus.
681 1422 854 1463 cogitemus
868 1422 975 1463 igitur,
993 1422 1153 1463 quomodo
1167 1422 1235 1453 fieri
1258 1423 1368 1464 possit,
1391 1427 1425 1452 ut
1435 1426 1526 1453 tanta
1546 1430 1637 1461 mag-

157 1480 269 1510 nitudo
287 1480 326 1510 ab
342 1479 443 1519 aliqua
462 1484 571 1508 natura
586 1477 686 1518 possit
701 1482 790 1507 tanto
806 1482 947 1517 tempore
961 1476 1163 1507 circumferri.
1187 1487 1247 1518 ego
1260 1477 1357 1517 igitur
1384 1485 1501 1511 assem,
1530 1474 1636 1506 Deum

158 1543 282 1566 causam
311 1543 394 1569 esse,
421 1542 480 1563 nec
508 1532 600 1562 aliter
629 1531 695 1562 fleri
729 1541 830 1571 posse.
854 1531 1030 1561 animatum
1058 1531 1143 1561 enim
1171 1541 1235 1561 non
1261 1531 1364 1567 aliter,
1389 1540 1484 1571 quam
1510 1535 1637 1571 propter

161 1587 279 1623 Deum,
296 1587 362 1618 fieri
386 1593 505 1628 posset,
530 1593 563 1617 ut
588 1597 646 1616 nos
668 1585 908 1616 declaravimus.
933 1585 1082 1626 quoniam
1100 1595 1174 1626 ergo
1204 1585 1238 1615 id
1267 1585 1369 1616 facere
1397 1584 1489 1615 Deus
1517 1589 1635 1626 potest,

157 1641 252 1673 facile
268 1641 327 1672 sibi
343 1642 414 1678 fuit,
431 1641 566 1682 primum
581 1641 668 1670 omni
684 1639 804 1680 corpori
821 1639 1096 1680 magnitudinique
1110 1640 1206 1670 vitam
1222 1639 1362 1670 tribuere
1377 1650 1384 1669 :
1417 1637 1546 1674 deinde,
1572 1647 1636 1679 qua

157 1696 278 1728 ratione
303 1687 423 1736 optime
451 1695 517 1725 fieri
545 1695 700 1735 cogitarit,
726 1695 783 1725 hac
800 1694 926 1724 ducere.
950 1694 1077 1724 demum
1105 1693 1145 1724 de
1170 1694 1218 1724 his
1248 1694 1392 1724 omnibus
1417 1703 1523 1723 veram
1552 1693 1634 1723 hanc

156 1750 344 1782 sententiam
362 1750 430 1780 fieri
442 1750 595 1784 volumus,
612 1748 806 1789 impossibile
822 1759 905 1784 esse,
924 1754 1049 1784 terram,
1065 1747 1178 1779 coelum
1194 1749 1366 1788 stellasque
1383 1757 1504 1783 omnes,
1518 1752 1551 1777 et
1562 1756 1634 1787 quae

157 1816 194 1836 ex
210 1805 257 1835 his
272 1810 422 1835 constant
435 1804 545 1840 moles,
564 1804 620 1833 uisi
636 1803 744 1833 anima
759 1803 894 1844 singulis
910 1809 963 1833 aut
978 1803 1062 1833 adsit
1075 1807 1128 1833 aut
1143 1803 1230 1838 insit,
1242 1802 1322 1832 adeo
1339 1802 1497 1842 exquisita
1511 1800 1634 1832 ratione

158 1858 259 1895 annis,
275 1858 444 1894 mensibus,
461 1857 634 1898 diebusque
651 1857 866 1893 circumvolvi,
885 1857 1035 1897 nobisque
1053 1856 1199 1886 omnibus
1214 1856 1298 1887 bona
1318 1856 1426 1886 onmia
1439 1855 1556 1886 faeere.
1580 1855 1637 1885 lio-

159 1913 276 1944 minem
286 1923 360 1943 vcro
371 1912 476 1947 decet,
490 1923 552 1953 quo
565 1911 654 1941 vilior
665 1916 724 1945 est,
735 1921 772 1941 eo
782 1911 886 1941 minus
900 1912 939 1941 de
953 1911 1030 1951 ipsis
1042 1910 1163 1950 nugari,
1180 1910 1235 1941 scd
1249 1910 1354 1941 conari
1368 1910 1474 1951 potius
1485 1908 1563 1940 certi
1577 1909 1637 1939 ali-

156 1967 233 2008 quid
246 1966 363 1998 dicere.
377 1967 403 1997 si
416 1967 484 2008 quis
498 1971 603 1996 autem
617 1966 752 2006 impetus
765 1975 931 2006 corporum
941 1971 996 1996 aut
1008 1970 1135 1995 naturas
1148 1971 1202 1995 aut
1212 1964 1390 2005 hujusmodi
1403 1964 1573 2005 quicquam
1585 1973 1634 1994 or-

157 2021 239 2053 dinis
252 2021 346 2062 liujus
359 2020 605 2061 agitationis-ique
621 2029 828 2050 causamesse
842 2019 938 2056 dicet,
953 2019 1154 2060 pvrspicuum
1166 2018 1245 2049 nihil
1258 2018 1404 2050 adducet.
1413 2028 1536 2055 verum,
1551 2016 1635 2059 quod

157 2075 306 2111 diximus,
320 2075 436 2106 iterum
452 2075 699 2108 consideremus,
715 2079 749 2103 ut
763 2079 882 2114 pateat,
900 2079 1002 2104 utrum
1017 2073 1115 2104 oratio
1130 2073 1188 2104 illa
1201 2072 1374 2114 probabilis
1390 2073 1433 2103 sit
1447 2083 1485 2102 an
1502 2072 1632 2103 omnino

156 2129 256 2161 sutilis
263 2129 371 2170 jaceat
384 2140 391 2165 3
421 2137 484 2168 qua
499 2128 600 2168 primo
615 2128 730 2158 dicitur
746 2127 808 2158 duo
823 2127 970 2169 quaedam
985 2138 1065 2164 esse,
1089 2127 1227 2159 animam
1243 2133 1338 2168 atque
1361 2137 1475 2168 corpus
1490 2140 1498 2166 ;
1514 2132 1547 2158 et
1562 2136 1632 2168 quae

157 2183 199 2214 ad
215 2184 374 2223 utriusque
392 2191 490 2222 genus
507 2181 677 2222 pertinent,
693 2192 762 2211 esse
778 2183 878 2212 multa
895 2193 901 2211 z
932 2192 1031 2222 eaque
1045 2183 1084 2212 ab
1100 2181 1171 2211 aliis
1186 2181 1220 2211 in
1237 2191 1354 2222 genere
1367 2191 1424 2212 suo
1440 2180 1579 2217 differre,
1603 2186 1636 2211 et

158 2243 289 2278 utraque
306 2246 423 2277 genera
446 2246 463 2266 a
490 2246 523 2266 se
550 2235 688 2267 invicem
715 2246 785 2266 esse
812 2235 958 2266 diversa:
992 2236 1072 2267 adeo
1098 2242 1133 2266 ut
1159 2235 1290 2266 tertium
1318 2235 1400 2266 nihil
1425 2235 1469 2266 sit
1495 2235 1635 2275 utrisque

158 2301 338 2323 commune.
361 2290 498 2321 animam
515 2301 588 2321 vero
612 2290 656 2321 ita
669 2289 796 2320 differre
813 2300 829 2319 a
846 2300 976 2331 corpore
992 2289 1078 2331 quod
1093 2289 1149 2319 illa
1165 2295 1305 2319 mentem
1331 2289 1456 2326 habeat,
1484 2289 1544 2320 hoc
1566 2299 1631 2319 nou

157 2346 290 2377 habeat:
337 2345 392 2376 illa
420 2345 609 2381 dominetur,
639 2345 697 2375 hoc
728 2344 932 2386 subjiciatur:
963 2344 1020 2374 illa
1046 2344 1185 2376 onmium
1224 2343 1406 2385 passionum
1435 2343 1631 2385 corporibus,

159 2402 220 2432 hoc
249 2399 368 2431 nullius
402 2408 497 2430 causa
530 2399 580 2429 sit.
615 2397 761 2439 quocirca
796 2398 822 2428 si
854 2398 926 2439 quis
959 2398 1101 2429 coelestia
1125 2399 1165 2429 ab
1193 2398 1257 2429 alio
1286 2407 1443 2439 quoquam
1470 2397 1556 2429 facta
1585 2397 1633 2428 fu—

156 2456 231 2490 isse,
247 2465 305 2485 nec
321 2464 359 2484 ex
379 2453 480 2484 anima
510 2458 543 2483 et
568 2462 711 2494 corpore,
743 2458 778 2483 ut
806 2451 952 2492 diximus,
982 2461 1126 2483 constare
1156 2453 1341 2489 contendat,
1372 2453 1488 2483 stultus
1503 2451 1634 2483 omnino

159 2509 386 2549 imperitusque
424 2507 588 2539 habendus
623 2513 684 2538 est.
736 2507 830 2547 igitur
856 2507 882 2538 si
909 2507 1044 2537 rationes
1075 2507 1107 2537 in
1138 2508 1186 2538 his
1210 2507 1355 2538 omnibus
1384 2505 1529 2537 adductae
1545 2505 1633 2547 quic-

158 2573 255 2603 quam
272 2563 388 2598 valent,
429 2569 523 2603 atque
553 2563 618 2592 liaec
644 2563 752 2593 onmia
773 2560 880 2591 divina
897 2560 1205 2603 prorsusjudicanda
1221 2567 1306 2597 sunt,
1343 2561 1475 2591 duorum
1498 2560 1632 2595 alterum

156 2617 301 2648 arbitrari
318 2622 455 2657 oportet.
478 2626 551 2647 nam
566 2622 619 2646 aut
636 2616 726 2646 Deos
739 2625 808 2646 esse
825 2616 903 2651 llaec,
919 2622 951 2646 et
966 2616 1141 2648 rectissime
1157 2615 1296 2656 quidem,
1314 2614 1512 2655 putabimus;
1530 2612 1628 2654 [984]

158 2676 214 2701 aut
227 2669 368 2701 Deorum
384 2670 540 2710 imagines
559 2678 591 2701 et
606 2671 695 2711 quasi
711 2676 830 2700 statuas
846 2680 927 2706 esse,
944 2670 983 2700 ab
999 2669 1076 2712 ipsis
1092 2669 1165 2701 Diis
1188 2669 1397 2711 prudentibus
1422 2667 1631 2710 dignissimis·

156 2734 218 2766 que
235 2723 408 2759 artificibus
436 2723 614 2760 fabricatas,
643 2721 818 2756 credemus,
866 2725 1012 2760 alterum,
1043 2725 1182 2765 inquam,
1211 2724 1322 2755 horum
1351 2723 1569 2757 decernamus,
1599 2729 1633 2751 et

156 2779 240 2820 quod
256 2777 496 2815 decreverimus,
514 2778 645 2810 firmiter
660 2784 841 2810 teneamus:
874 2778 1035 2819 multoque
1059 2779 1161 2820 magis
1186 2779 1256 2809 haec
1279 2786 1376 2818 quam
1397 2775 1459 2806 alia
1479 2775 1630 2817 quelibet

154 2833 324 2864 simulacra
347 2841 542 2863 veneremur.
574 2842 736 2874 nunquam
761 2833 847 2863 euim
871 2833 1054 2874 pulchriora
1078 2833 1263 2873 cunctisque
1288 2830 1465 2863 hominibus
1489 2839 1629 2866 commu-

158 2887 247 2918 niora
262 2885 653 2926 simulacrareperienmr;
681 2896 740 2918 nec
763 2887 794 2918 in
820 2887 1096 2919 excellentioribus
1120 2887 1198 2918 locis
1223 2886 1330 2919 locata
1351 2884 1488 2926 puritate
1513 2882 1632 2925 majes-

155 2949 282 2983 tateque
299 2946 330 2971 et
344 2945 498 2982 perpetua
517 2940 578 2970 vita
607 2941 770 2981 pollentia,
797 2951 891 2982 quam
916 2943 993 2979 baec,
1016 2951 1086 2982 quae
1111 2941 1250 2983 undique
1277 2939 1421 2971 similiter
1451 2941 1629 2971 constructa
