1840 3225
195 200 272 239 304
781 193 1044 233 PLATONIS
1556 194 1654 246 [662

195 301 329 333 Boream
345 309 511 342 superare:
538 308 596 329 nec
620 297 651 328 ei
668 297 835 339 quicquam
852 302 973 337 eorum,
989 306 1057 338 quae
1079 295 1160 325 bona
1186 294 1344 331 dicuntur,
1368 304 1507 337 unquam
1521 295 1658 326 affuerit.

193 366 264 397 quae
289 356 374 387 enim
396 356 488 396 vulgo
506 353 706 395 appellantur
720 352 812 388 bona,
829 362 891 383 non
904 357 990 382 recte
1005 351 1087 381 bona
1103 349 1260 381 dicuntur.
1275 349 1364 380 aiunt
1377 359 1492 391 nempe
1505 349 1656 391 optimum

194 420 262 440 esse
279 411 465 441 sanitatem:
492 409 521 439 ei
537 407 710 449 proximum
718 407 835 438 bonum
845 406 990 436 formam:
1017 405 1100 435 vires
1108 403 1252 435 tertium:
1277 409 1422 445 quartum
1433 413 1507 435 vero
1518 403 1656 435 divitias.

193 464 434 495 innumerabilia
457 463 554 494 ferme
578 470 683 493 cetera
698 460 873 503 hujusmodi
887 460 969 490 bona
980 464 1154 489 narrantur.
1175 468 1249 488 nam
1266 464 1297 488 et
1312 463 1403 489 acute
1420 467 1548 489 cernere
1563 462 1657 498 atque

194 519 302 549 audire
317 519 448 560 aliisque
464 517 606 548 sensibus
617 516 737 557 integre
753 515 798 545 uti
812 515 896 545 bona
909 514 1066 548 videntur,
1087 518 1120 543 et
1133 513 1173 543 ad
1190 513 1256 543 lraec
1272 512 1378 543 omnia.
1390 522 1483 553 posse
1496 511 1658 553 tyrannica

192 566 321 603 licentia
345 573 460 608 facere,
489 580 683 614 quaecunque
705 569 822 610 cupias.
845 578 1059 608 summamque
1080 567 1174 597 totius
1196 566 1399 597 beatitudinis
1411 576 1478 597 esse
1500 565 1617 604 ferunt,
1634 565 1660 595 si

194 636 264 656 cum
287 625 418 658 istorum
442 625 582 656 omniurn
606 624 800 665 possessione
826 622 922 653 fueris
941 631 1034 662 quam
1050 621 1198 651 citissime
1212 620 1406 651 immortalis.
1427 630 1486 661 ego
1501 625 1603 650 autem
1621 629 1657 652 ac

194 690 251 711 vos
266 690 329 710 una
338 680 561 718 convenimus;
582 678 675 720 justis
690 677 866 717 sanctisque
882 675 956 706 viris
968 675 1115 716 optimam
1129 685 1196 707 esse
1210 675 1339 705 istorum
1353 674 1494 705 omnium
1508 673 1659 715 possessi-

194 744 303 765 onem:
328 734 451 776 injustis
469 738 574 764 autem
584 733 722 764 omnium
730 731 908 772 pessimam,
926 731 965 761 ab
979 730 1048 771 ipsa
1059 729 1191 760 sanitate
1204 729 1434 771 incipientium.
1446 739 1557 759 sanum
1568 737 1657 759 nam-

194 798 255 830 que
270 799 349 824 esse,
371 794 404 819 et
417 789 523 819 videre
539 792 633 829 atque
650 786 756 817 audire
771 795 807 817 ac
819 785 924 816 onmia
936 784 1028 815 facile
1044 784 1170 819 sentire,
1182 789 1214 814 et
1223 784 1350 815 omnino
1358 783 1462 814 vivere
1474 782 1523 813 vel
1533 782 1659 813 immor-

193 843 291 874 talem
321 843 492 884 pessimum
519 847 577 878 est,
607 841 633 872 si
658 852 727 872 curn
752 841 860 870 horum
884 838 1021 870 omnium
1047 839 1243 879 possessione
1271 848 1393 879 semper
1418 837 1533 868 vixeris
1547 847 1659 878 expers

186 897 317 941 justitiae
344 902 579 938 ceterarumque
601 896 761 926 virtutum.
786 894 887 924 minus
910 899 1011 924 autern
1028 893 1154 929 malum,
1171 892 1197 923 si
1213 903 1306 934 quam
1320 891 1504 923 brevissimo
1518 897 1658 932 tempore

194 952 239 983 sic
259 951 389 983 affectus
410 951 506 981 vitam
529 950 657 981 finieris.
678 951 746 980 haec
770 949 878 990 utique
901 953 934 978 et
950 947 1011 988 ipsi
1028 952 1148 977 vestros
1170 946 1342 977 invitabitis
1363 951 1395 976 et
1409 946 1530 987 cogetis
1543 945 1657 986 poetas

194 1005 311 1041 dicere,
332 1016 449 1046 perque
465 1006 512 1036 his
525 1010 753 1036 consentaneos
763 1012 908 1034 numeros
923 1006 957 1032 et
971 1006 1142 1033 concentus
1162 1000 1410 1032 adolescentiam
1424 1000 1558 1031 erudire.
1578 1009 1656 1029 num

193 1060 253 1101 ipsi
279 1060 341 1090 hoc
369 1059 618 1090 animadvertitis
632 1059 643 1089 ?
667 1069 726 1100 ego
748 1058 832 1089 enim
847 1067 963 1093 assero,
978 1067 1048 1098 quae
1065 1056 1157 1097 vulgo
1173 1056 1254 1086 mala
1269 1055 1425 1091 dicuntur,
1438 1054 1561 1097 injustis
1575 1054 1657 1084 bona

195 1124 275 1150 esse,
295 1114 388 1156 justis
414 1119 516 1145 autem
541 1115 633 1150 mala,
655 1123 726 1154 quae
750 1123 824 1143 vero
844 1112 991 1142 dicuntur
1009 1111 1104 1147 bona,
1128 1110 1219 1141 bonis
1234 1110 1360 1151 quidem
1374 1119 1447 1140 vere
1456 1109 1550 1144 bona,
1564 1107 1658 1138 malis

194 1174 300 1199 autem
314 1168 407 1199 mala.
422 1169 664 1199 convenimusne
679 1168 774 1208 igitur
788 1167 901 1202 adhuc,
917 1176 957 1196 an
972 1176 1035 1196 non
1049 1165 1059 1195 ?
1106 1165 1183 1195 Cm.
1206 1164 1324 1195 Partim
1339 1164 1468 1205 quidem
1479 1162 1656 1194 consentire

193 1222 345 1258 videmus,
368 1223 479 1264 partim
500 1222 640 1253 minime.
684 1221 822 1252 Arnim.
846 1221 936 1252 Forte
962 1221 1049 1251 vobis
1074 1229 1138 1250 non
1161 1218 1335 1260 persuadeo
1356 1228 1420 1249 non
1443 1227 1513 1248 esse
1527 1217 1656 1247 beatum

192 1276 282 1307 illum
297 1276 354 1307 sed
366 1277 523 1312 miserum,
543 1277 597 1318 qui
608 1275 742 1318 injustus
758 1281 791 1306 et
804 1275 1048 1307 contumeliosus
1073 1280 1132 1309 est,
1155 1274 1278 1305 etiamsi
1301 1273 1465 1303 sanitatem
1491 1271 1605 1302 babeat
1624 1276 1658 1302 et

194 1331 320 1361 divitias
333 1336 579 1372 perpetuamque
591 1331 801 1372 tyrannidem,
816 1330 949 1360 invictas
964 1335 1117 1370 praeterea
1132 1328 1271 1369 corporis
1281 1328 1363 1358 vires
1376 1332 1408 1357 et
1423 1326 1653 1357 animositatem

194 1380 521 1426 immortalitatemque
537 1385 708 1426 possideat,
722 1385 862 1425 nihilque
878 1395 917 1414 ex
932 1384 978 1414 his
994 1383 1197 1424 perpetiatur,
1214 1392 1283 1423 quae
1298 1382 1393 1422 vulgo
1403 1381 1488 1411 mala
1497 1381 1655 1411 dicuntur.

196 1439 274 1470 (ἕω.
297 1439 383 1471 Vera
407 1438 555 1480 loqueris.
599 1437 738 1469 Arnas.
761 1438 848 1469 Esto.
872 1437 929 1468 sed
959 1437 1035 1478 quid
1064 1436 1179 1466 deinde
1210 1435 1379 1466 dicendum
1396 1436 1405 1465 ?
1429 1440 1463 1466 et
1491 1435 1516 1465 si
1539 1434 1655 1464 viribus

193 1494 293 1535 pollet
305 1493 519 1533 formosusque
536 1498 585 1523 est
598 1498 631 1523 et
646 1492 746 1528 dives,
762 1497 936 1533 cunctaque
952 1501 1009 1532 per
1023 1500 1146 1522 omnem
1163 1490 1271 1521 vitiam
1284 1490 1359 1520 facit
1369 1500 1439 1531 quae
1451 1489 1655 1530 concupiscit,

197 1547 295 1590 [662]
310 1557 415 1578 nonne
430 1547 519 1577 vobis
531 1547 666 1582 videtur,
682 1546 709 1576 si
721 1545 855 1587 injustus
867 1545 1173 1586 contumeliosusque
1185 1545 1236 1581 sit,
1252 1554 1288 1575 ex
1301 1545 1359 1575 hoc
1372 1542 1535 1574 dumtaxat
1545 1552 1658 1573 neces·

195 1602 275 1632 sario
304 1601 436 1642 turpiter
451 1600 556 1631 vivere
571 1600 581 1630 ?
607 1611 645 1630 an
675 1599 807 1640 turpiter
832 1599 959 1640 quidem
986 1597 1158 1629 conceditis
1172 1598 1182 1627 ἓ
1231 1596 1307 1629 Cu.
1330 1597 1470 1627 Prorsus.
1515 1595 1655 1627 Arnen.

194 1655 282 1692 Quid
304 1660 421 1690 autem,
450 1664 555 1685 nonne
579 1659 612 1685 et
633 1653 715 1684 male
730 1654 740 1683 ?
787 1654 862 1685 CL1.
887 1652 983 1683 Haud
1003 1652 1147 1683 similiter
1169 1650 1266 1681 istud.
1312 1650 1450 1682 Arum«.
1474 1649 1654 1692 Injucunde

194 1720 269 1740 vero
298 1714 392 1750 atque
419 1707 617 1740 incommode
641 1708 701 1738 sibi
715 1718 778 1738 non
794 1707 989 1738 conceditis?
1036 1707 1112 1738 CLr.
1136 1706 1207 1743 Quo
1224 1712 1317 1746 pacto
1333 1706 1401 1736 haec
1417 1704 1624 1736 concedemus
1641 1704 1652 1733 ?

194 1763 483 1795 Arana-Utinam
499 1762 589 1793 Deus
604 1762 770 1804 quispiam,
783 1772 802 1792 o
818 1762 922 1797 amici,
936 1771 1123 1792 consensum
1136 1760 1226 1791 nobis
1242 1760 1336 1791 animi
1348 1759 1476 1797 tribuat,
1487 1759 1552 1790 fere
1565 1769 1655 1789 nam-

195 1829 257 1860 que
278 1818 359 1848 inter
378 1828 437 1848 nos
459 1817 670 1848 dissentimus.
691 1817 766 1847 mihi
785 1816 870 1846 enim
883 1816 944 1846 ista
958 1816 1057 1856 magis
1072 1814 1249 1845 necessaria
1261 1814 1410 1845 videntur
1425 1823 1504 1849 esse,
1517 1824 1536 1843 0
1552 1814 1653 1844 amice

194 1872 312 1913 Clinia,
339 1882 434 1914 quam
463 1871 590 1903 Cretam
618 1881 686 1902 esse
714 1870 858 1902 insulam.
887 1881 923 1902 ac
949 1871 974 1901 si
989 1870 1192 1901 Cretensibus
1205 1870 1273 1911 ipse
1287 1870 1373 1910 leges
1389 1867 1568 1903 conderem,
1589 1872 1654 1898 tam

194 1927 306 1968 poe'tas
324 1936 420 1968 quam
443 1931 564 1957 ceteros
589 1936 698 1957 omnes
713 1926 799 1957 cives
812 1926 856 1956 sic
872 1925 958 1967 loqui
973 1925 1206 1966 compellerem,
1222 1934 1258 1955 ac
1270 1933 1393 1965 poenarn
1410 1933 1500 1965 paene
1515 1922 1654 1954 omnium

195 1981 363 2011 maximam
375 1981 573 2016 intentarem,
590 1981 614 2011 si
628 1981 699 2022 quis
714 1991 752 2011 ea
766 1981 796 2010 in
809 1981 937 2021 regione
951 1985 1100 2010 assereret
1113 1989 1180 2009 esse
1203 1979 1324 2020 aliquos
1345 1978 1533 2019 quandoque
1554 1976 1656 2008 homi-

195 2044 253 2066 nes
280 2044 404 2076 pravos,
433 2035 487 2075 qui
511 2034 651 2075 jucunde
663 2035 791 2074 vivant3
815 2034 866 2064 vel
883 2034 946 2065 alia
960 2044 1029 2065 esse
1045 2034 1135 2064 utilia
1153 2038 1185 2063 et
1199 2031 1419 2068 conducentia,
1435 2032 1498 2062 alia
1508 2030 1654 2072 justiora.

197 2089 356 2130 multaque
372 2089 516 2129 equidem
532 2094 640 2118 contra
655 2099 703 2123 ea,
719 2099 790 2130 quas
811 2099 893 2119 nunc
909 2099 926 2119 a
943 2088 1144 2120 Cretensibus
1160 2093 1192 2118 et
1206 2086 1452 2117 Lacedaemoniis
1466 2085 1529 2116 dici
1545 2085 1654 2116 viden·

197 2148 256 2178 tur,
268 2143 361 2173 immo
377 2153 448 2173 vero
465 2152 483 2172 a
497 2142 607 2173 ceteris
628 2153 753 2183 qnoque
770 2142 958 2178 hominibus,
975 2142 1077 2172 dicere
1094 2141 1213 2172 civibus
1230 2141 1305 2171 mels
1321 2140 1548 2181 persuaderem.
1569 2139 1653 2180 agite

196 2197 290 2237 igitur
305 2207 359 2238 per
373 2196 484 2228 Jovem
501 2202 595 2238 atque
612 2196 807 2237 Apollinem,
825 2196 934 2237 optimi
960 2195 1027 2232 viri,
1049 2195 1073 2226 si
1099 2197 1155 2225 hos
1169 2194 1255 2236 ipsos
1271 2194 1373 2230 Deos,
1390 2194 1445 2236 qui
1461 2193 1546 2234 leges
1567 2192 1656 2224 vobis

196 2251 361 2287 dederunt,
377 2251 612 2291 interrogemus,
626 2250 708 2280 sitne
719 2249 944 2291 jucundissima
956 2249 1020 2279 vita
1035 2249 1236 2290 injustissima
1250 2259 1257 2286 3
1281 2258 1320 2278 an
1335 2248 1406 2278 duae
1422 2247 1564 2289 quaedam
1582 2247 1654 2277 vitae

196 2305 269 2340 sint,
286 2304 382 2335 altera
401 2304 640 2346 jucundissima,
660 2304 829 2346 justissima
845 2304 952 2341 altera,
968 2304 1120 2344 nobisque
1136 2303 1179 2334 ita
1194 2303 1404 2344 quaercntibus
1420 2302 1482 2344 ipsi
1497 2303 1575 2333 duas
1590 2313 1656 2333 esse

198 2359 419 2400 respondeant,
434 2360 473 2389 ab
489 2359 532 2388 eis
548 2359 650 2389 forsan
668 2359 775 2389 iterum
793 2359 1053 2400 percontabimur,
1065 2359 1087 2388 si
1105 2364 1187 2389 recte
1199 2357 1348 2389 sciscitari
1361 2356 1653 2393 voluerimus,utros

197 2412 350 2444 beatiores
364 2417 506 2454 oporteat
529 2412 644 2450 dicere,
661 2413 830 2455 justissime
845 2424 884 2443 an
904 2412 1130 2455 jucundissime
1157 2413 1315 2443 viventes:
1340 2422 1375 2443 ac
1391 2411 1416 2442 si
1425 2411 1652 2454 jucundissime

196 2467 336 2498 viventes
351 2467 579 2508 responderint,
596 2467 693 2509 turpis
709 2468 766 2498 erit
791 2468 960 2509 responsio,
986 2467 1094 2498 vellem
1120 2472 1234 2503 autem,
1261 2468 1301 2497 de
1326 2466 1462 2508 patribus
1486 2465 1653 2507 legumque

197 2520 346 2552 latoribus
361 2521 433 2552 viris
449 2521 563 2562 potius,
580 2532 671 2563 quam
689 2522 728 2553 de
746 2522 828 2559 Diis,
853 2522 914 2552 tale
939 2522 1055 2564 aliquid
1079 2532 1145 2552 esse
1168 2521 1297 2552 dictum.
1321 2530 1427 2562 quare,
1443 2529 1513 2562 quae
1529 2519 1618 2560 petii,
1634 2529 1654 2549 a

198 2580 283 2616 patre
300 2575 438 2616 legisque
454 2576 549 2606 latore
562 2587 610 2606 me
623 2577 748 2617 petiisse
765 2576 955 2607 existimetis.
980 2586 1225 2617 responsumque
1249 2575 1323 2605 mihi
1345 2584 1424 2610 esse,
1439 2573 1650 2605 beatissimum

196 2639 264 2660 esse
280 2629 377 2664 illum,
394 2629 446 2670 qui
458 2630 682 2671 jucundissime
698 2630 793 2661 vivat.
817 2642 875 2671 ogo
892 2636 995 2661 autem
1011 2630 1055 2660 ita
1071 2630 1186 2661 deinde
1203 2639 1372 2670 opponam,
1388 2627 1418 2659 Ο
1432 2633 1530 2668 pater,
1546 2637 1652 2657 nonne
1699 2632 1702 2635 '

196 2694 290 2725 quam
306 2683 482 2714 beatissime
496 2684 622 2715 volebas
638 2695 686 2715 me
702 2684 803 2715 vivere
817 2684 828 2714 ?
874 2685 978 2715 Certe.
1003 2691 1033 2714 at
1048 2694 1205 2725 nunquam
1221 2683 1362 2714 cessabas
1371 2682 1492 2724 jubere,
1507 2687 1541 2712 ut
1556 2691 1649 2722 quam

191 2737 360 2779 justissime
375 2737 521 2769 viverem.
545 2739 685 2779 quisquis
700 2744 801 2770 autem
818 2739 883 2770 haec
896 2749 956 2769 uua
972 2739 1130 2773 concedit,
1145 2738 1209 2768 sive
1227 2737 1409 2778 legumlator
1426 2736 1490 2767 sive
1504 2741 1605 2777 pater,
1619 2741 1652 2766 et

197 2791 330 2821 absurde
360 2791 496 2832 loquitur
523 2798 554 2822 et
582 2793 639 2823 sibi
657 2792 718 2834 ipsi
744 2804 807 2823 non
824 2798 955 2824 constat.
978 2794 1061 2834 quod
1079 2793 1102 2822 si
1114 2792 1317 2834 justissimam
1335 2792 1429 2822 vitam
1439 2790 1648 2821 beatissimam

197 2854 264 2875 esse
279 2846 477 2886 respondeat,
493 2852 620 2887 qureret,
636 2852 670 2877 ut
683 2847 822 2883 arbitror,
845 2847 1025 2888 quicunque
1049 2847 1079 2877 id
1098 2846 1216 2883 audiet,
1232 2845 1392 2882 Quidnam
1407 2855 1444 2876 ea
1459 2845 1490 2875 in
1507 2846 1570 2875 rita
1594 2845 1648 2874 bo-

198 2909 273 2929 num
289 2905 320 2930 et
335 2899 506 2940 pulchrum,
531 2906 676 2941 tanquam
706 2902 864 2942 voluptate
882 2901 1000 2936 metius,
1018 2901 1064 2931 lex
1080 2901 1151 2942 ipsa
1163 2900 1295 2931 laudat?
1319 2899 1416 2941 [663]
1441 2900 1517 2941 quid
1534 2899 1617 2931 enim
1632 2909 1651 2928 a
