1840 3225
221 210 300 248 240
804 205 1068 245 PLATONJS
1599 206 1670 257 [23

227 320 340 352 grasse,
363 310 502 352 quamvis
531 309 702 341 fabulosum
728 309 879 345 videatur,
909 320 1011 340 verum
1036 308 1266 350 quodammodo
1279 317 1346 338 esse
1372 308 1545 348 putandum
1560 312 1617 337 est.
1641 306 1675 336 fit

225 365 307 396 enim
325 365 418 406 longo
433 369 606 406 temporum
630 364 792 395 intervallo
815 364 949 395 coelestis
972 364 1116 395 circuitus
1138 362 1325 404 permutatio
1347 362 1503 403 quaedam,
1518 371 1611 401 quam
1626 360 1675 390 in-

225 418 442 450 flammationis
459 418 584 450 vastitas
599 418 772 449 necessario
794 417 942 458 sequitur.
964 423 1039 448 tnnc
1056 417 1099 454 hi,
1121 417 1174 458 qui
1190 417 1276 447 edita
1290 421 1323 447 et
1337 416 1423 446 arida
1437 414 1579 446 incolunt
1592 415 1675 450 loca,

226 473 324 513 tnagis
338 478 471 514 pereunt
483 482 576 514 quam
591 472 666 503 mari
680 471 843 512 fluviisque
859 471 964 503 vicini.
989 471 1076 501 nobis
1086 481 1175 512 porro
1187 469 1281 501 Nilus
1293 480 1363 501 cum
1376 469 1407 500 in
1416 469 1573 510 plerisque
1583 467 1673 498 rebus

226 527 367 559 salutaris
381 532 440 564 est,
453 532 518 558 tum
535 527 716 568 hujusmodi
731 535 750 556 a
764 525 852 556 nobis
867 530 952 556 arcet
965 525 1106 556 exitium.
1129 525 1254 566 quaudo
1266 534 1336 555 vero
1348 523 1402 554 Dii
1413 532 1561 564 aquarum
1576 520 1675 553 collu-

225 580 317 612 vione
327 585 415 611 terrae
427 581 532 612 sordes
541 581 676 617 diluunt,
686 585 824 622 pastores
833 580 939 610 ovium
949 584 1043 619 atque
1055 578 1193 614 bubulci,
1209 578 1262 619 qui
1269 577 1347 619 juga
1356 577 1507 608 montium
1518 575 1674 615 habitant,

224 634 398 676 periculum
413 634 488 666 illud
502 634 656 666 evadunt:
682 639 790 664 vestrae
807 639 912 664 autem
926 633 1077 669 civitates,
1093 632 1125 663 in
1141 632 1270 674 planitie
1285 632 1363 668 sitae,
1379 632 1497 672 impetu
1510 629 1675 661 fluminum

226 689 266 721 ad
284 688 379 719 maria
394 689 563 730 rapiuntur.
588 690 642 720 sed
657 689 687 719 in
703 690 760 720 hac
776 694 879 719 nostra
895 688 1019 729 regione
1036 697 1138 729 neque
1153 692 1228 717 tunc
1239 696 1341 728 neque
1353 685 1431 716 alias
1443 695 1579 726 unquam
1592 692 1674 725 aqua

224 742 259 773 in
274 751 363 783 agros
377 752 509 783 superne
524 743 705 773 descendit:
730 749 840 773 contra
855 752 929 772 vero
945 752 1066 771 sursum
1088 751 1104 771 e
1119 747 1207 772 terrae
1224 740 1389 771 visceribus
1404 739 1543 770 scaturit.
1566 747 1675 780 quam·

227 795 332 828 obrem
346 796 626 837 antiquissimarum
643 806 743 827 rerum
757 797 840 836 apud
858 806 916 826 nos
932 799 1131 825 monumenta
1146 799 1315 825 servantur.
1336 793 1478 835 proinde.
1494 792 1674 832 ubicunque

226 859 284 883 nec
298 850 442 881 imbrium
455 855 624 891 tempestas
636 850 732 880 nimia
747 860 804 880 nec
819 849 1000 879 incendium
1016 848 1127 886 ingens
1140 848 1304 888 contingit,
1320 847 1394 878 licet
1408 846 1484 877 alias
1500 845 1674 888 pauciores,

227 902 301 944 [23]
323 904 400 936 alias
414 904 529 945 plures,
546 914 665 944 semper
686 909 791 934 tamen
815 902 956 933 homines
978 908 1061 934 sunt.
1085 913 1280 943 quaecunque
1303 912 1375 932 vero
1401 911 1421 931 a
1443 901 1554 931 nostris
1567 899 1633 930 sive
1657 909 1676 929 a

226 958 333 989 vestris
347 958 411 988 sive
436 957 504 988 aliis
518 958 695 989 nationibus
719 963 806 998 gesta
822 962 896 988 sunt
910 963 1079 987 memoratu
1101 956 1208 997 digna,
1223 956 1316 986 modo
1343 955 1382 985 ad
1400 964 1488 985 aures
1502 959 1674 985 nostrorum

229 1011 434 1053 pervenerint,
448 1012 558 1042 nostris
573 1012 603 1042 in
619 1012 744 1052 templis
759 1011 914 1052 descripta
928 1020 1095 1042 servantur.
1119 1011 1201 1051 apud
1220 1020 1274 1040 vos
1287 1009 1412 1050 quidem
1427 1013 1460 1039 et
1479 1008 1555 1038 alias
1571 1012 1679 1048 gentes

228 1074 275 1095 res
289 1070 384 1105 gestae
401 1075 498 1106 nuper
514 1065 608 1095 literis
633 1064 903 1105 monumentisque
926 1063 1088 1094 traduntur
1101 1075 1110 1102 ;
1133 1063 1189 1093 sed
1211 1062 1302 1094 certis
1323 1071 1497 1103 temporum
1519 1060 1678 1092 curriculis

228 1118 350 1150 illuvies
365 1119 502 1150 immissa
516 1119 636 1150 coelitus
649 1119 755 1149 omnia
780 1119 958 1160 populatur.
982 1117 1064 1154 ideo,
1080 1118 1132 1158 qui
1156 1118 1339 1152 succedunt.
1354 1122 1387 1147 et
1410 1116 1506 1147 literis
1522 1120 1555 1146 et
1575 1115 1680 1145 Musis

228 1173 325 1204 orbati
341 1178 424 1204 sunt.
447 1184 509 1216 quo
526 1174 572 1210 fit,
587 1178 622 1204 ut
637 1174 725 1215 quasi
737 1173 869 1214 juvenes
883 1173 994 1203 iterum
1011 1173 1078 1203 sitis
1092 1178 1125 1203 et
1140 1173 1242 1207 rudes,
1259 1171 1480 1212 praeteritarum
1495 1180 1594 1201 rerum
1609 1179 1675 1199 om-

227 1227 314 1258 nium
330 1238 450 1268 prorsus
474 1228 585 1268 ignari.
610 1238 681 1258 narn
697 1233 730 1258 et
744 1238 782 1258 ea
806 1228 885 1269 ipsa,
908 1238 978 1268 quae
995 1227 1086 1257 modo
1109 1236 1147 1257 ex
1168 1226 1276 1257 vestris
1291 1224 1427 1256 historiis
1442 1223 1637 1257 recensebas,
1659 1231 1679 1251 a

227 1280 340 1313 sabulis
355 1281 536 1323 puerilibus,
553 1293 572 1312 o
589 1281 696 1318 Solon,
712 1291 819 1322 parum
843 1281 971 1312 distant.
989 1280 1098 1321 primo,
1114 1280 1199 1320 quod
1216 1279 1307 1309 unius
1321 1284 1445 1309 tantum
1465 1276 1680 1309 inundationis

229 1336 440 1372 memineritis,
456 1347 527 1367 cum
553 1336 659 1366 multa:
676 1335 907 1376 praecesserint:
933 1335 1046 1366 deiude
1063 1335 1145 1376 quod
1171 1344 1266 1375 genus
1283 1332 1431 1374 majorum
1456 1337 1624 1363 vestrorum
1646 1330 1680 1360 in

229 1389 352 1429 regione
370 1394 469 1420 vestra
483 1390 681 1420 clarissimum
696 1394 727 1419 et
738 1389 893 1430 optimum
908 1389 1065 1429 ignoretis,
1077 1398 1113 1418 ex
1124 1397 1186 1428 quo
1197 1392 1229 1417 tu
1242 1391 1274 1417 et
1283 1386 1492 1417 Athenienses
1507 1384 1603 1416 ceteri
1614 1384 1679 1414 nati

231 1443 316 1479 estis,
331 1443 444 1484 exiguo
460 1444 576 1474 semine
591 1443 748 1484 quondam
774 1443 909 1485 publicae
932 1442 1014 1473 cladi
1030 1442 1206 1483 superstite.
1221 1442 1305 1482 quod
1327 1445 1489 1481 propterea
1505 1449 1558 1470 vos
1582 1438 1683 1472 latuit,

229 1497 305 1538 quia
318 1497 496 1535 superstites
511 1498 556 1528 illi
579 1508 746 1539 eorumque
773 1497 888 1538 posteri
915 1496 1067 1527 literarum
1095 1506 1151 1526 usu
1169 1495 1272 1525 multis
1297 1493 1411 1525 seculis
1425 1498 1599 1524 caruerunt.
1621 1491 1681 1522 fuit

230 1550 315 1581 enim
330 1557 403 1582 ante
417 1552 572 1583 exitialem
585 1552 672 1583 illam
688 1558 774 1582 terrae
789 1551 981 1586 illuvionem,
998 1561 1015 1580 ο
1032 1550 1140 1586 Solon,
1158 1549 1394 1580 Atheniensium
1411 1547 1521 1578 civitas
1536 1554 1598 1578 tam
1608 1546 1682 1577 belli

232 1613 325 1645 quam
343 1605 428 1645 pacis
443 1605 552 1636 officiis
577 1604 829 1646 praestantissima
844 1615 850 1633 z
875 1603 1004 1645 ejusque
1021 1614 1115 1644 opera
1138 1604 1284 1644 legesque
1301 1602 1454 1638 omnibus,
1471 1611 1600 1643 quorum
1618 1611 1683 1631 me-

232 1658 330 1689 moria
354 1659 392 1689 ad
410 1670 466 1690 nos
482 1659 633 1700 pervenit,
649 1659 872 1690 excelluerunt.
914 1658 1001 1688 Tunc
1014 1658 1194 1687 admiratum
1212 1657 1359 1687 Solonem
1381 1656 1494 1686 obnixe
1507 1655 1682 1686 sacerdotes

233 1712 440 1744 obsecravisse
457 1714 511 1749 ait,
527 1720 561 1743 ut
577 1713 680 1744 omnia
689 1713 855 1754 diligenter
870 1713 1041 1753 priscorum
1055 1713 1167 1743 civium
1183 1722 1278 1753 opera
1292 1711 1476 1742 revelarent.
1521 1710 1626 1750 Atque
1639 1708 1684 1739 illi

232 1766 276 1799 sic
291 1776 310 1796 a
324 1768 482 1798 sacerdote
495 1768 629 1809 quodam
644 1767 739 1798 fuisse
752 1777 929 1807 responsum
946 1779 952 1796 :
978 1766 1073 1796 Nulla
1087 1767 1143 1797 lroc
1156 1766 1272 1796 invidia
1284 1765 1437 1806 prohibet,
1449 1764 1556 1795 Solon.
1580 1763 1682 1794 dicam

233 1821 378 1861 equidem
396 1821 536 1856 libenter,
552 1822 599 1852 tui
615 1827 647 1852 et
661 1821 794 1852 civitatis
811 1826 918 1851 vestra:
943 1821 1040 1861 gratia
1056 1833 1062 1850 :
1088 1820 1220 1851 maxime
1243 1830 1314 1850 vero
1331 1819 1427 1860 gratia
1451 1818 1541 1853 Deae,
1557 1827 1627 1858 quae
1651 1823 1683 1847 et

235 1879 365 1905 vestram
381 1874 464 1905 illam
480 1881 513 1905 et
527 1877 607 1906 hanc
624 1880 759 1905 nostram
785 1875 936 1910 condidit,
953 1875 1110 1909 educavit,
1126 1874 1260 1905 instituit
1274 1885 1281 1911 3
1303 1874 1433 1914 priorem
1447 1877 1577 1903 vestram
1593 1870 1683 1901 annis

236 1928 335 1964 mille,
350 1939 387 1959 ex
400 1928 494 1960 Terra
507 1935 539 1960 et
556 1930 698 1961 Vulcano
714 1929 872 1970 accipiens
888 1929 1006 1960 semina
1021 1941 1026 1958 :
1052 1929 1228 1970 posterioris
1243 1933 1345 1959 autem
1368 1926 1460 1967 hujus
1475 1932 1586 1956 nostrae
1601 1924 1684 1956 urbis

236 1992 284 2013 res
299 1987 370 2013 octo
396 1992 545 2014 annorum
561 1983 694 2014 millibus
710 1989 804 2024 gestae
827 1984 857 2013 in
874 1984 966 2014 sacris
981 1982 1077 2014 literis
1099 1983 1307 2014 continentur.
1330 1981 1448 2012 illorum
1472 1991 1545 2022 ergo
1560 1979 1687 2015 civium.

236 2036 293 2076 qui
309 2036 340 2066 in
355 2037 414 2067 lroc
428 2047 537 2068 novem
552 2038 683 2068 millium
700 2048 848 2068 annorum
864 2043 1005 2078 tempore
1020 2043 1092 2068 ante
1116 2048 1173 2067 nos
1186 2037 1323 2076 fuerunt,
1338 2035 1478 2066 instituta
1492 2039 1525 2065 et
1541 2032 1687 2075 praeclara

235 2089 377 2120 facinora
401 2090 543 2127 breviter,
566 2091 674 2127 Solon,
696 2091 730 2122 in
754 2091 921 2133 praesentia
936 2091 992 2122 tibi
1009 2092 1222 2132 perstringam.
1248 2090 1323 2132 [24]
1348 2090 1496 2130 deinceps
1510 2099 1594 2125 vero,
1615 2098 1686 2119 cum

238 2143 307 2184 plus
322 2143 445 2174 dabitur
457 2145 526 2183 otii,
550 2150 679 2185 accepto
703 2145 894 2176 historiarum
913 2145 988 2175 libro
1013 2145 1106 2175 latius
1122 2154 1325 2185 exponemus.
1372 2143 1422 2175 Ac
1448 2142 1576 2184 primurn
1601 2142 1686 2182 leges

235 2196 359 2230 illorum
382 2198 554 2235 considera¹
580 2210 641 2240 quo
668 2205 759 2240 pacto
783 2210 853 2230 cum
879 2199 927 2229 his
954 2200 1064 2230 nostris
1079 2199 1278 2229 conveniant.
1303 2198 1398 2228 multa
1411 2197 1495 2228 enim
1510 2197 1559 2227 hic
1575 2195 1686 2226 similia

238 2251 299 2282 illis
323 2252 468 2293 reperies.
489 2253 657 2294 principio,
683 2253 770 2293 quod
794 2252 969 2284 sacerdotes
996 2253 1128 2294 separati
1157 2252 1195 2282 ab
1222 2252 1305 2282 omni
1334 2251 1422 2281 turba
1447 2250 1540 2282 vitatu
1569 2255 1666 2290 agunt
1680 2260 1687 2277 ι

240 2304 354 2336 deinde
370 2305 454 2336 varia
467 2306 612 2347 opificum
629 2317 741 2346 genera
756 2307 800 2337 ita
824 2307 903 2337 inter
917 2317 949 2337 se
965 2307 1098 2337 discreta
1114 2311 1194 2342 sunt,
1217 2312 1251 2336 ut
1265 2315 1352 2336 suum
1369 2305 1499 2345 quisque
1514 2309 1599 2345 agat.
1615 2313 1687 2344 pro-

239 2358 356 2390 misene
383 2370 454 2390 vero
477 2360 590 2391 nullus.
612 2360 753 2391 similiter
776 2366 943 2401 pastorum,
967 2366 1156 2394 venatorum,
1181 2358 1381 2400 agricolarum
1397 2358 1479 2389 inter
1492 2367 1525 2388 se.
1539 2357 1687 2388 distincta

241 2417 314 2443 sunt
328 2423 435 2454 opera.
455 2413 570 2445 milites
584 2424 708 2456 quoque
723 2415 785 2450 hic,
799 2419 834 2444 ut
856 2415 950 2449 nosti,
966 2414 1005 2444 ab
1032 2414 1099 2444 aliis
1122 2413 1264 2445 omnibus
1287 2413 1452 2453 segregati,
1472 2411 1584 2443 bellica
1606 2411 1687 2442 dun-

242 2470 326 2497 taxat
349 2472 478 2498 tractare
500 2477 519 2498 a
534 2468 602 2509 lege
621 2467 782 2509 jubentur.
805 2475 956 2498 armatura
979 2469 1084 2505 etiam,
1100 2474 1135 2498 ut
1161 2468 1340 2509 clypeorum
1352 2465 1590 2507 jaculorumque
1604 2474 1692 2498 usus.

241 2521 325 2561 apud
343 2525 488 2562 utrosque
504 2521 679 2563 persimilis.
702 2522 749 2553 his
763 2522 852 2564 primi
869 2532 924 2552 nos
937 2522 968 2552 in
989 2522 1066 2553 Asia
1083 2522 1130 2553 usi
1148 2532 1262 2557 sumus,
1277 2526 1310 2551 et
1327 2520 1412 2558 Dea,
1427 2525 1462 2550 ut
1472 2519 1534 2550 illis
1549 2519 1581 2550 iu
1596 2518 1689 2554 locis,

240 2573 285 2604 sic
302 2574 388 2605 vobis
403 2575 506 2615 primis
529 2576 596 2607 haec
623 2576 761 2608 tradidit.
787 2576 958 2618 prudentioe
975 2586 1101 2617 quoque
1122 2581 1155 2606 et
1170 2575 1331 2606 modestiae
1347 2582 1471 2615 magna,
1486 2572 1567 2605 sicut
1589 2571 1689 2607 vides,

243 2628 353 2658 nostris
365 2628 484 2669 legibus
510 2630 549 2660 ab
565 2630 655 2660 initio
681 2641 755 2661 curn
782 2630 864 2668 fuit;
887 2629 1088 2660 divinationis
1112 2630 1240 2670 insuper
1261 2634 1295 2659 et
1317 2627 1502 2658 medicine:
1527 2630 1560 2657 ot
1573 2625 1690 2656 sanitas

241 2679 330 2713 nobis
344 2691 399 2722 per
414 2682 480 2713 haec
493 2683 641 2715 divinitus
658 2689 832 2725 procurata.
854 2684 978 2715 demum
1002 2693 1196 2725 quaecunque
1219 2683 1260 2714 ad
1273 2683 1340 2713 haec
1355 2680 1489 2713 attinent
1503 2678 1691 2720 disciptinas,

242 2733 407 2775 diligenter
421 2735 570 2767 institutae
584 2748 601 2768 a
615 2737 684 2778 lege
707 2738 912 2778 reperiuntur.
957 2737 1149 2778 Hujusmodi
1173 2736 1368 2769 institutione
1380 2741 1413 2767 et
1427 2733 1537 2765 ordine
1559 2732 1691 2774 priorem

244 2793 374 2820 vestram
390 2789 494 2820 urbem
508 2789 580 2826 Dea
603 2802 620 2822 a
643 2791 817 2833 primordiis
838 2791 1007 2827 exornavit,
1028 2802 1099 2823 curu
1122 2792 1155 2823 in
1172 2791 1246 2822 urbe
1268 2789 1435 2821 condenda
1449 2797 1516 2819 eam
1532 2786 1691 2828 regionem

242 2842 397 2884 elegisset,
412 2853 481 2884 quae
497 2844 537 2874 ob
561 2845 641 2876 aeris
656 2845 835 2887 temperiem
860 2846 1099 2887 prudentissima
1121 2845 1246 2887 ingenia
1269 2847 1453 2885 procrearet.
1477 2846 1587 2882 utpooe
1608 2839 1691 2872 enim

243 2895 390 2929 bellicosa
404 2902 437 2929 et
451 2897 575 2939 sapiens
591 2898 661 2930 Dea
685 2900 840 2941 regionem
864 2900 1039 2940 eligendam
1063 2900 1182 2931 censuit
1207 2898 1312 2935 talem,
1335 2906 1406 2938 quae
1422 2900 1503 2927 esset
1518 2894 1566 2927 sui
1579 2892 1695 2926 simile·
