1840 3225
176 249 226 285 34
753 242 1020 281 PLATONIS
1545 247 1644 297 [1‘27

175 349 343 380 admodum
360 349 413 380 alii
435 350 464 379 in
481 348 609 380 civitate
625 347 751 377 rationis
768 352 929 388 compotes
953 345 1104 376 homines.
1150 346 1207 376 So.
1232 346 1323 378 Dicis
1339 357 1423 388 ergo,
1448 348 1549 390 qualis
1563 348 1646 379 The-

176 403 333 434 mistocles
363 404 423 434 fuit
449 408 481 434 et
508 401 643 433 Pericles
674 407 707 432 et
735 401 862 436 Cimon,
899 407 930 431 et
960 400 1142 441 quicunque
1170 400 1223 431 alii
1249 401 1278 430 in
1307 401 1575 433 administratione
1604 402 1648 432 rei

176 457 310 498 publicae
343 457 536 488 floruerunt?
592 456 678 487 Tne.
714 455 777 486 Per
806 455 931 491 Jovem,
967 455 1042 485 istos
1073 454 1212 496 inquam.
1278 455 1333 486 So.
1371 455 1456 492 Quid
1487 456 1582 486 vero?
1622 455 1648 486 si

176 512 314 542 nubilem
337 512 418 542 effici
453 515 627 551 equestrem
663 515 837 550 expeteres,
861 514 893 539 et
928 509 959 538 in
995 519 1033 539 ea
1068 513 1133 539 arte
1157 509 1342 550 sapientem,
1375 510 1414 539 ad
1439 519 1591 550 quosnam
1614 513 1650 539 ut

176 564 236 597 hoc
265 565 470 607 assequereris
500 565 676 600 accederes,
700 568 905 604 praeterquam
930 563 969 592 ad
994 563 1175 603 equestres?
1219 563 1305 595 Tur..
1342 563 1394 594 Ad
1425 563 1528 594 nullos
1560 562 1650 593 alios.

176 617 232 649 So.
257 619 384 660 Quippe
414 619 453 649 ad
478 619 533 649 hos
555 618 652 660 ipsos,
675 617 730 658 qui
752 617 889 657 equestri
923 621 986 646 arte
1011 616 1175 657 pollerent,
1210 622 1242 646 et
1274 617 1327 658 qui
1361 617 1450 658 equis
1484 623 1549 647 turn
1578 627 1652 647 nos-

177 671 309 703 tratibus
340 678 404 703 tum
437 672 547 704 alienis
576 682 670 712 quam
709 670 848 712 plurimis
884 675 1054 702 uterentur.
1112 670 1201 702 Tne.
1225 671 1365 702 Scilicet.
1425 671 1481 702 So.
1513 670 1651 702 Eodem-

177 736 239 767 que
274 727 366 757 modo
397 727 420 757 si
448 727 605 768 sapienter
626 724 790 766 jaculandi
815 730 911 755 artem
947 724 1081 765 adipisci
1106 734 1248 764 cuperes,
1273 725 1312 755 ad
1348 735 1413 760 eos,
1440 725 1494 766 qui
1532 725 1651 765 optime

174 778 365 820 jaculentur,
397 785 429 811 et
455 781 509 820 qui
536 779 639 809 multis
666 784 728 808 tam
759 777 869 808 alienis
898 788 991 819 quam
1019 777 1148 818 propriis
1179 784 1308 808 utuntur
1338 778 1481 819 spiculis,
1510 778 1652 819 proficis-

177 833 299 865 cereris.
343 834 429 865 Trm.
456 833 539 864 Mihi
560 833 687 874 quidem
703 833 835 864 videtur.
883 833 938 863 So.
963 831 1034 873 Age
1051 832 1167 872 itaque,
1186 838 1351 873 postquam
1368 832 1398 862 in
1421 831 1565 863 civilibus
1581 842 1653 862 eru—

178 886 237 918 diri
253 888 311 924 vis,
328 889 365 918 ad
384 888 471 924 alios,
498 893 532 918 ut
557 888 589 918 in
614 888 652 918 iis
678 887 803 928 sapiens
828 887 896 923 fias,
921 887 1136 917 accedendum
1166 892 1268 927 putas,
1295 897 1389 927 quarn
1416 885 1456 916 ad
1473 886 1529 916 hos
1545 885 1652 916 civiles

178 941 332 982 homines,
349 943 404 983 qui
419 942 587 982 disciplina
602 941 688 972 civili
704 951 900 982 summopere
918 941 1034 981 valent,
1049 946 1081 971 et
1098 946 1225 972 utuntur
1244 952 1281 971 ea
1299 946 1363 971 turn
1381 941 1479 982 patria
1495 946 1560 971 tum
1576 940 1652 971 alia-

179 1005 245 1026 rum
262 996 423 1026 civitatum
439 1002 471 1026 et
487 995 664 1026 Graecnrum
682 1000 713 1025 et
730 994 923 1025 barbararum
939 994 949 1023 ?
973 1004 1012 1024 an
1032 999 1135 1034 putas,
1161 994 1200 1024 ab
1214 993 1284 1024 aliis
1301 993 1485 1034 sapientiam
1502 993 1654 1034 consequi

179 1059 297 1086 eorum,
314 1060 384 1090 quae
400 1049 449 1080 isti
471 1049 529 1079 soli
544 1053 720 1089 cognorunt
735 1048 745 1077 ἓ
791 1047 879 1078 Tris.
905 1047 1036 1083 Audivi,
1052 1047 1206 1084 Socrates,
1223 1058 1379 1078 sermones
1394 1047 1560 1088 quosdam,
1574 1056 1655 1087 quos

180 1108 249 1134 tuos
265 1108 415 1139 asserunt,
431 1103 571 1133 civilium
588 1103 720 1132 virorum
737 1101 818 1132 filios
834 1101 932 1131 nihilo
949 1101 1091 1132 meliores
1106 1112 1199 1143 quam
1224 1102 1393 1133 cerdonum
1417 1111 1496 1132 esse.
1519 1105 1563 1137 et,
1588 1110 1657 1131 mea

179 1157 307 1198 quidem
327 1157 494 1193 sententia,
513 1167 583 1187 vera
599 1155 689 1186 dicis.
734 1154 892 1196 Insipiens
907 1165 980 1196 ergo
997 1165 1108 1191 essem,
1126 1154 1151 1185 si
1165 1155 1242 1185 milii
1264 1155 1495 1196 persuaderem,
1521 1153 1656 1195 aliquem

180 1212 310 1241 istorum
339 1211 413 1241 mihi
438 1221 524 1242 suam
551 1209 736 1251 sapientiam
754 1208 950 1249 traditurum,
973 1209 1027 1250 qui
1052 1208 1132 1239 filios
1148 1209 1273 1250 quidem
1289 1219 1362 1239 suos
1387 1209 1512 1239 minime
1532 1207 1658 1249 juvent,

182 1269 387 1305 putaremque
414 1275 505 1305 posse
531 1274 579 1294 me
604 1263 667 1293 ulla
690 1263 721 1292 in
738 1273 769 1293 re
784 1262 867 1293 circa
887 1263 954 1293 lraec
979 1254 1124 1303 cuiquam
1143 1263 1302 1303 prodesse.
1348 1262 1403 1293 So.
1429 1262 1598 1299 Quomodo
1615 1267 1659 1299 te,

181 1317 300 1358 optime
316 1319 489 1359 hominum,
506 1323 649 1353 verteres,
667 1316 703 1352 si,
720 1326 790 1347 cum
808 1316 863 1346 tibi
881 1315 963 1345 filius
982 1321 1077 1353 esset,
1095 1316 1161 1346 lraec
1179 1316 1235 1346 tibi
1252 1315 1378 1356 negotia
1394 1316 1546 1356 praeberet
1560 1320 1593 1346 et
1608 1325 1660 1345 os-

181 1373 326 1403 tenderet
339 1383 454 1413 cupere
470 1372 501 1402 in
517 1371 671 1412 optimum
687 1370 838 1411 pictorem
855 1370 999 1406 evadere,
1021 1370 1077 1400 tibi
1093 1375 1197 1400 autem
1212 1374 1422 1409 succenseret,
1438 1369 1524 1410 quod
1539 1368 1658 1399 nullam

180 1426 214 1456 in
229 1437 266 1457 eo
284 1425 450 1468 pecuniam
465 1427 573 1456 horum
589 1424 688 1465 gratia
703 1434 884 1454 consumere
901 1423 1007 1465 velles,
1024 1423 1117 1464 liujus
1134 1434 1204 1454 vero
1221 1422 1263 1453 rei
1280 1422 1413 1454 artifices
1431 1423 1566 1463 pictores
1585 1433 1658 1463 par-

182 1479 376 1520 vipenderet,
393 1490 495 1521 neque
511 1480 549 1509 ab
563 1479 608 1510 eis
633 1478 752 1520 aliquid
770 1478 863 1508 vellet
879 1478 1017 1508 discere:
1044 1478 1092 1508 vel
1122 1477 1279 1513 tibicinas,
1298 1477 1414 1508 tibicen
1432 1476 1512 1507 effici
1529 1476 1659 1515 volens;

182 1533 231 1564 vel
247 1534 342 1565 etiam
359 1534 557 1565 citharoedos.
580 1533 719 1569 haberes,
737 1532 776 1562 ad
791 1531 866 1573 quid
883 1542 920 1562 eo
940 1532 1077 1568 utereris,
1097 1531 1144 1561 vel
1161 1541 1224 1572 quo
1241 1530 1303 1561 alio
1318 1530 1408 1560 illum
1425 1530 1576 1571 mitteres,
1603 1541 1660 1561 no-

183 1586 298 1618 lentem
315 1588 354 1618 ab
377 1588 415 1618 iis
430 1588 570 1618 discere?
615 1586 702 1618 Tur-2.
726 1586 861 1617 Minime
891 1596 946 1627 per
968 1585 1094 1618 Jovem.
1141 1585 1197 1616 So.
1223 1585 1320 1616 Nune
1335 1584 1429 1625 igitur
1454 1583 1564 1615 eadem
1590 1584 1660 1616 haee

183 1641 331 1672 adversus
349 1647 435 1672 tuum
460 1641 557 1682 [127]
583 1646 700 1682 patrem
717 1640 848 1677 faciens,
864 1640 1023 1671 mirarisne
1038 1645 1133 1680 atque
1149 1649 1327 1679 succenses,
1347 1639 1375 1669 si
1390 1638 1515 1668 dubitat
1529 1638 1568 1668 ad
1583 1638 1661 1680 quid

184 1700 215 1726 te
239 1699 354 1732 utatur,
371 1701 403 1725 et
418 1705 481 1736 quo
498 1700 527 1726 te
552 1695 667 1732 mittat,
694 1700 859 1736 postquam
889 1693 1132 1725 Atheniensium
1156 1693 1190 1723 in
1217 1692 1463 1724 administranda
1477 1702 1509 1722 re
1533 1692 1661 1734 publica

184 1749 506 1790 praestantissimorum
532 1749 710 1790 cuicunque
733 1749 818 1779 voles
842 1749 1087 1780 commendaturi
1115 1759 1231 1785 sumus,
1257 1747 1311 1789 qui
1336 1752 1439 1778 tecum
1468 1746 1534 1777 sine
1561 1746 1661 1788 pretio

186 1809 322 1834 versetur
336 1796 356 1833 ι’
368 1809 399 1833 et
414 1803 503 1833 simul
520 1814 620 1844 neque
637 1809 798 1844 argentum
815 1814 934 1844 eroges,
951 1808 983 1834 et
999 1802 1096 1833 multo
1116 1802 1211 1843 magis
1227 1801 1320 1843 vulgo
1337 1801 1509 1840 honoreris,
1526 1810 1621 1841 quam
1636 1801 1662 1832 si

185 1855 253 1887 aliis
269 1857 490 1898 congrediaris.
535 1857 623 1889 Tne.
648 1857 736 1895 Quid
757 1857 864 1899 igitur,
879 1857 1034 1899 Socrates,
1049 1867 1155 1887 nonne
1173 1862 1205 1886 tu
1221 1867 1258 1887 ex
1275 1855 1365 1886 bonis
1378 1854 1450 1885 viris
1464 1854 1518 1885 es?
1564 1854 1598 1885 Si
1613 1865 1662 1886 me

186 1911 371 1952 susceperis,
388 1916 435 1941 sat
447 1912 560 1948 habeo,
577 1922 679 1952 neque
695 1911 790 1942 alium
807 1922 954 1953 quaeram.
998 1911 1054 1944 So.
1080 1911 1166 1948 Quid
1179 1911 1239 1941 hoc
1255 1909 1356 1941 dicis?
1402 1907 1469 1940 DE.
1493 1906 1568 1938 Non
1583 1908 1663 1939 male

186 1964 275 2001 dicit,
292 1976 310 1996 o
326 1965 480 2001 Socrates,
497 1976 598 2007 neque
627 1966 700 1996 mihi
716 1966 882 2008 quicquam
899 1967 960 1997 hoc
979 1965 1153 2006 jucundius
1170 1964 1352 2005 utiliusque,
1372 1967 1406 1992 ut
1431 1961 1571 1999 arbitror,
1594 1972 1662 1993 esse

187 2024 304 2059 posset,
327 2029 419 2060 quam
436 2020 461 2050 si
488 2020 561 2050 huic
578 2025 631 2050 tua
649 2021 844 2051 consuetudo
862 2019 1011 2061 placeret,
1027 2025 1059 2050 et
1076 2025 1108 2050 tu
1125 2029 1196 2050 cum
1212 2029 1250 2049 eo
1266 2017 1379 2048 versari
1395 2015 1489 2046 velles
1505 2027 1512 2045 ε
1537 2020 1569 2064 et
1592 2025 1664 2057 pro-

186 2071 270 2102 secto
285 2072 403 2113 pudore
420 2073 574 2114 impedior
589 2073 706 2109 (licere,
721 2084 814 2115 quam
833 2074 1033 2104 vehementer
1049 2073 1206 2104 affectem.
1253 2071 1365 2112 Itaque
1381 2069 1488 2100 ambos
1505 2079 1559 2100 vos
1575 2079 1663 2110 roga-

188 2130 237 2156 tos
253 2125 357 2166 velim,
374 2132 406 2157 et
422 2132 464 2163 te,
490 2133 523 2157 ut
540 2128 616 2158 velis
638 2128 720 2159 hunc
746 2127 915 2168 suscipere,
941 2133 973 2158 et
989 2132 1031 2167 te,
1057 2137 1097 2157 ne
1124 2126 1219 2156 alium
1244 2135 1338 2166 quam
1357 2124 1516 2154 Socratem
1532 2132 1663 2164 quaeras,

189 2189 301 2220 meque
316 2179 456 2210 maximis
471 2181 564 2220 curis,
582 2186 614 2211 et
630 2180 794 2211 formidine
811 2181 926 2222 plenis,
952 2181 1093 2215 obsecro,
1122 2179 1258 2210 liberetis
1274 2190 1283 2217 ;
1306 2177 1455 2219 quoniam
1470 2186 1553 2207 nunc
1569 2177 1664 2207 vehe-

188 2238 308 2264 menter
332 2232 439 2273 timeo,
456 2245 494 2264 ne
512 2235 562 2266 hic
577 2234 754 2276 cujuspiam
772 2235 897 2266 alterius
922 2234 1182 2266 consuetudinem
1198 2238 1328 2274 quaerat,
1353 2242 1370 2262 a
1385 2241 1448 2272 quo
1463 2230 1578 2261 deinde
1594 2240 1664 2271 per-

187 2286 289 2319 datur.
333 2286 421 2319 ΤΗΕ.
446 2287 496 2319 Ne
512 2288 639 2320 ulterius
655 2289 730 2320 mihi
756 2289 879 2329 timeas,
897 2289 936 2319 mi
954 2294 1052 2330 pater,
1068 2288 1092 2319 si
1121 2287 1192 2318 huic
1221 2285 1406 2327 persuadere
1436 2289 1538 2326 potes,
1565 2289 1599 2315 ut
1615 2294 1663 2315 me

189 2339 351 2381 suscipiat.
397 2341 463 2373 Dn.
490 2342 592 2374 Recte
610 2344 766 2385 loqueris:
792 2350 825 2374 et
839 2344 986 2374 adversus
1004 2348 1046 2380 te,
1062 2352 1080 2372 ο
1109 2341 1264 2377 Socrates,
1288 2339 1388 2370 omnis
1415 2339 1545 2380 posthac
1562 2348 1662 2369 sermo

188 2394 256 2426 erit.
304 2395 372 2436 Ego
389 2396 482 2432 euim,
502 2402 535 2427 ut
551 2397 726 2429 brevissime
742 2398 864 2439 loquar,
882 2408 930 2428 me
955 2396 1045 2426 simul
1063 2406 1099 2426 ac
1117 2406 1184 2426 mea
1200 2394 1305 2425 onmia
1322 2393 1370 2424 vel
1394 2392 1563 2429 carissima,
1581 2401 1660 2433 quo-

187 2458 313 2490 cunque
328 2449 482 2491 indigeas,
498 2451 554 2481 tibi
570 2451 772 2483 libentissime
789 2453 897 2490 trado;
922 2451 946 2482 si
964 2452 1046 2481 hunc
1067 2450 1224 2490 Theagem
1243 2447 1425 2488 susceperiS,
1441 2447 1534 2488 eique
1557 2446 1663 2488 quoad

191 2502 306 2542 poteris
317 2503 394 2534 bene
411 2504 530 2537 feceris.
568 2506 622 2537 So.
640 2505 807 2548 Equidem,
822 2517 840 2536 o
856 2505 1051 2542 Demodoce‚
1064 2503 1201 2534 studium
1220 2503 1278 2534 lroc
1295 2508 1381 2533 tuum
1398 2511 1460 2532 uon
1477 2500 1623 2537 admiror,
1639 2499 1666 2531 si

189 2555 317 2594 quidem
333 2557 500 2595 existimas,
518 2560 648 2591 maxime
662 2571 680 2591 a
697 2570 746 2591 me
762 2560 844 2591 hunc
861 2559 965 2600 juvari
982 2568 1082 2599 posse.
1106 2568 1170 2588 non
1186 2557 1268 2588 enim
1291 2556 1375 2592 novi,
1391 2555 1443 2587 cui
1458 2554 1500 2585 rei
1517 2552 1664 2595 majorem

190 2608 400 2650 diligentiam,
415 2611 556 2653 quisquis
573 2620 708 2644 mentem
725 2615 829 2650 habet,
846 2613 996 2644 adhibere
1011 2613 1136 2647 debeat,
1154 2622 1247 2653 quam
1266 2616 1298 2641 ut
1311 2610 1408 2640 filium
1425 2608 1580 2650 optimum
1595 2607 1665 2638 red-

191 2661 257 2693 dat.
301 2662 363 2694 Sed
394 2666 476 2696 unde
501 2667 557 2697 tibi
575 2668 633 2699 hoc
658 2668 702 2698 ita
730 2668 827 2709 visuro
843 2672 902 2703 est,
919 2678 966 2697 me
990 2666 1138 2697 videlicet
1161 2671 1249 2696 tuum
1273 2665 1371 2695 filium
1398 2662 1556 2694 meliorem
1574 2671 1665 2702 posse

191 2715 290 2747 civem
322 2719 462 2756 reddere,
479 2731 572 2761 quam
599 2727 628 2752 te
646 2722 771 2763 ipsum?
794 2726 889 2762 atque
915 2721 997 2751 unde
1014 2720 1063 2751 hic
1079 2719 1137 2750 sibi
1156 2719 1319 2761 persuasit,
1342 2726 1432 2759 posse
1459 2715 1557 2756 magis
1582 2724 1601 2745 a
1616 2724 1665 2746 me

191 2779 284 2811 quam
300 2772 354 2802 abs
378 2778 408 2803 te
423 2774 462 2804 ad
480 2775 558 2806 hanc
576 2786 637 2807 rem
657 2771 784 2816 juvari?
809 2775 838 2806 id
856 2775 939 2806 enim
957 2775 1156 2806 vehementer
1172 2773 1317 2805 admiror.
1360 2770 1408 2801 Tu
1424 2769 1508 2800 enim
1531 2768 1662 2810 primum

193 2833 242 2855 me
254 2825 357 2856 senior
371 2837 404 2857 es
421 2840 426 2857 z
453 2828 567 2860 deinde
584 2829 688 2860 multis
703 2839 740 2861 ac
755 2829 896 2860 maximis
906 2829 989 2871 apud
1005 2828 1215 2860 Athenienses
1231 2828 1357 2858 functus
1367 2835 1400 2855 es
1415 2822 1643 2864 magistratibus
1658 2834 1663 2851 z

193 2887 295 2920 neque
310 2880 387 2911 alius
413 2883 509 2924 magis
522 2894 614 2924 quam
632 2889 663 2914 tu
680 2894 697 2914 a
715 2883 917 2925 popularibus
934 2883 1138 2925 Anagyrasiis
1155 2892 1190 2913 ac
1207 2880 1332 2922 reliquis
1348 2877 1470 2910 civibus
1485 2876 1665 2907 honoratur.

193 2930 232 2962 In
248 2943 296 2963 me
313 2941 415 2966 autem
433 2937 540 2967 liurum
556 2938 674 2983 aliquid
691 2943 798 2968 neuter
815 2943 947 2970 vestrum
966 2937 1063 2968 videt.
1111 2937 1226 2967 Verum
1243 2935 1267 2966 si
1284 2932 1422 2966 civilium
1441 2931 1570 2962 virorum
1587 2939 1664 2960 con-
