1840 3225
236 194 318 232 432
823 187 1091 229 PLATONIS
1595 194 1688 246 [931

229 296 350 329 dictum
365 294 407 326 nd
417 292 615 325 honorandos
628 298 776 334 parentes
788 293 972 334 prooemium
987 293 1058 328 erit.
1078 293 1167 334 leges
1180 292 1221 324 de
1237 291 1313 324 Diis
1327 293 1464 335 antiquae
1479 295 1564 336 apud
1580 305 1689 327 omnes

231 350 401 392 dupliciter
414 348 523 390 positae
538 352 622 381 sunt.
643 357 757 389 nempe
780 347 859 378 alios
876 347 1017 378 Deorum
1038 352 1214 384 cernentes,
1235 357 1292 378 eos
1319 347 1416 390 ipsos,
1430 358 1510 390 quos
1524 349 1695 386 cernimus,

231 406 381 437 colimus:
408 403 506 445 [931]
530 402 608 433 alios
619 412 693 433 vero
709 412 772 432 non
790 401 932 433 videmus
948 402 1089 444 quidem,
1105 401 1161 433 sed
1177 412 1284 433 eorum
1308 402 1462 444 imagines
1484 401 1693 443 fabricamus3

230 470 361 500 easque,
382 459 457 489 licet
479 457 645 493 inanimes,
671 456 747 487 dum
773 457 970 493 honoramus,
998 456 1087 486 Deos
1112 456 1198 497 ipsos
1214 456 1357 486 viventes
1371 456 1584 487 existimamus
1600 456 1642 487 ob
1656 457 1690 488 id

231 513 364 544 maxime
390 512 482 542 nobis
512 516 615 552 gratos
641 516 673 541 et
697 511 852 552 propitios
880 510 959 541 fore.
981 510 1072 551 cujus
1099 520 1171 551 ergo
1201 515 1292 551 pater
1317 514 1372 540 aut
1393 514 1494 541 mater
1515 510 1565 540 vel
1581 511 1692 541 horum

229 572 378 608 parentes
403 566 492 597 senio
520 565 658 597 confecti
687 564 778 606 quasi
801 565 965 596 thesaurus
978 565 1108 607 quidam
1125 564 1214 596 domi
1230 564 1363 606 jacent:
1387 564 1416 595 is
1428 569 1520 606 putet
1529 574 1690 606 nunquam

227 621 314 652 aliud
329 621 386 651 sibi
402 621 467 651 tale
481 619 684 650 simulacrum
694 619 859 661 magisque
875 619 985 651 efficax
998 619 1102 650 domui
1116 630 1180 650 suae
1192 619 1375 655 affuturum.
1391 619 1415 650 si
1430 624 1527 656 recte,
1540 623 1575 649 ut
1585 618 1691 656 decet,

226 676 266 707 ab
282 686 320 706 eo
336 675 461 707 colitur.
507 674 584 706 cm.
607 674 765 711 Quisnam
787 679 894 705 rectus
923 673 1053 705 colendi
1085 674 1222 704 modus?
1273 673 1412 705 Aruns.
1436 673 1564 704 Dicam.
1591 673 1690 715 digna

227 730 323 766 enim,
350 740 370 761 o
391 729 496 766 amici,
518 730 586 759 haec
611 728 723 759 auditu
746 734 829 760 sunt.
876 727 952 759 CL1.
974 727 1046 770 Age
1072 728 1180 769 igitur,
1196 728 1258 759 dic.
1303 726 1442 758 Arum.
1464 727 1599 768 OEdipus
1614 737 1692 758 con-

227 789 367 826 temptus
379 794 399 815 a
413 784 487 814 filiis
502 793 540 814 ea
555 782 619 813 illis
629 783 821 823 imprecatus
834 787 895 819 est,
911 792 982 823 quae
997 782 1145 813 exaudita
1158 782 1335 823 effectaque
1350 792 1370 812 a
1397 781 1468 812 Diis
1483 780 1570 823 apud
1582 791 1693 813 omnes

222 838 380 869 feruntur.
424 838 600 880 Amyntora
629 846 757 878 quoque
786 836 949 867 Phoenicio
974 836 1039 867 filio
1068 837 1183 867 iratum
1212 837 1259 867 illi
1284 835 1480 866 maledixisse
1505 835 1612 866 ferunt
1626 847 1634 866 :
1658 840 1693 867 et

223 891 400 934 Hippolyto
411 891 547 927 Thesea,
561 890 775 931 plurimosque
785 890 864 920 alios
877 890 958 920 aliis.
980 890 1092 931 quibus
1108 890 1342 932 apertissimum
1359 889 1479 920 factum
1494 897 1552 926 est,
1573 899 1592 920 a
1616 889 1692 921 Diis

222 955 335 987 preces
359 949 523 986 parentum
546 944 696 975 adversus
719 944 801 974 filios
829 944 981 975 exaudiri.
1002 944 1083 975 nihil
1103 944 1187 975 enim
1211 943 1438 985 imprecatione
1461 943 1602 984 parentis
1625 953 1692 975 non

220 998 336 1039 injuria
352 998 560 1040 perniciosius
572 998 650 1029 filio.
673 1008 766 1028 nemo
781 1008 868 1034 vero,
890 1009 963 1029 cum
977 1005 1068 1040 pater
1080 1003 1136 1029 aut
1150 1003 1250 1029 mater
1265 998 1304 1029 ab
1319 1007 1358 1029 eo
1372 997 1597 1034 contemnitur,
1613 1003 1688 1029 tunc

222 1052 319 1083 solum
342 1062 361 1083 a
382 1052 454 1084 Deo
477 1057 570 1093 putet
594 1052 758 1082 orati0nes
775 1061 882 1082 eorum
897 1052 1070 1083 secundum
1085 1058 1230 1083 naturam
1241 1052 1403 1083 exaudiri:
1428 1051 1485 1083 sed
1506 1061 1577 1083 cum
1593 1051 1691 1082 etiam

220 1106 401 1143 honoratur,
425 1116 462 1137 ac
485 1105 558 1137 ideo
582 1116 654 1136 cum
676 1105 809 1137 laetiores
823 1106 908 1137 bona
926 1107 1034 1137 liberis
1049 1117 1068 1137 a
1089 1107 1163 1137 Diis
1177 1111 1303 1148 petunt,
1319 1106 1458 1137 exaudiri
1471 1116 1527 1137 eos
1542 1106 1689 1137 similiter

219 1160 397 1191 existimare
416 1160 578 1197 debemus,
601 1164 698 1201 atque
727 1160 799 1191 ideo
826 1160 916 1191 nobis
943 1171 1034 1202 aequa
1054 1161 1130 1192 inde
1154 1160 1310 1192 distribui.
1331 1170 1406 1191 nam
1436 1160 1529 1191 aliter
1552 1161 1584 1191 in
1600 1160 1691 1191 bonis

219 1214 443 1245 distribuendis
455 1214 533 1256 justi
547 1224 610 1244 non
622 1219 728 1244 essent
741 1224 749 1243 ε
774 1215 860 1255 quod
874 1215 967 1256 longe
984 1225 1003 1245 a
1017 1215 1091 1246 Diis
1106 1215 1216 1246 abesse
1232 1225 1361 1246 necesse
1381 1219 1441 1245 est.
1483 1214 1561 1245 Cu.
1583 1213 1691 1245 Certe.

221 1268 360 1300 ATHEN.
384 1269 586 1310 Quapropter
598 1268 840 1299 existimandum
854 1274 913 1306 est,
927 1274 962 1299 ut
975 1269 1070 1311 paulo
1085 1275 1158 1300 ante
1176 1269 1323 1305 diximus,
1345 1268 1466 1298 nullum
1491 1267 1578 1308 apud
1602 1267 1693 1299 Deos

218 1323 317 1364 magis
346 1322 566 1354 honorandum
592 1322 792 1353 simulacrum
818 1323 932 1353 habere
962 1333 1021 1353 nos
1046 1333 1153 1364 posse,
1182 1332 1275 1364 quam
1305 1326 1411 1362 patres
1435 1325 1468 1351 et
1497 1330 1572 1352 avos
1601 1321 1689 1353 senio

218 1376 389 1412 confectos,
417 1380 597 1416 matresque
626 1374 781 1405 similiter.
808 1375 921 1416 quibus
950 1376 1113 1406 honoratis
1151 1376 1243 1406 Deus
1282 1374 1399 1416 gaudet
1416 1385 1423 1403 :
1463 1374 1602 1416 alioquin
1632 1384 1688 1406 eos

217 1429 346 1460 minime
373 1428 548 1461 exaudiret.
571 1428 746 1459 mirabilius
767 1428 853 1460 enim
877 1434 1042 1470 parentum
1067 1429 1268 1459 simulacrum
1293 1429 1397 1465 nobis,
1417 1437 1510 1469 quam
1533 1428 1691 1460 inanimes

218 1493 350 1525 quaeque
365 1483 531 1524 imagines,
547 1482 650 1513 videri
665 1482 771 1514 debet.
793 1492 865 1513 nam
882 1493 952 1523 quae
964 1482 1101 1513 animam
1115 1482 1244 1518 habent,
1259 1482 1385 1523 quando
1397 1482 1542 1513 coluntur
1553 1483 1686 1520 anobis,

218 1547 276 1578 pro
301 1536 392 1567 nobis
403 1542 494 1567 orant
506 1536 678 1578 faventque
694 1535 838 1578 quotidie
851 1547 859 1565 ε
878 1536 1004 1576 quando
1017 1535 1247 1577 despiciuntur,
1263 1541 1383 1567 contra.
1406 1546 1476 1577 quae
1490 1545 1566 1567 vero
1581 1536 1688 1567 anima

217 1596 338 1627 carent,
360 1595 508 1621 neutrum
530 1591 641 1620 horum
662 1590 794 1620 faciunt.
817 1590 975 1631 quocirca,
1001 1590 1056 1632 qui
1079 1599 1154 1631 erga
1179 1595 1328 1632 parentes
1347 1595 1381 1620 et
1403 1600 1477 1620 avos
1503 1594 1688 1632 ceterosque

217 1644 402 1686 hujusmodi
413 1648 499 1675 recte
511 1653 545 1674 se
558 1643 650 1684 gerit,
662 1643 691 1674 is
707 1643 747 1674 ad
763 1643 852 1674 Deos
862 1643 920 1675 sibi
934 1644 1151 1676 conciliandos
1162 1644 1400 1676 simulacrorum
1414 1643 1556 1675 omnium
1567 1644 1687 1685 optima

216 1698 370 1740 possidet.
414 1697 492 1729 Cm.
514 1697 671 1729 Praeclare
695 1696 813 1729 dixisti.
865 1698 1004 1729 Arnim.
1037 1698 1157 1730 Omnes
1185 1698 1285 1740 igitur
1312 1708 1378 1730 non
1405 1697 1511 1729 insani
1537 1703 1688 1730 verentur

216 1753 389 1794 coluntque
417 1756 585 1794 parentum
609 1751 779 1789 orationes,
804 1762 870 1783 non
883 1752 1066 1794 ignorantes
1081 1753 1190 1784 multis
1203 1763 1287 1795 saepe
1303 1752 1457 1794 profuisse
1472 1751 1686 1794 obfuisseque.

217 1806 318 1848 [932]
343 1817 412 1846 cum
426 1806 494 1837 haec
507 1806 554 1837 ita
567 1811 681 1836 natura
694 1805 866 1837 constituta
882 1806 955 1843 sint,
968 1806 1076 1848 probis
1089 1806 1218 1848 quidem
1233 1806 1308 1838 viris
1320 1806 1459 1838 seniores
1469 1811 1617 1848 parentes
1627 1815 1686 1848 pro

217 1870 335 1902 magno
360 1865 485 1902 quaestu
514 1859 679 1897 habentur,
710 1859 738 1890 si
765 1860 805 1891 ad
833 1860 957 1892 senium
987 1871 1086 1903 usque
1114 1861 1335 1903 pervenerint:
1373 1861 1422 1892 sin
1447 1870 1521 1892 vero
1544 1860 1688 1902 juniores

217 1914 423 1951 decesserint,
448 1914 541 1946 valde
563 1914 791 1947 desiderantur.
814 1915 964 1957 improbis
988 1921 1094 1947 autem
1108 1921 1215 1947 contra
1233 1915 1324 1947 valde
1338 1914 1488 1946 terribiles
1503 1922 1586 1945 sunt.
1607 1923 1686 1956 qua-

216 1974 343 2011 propter
358 1969 500 2010 quilibet,
514 1968 688 2000 rationibus
703 1969 752 2000 his
766 1969 924 2006 inductus,
939 1975 1087 2012 parentes
1103 1980 1177 2001 suos
1192 1969 1368 2001 secundum
1383 1969 1486 2011 legem
1495 1969 1640 2000 honoret.
1656 1968 1685 2000 si

217 2022 287 2063 quis
303 2032 375 2053 vero
391 2022 503 2053 surdus
518 2023 558 2053 ad
573 2023 640 2053 haec
656 2022 783 2054 exordia
797 2024 849 2060 sit,
864 2024 946 2056 hanc
960 2024 1063 2065 legem
1077 2031 1163 2056 recte
1176 2029 1326 2055 statutam
1341 2023 1448 2054 audiat
1461 2034 1468 2053 :
1515 2022 1550 2054 Si
1564 2022 1634 2064 quis
1646 2022 1683 2054 in

216 2076 276 2107 hac
289 2076 417 2107 civitate
432 2076 545 2113 minus,
561 2086 653 2117 quam
669 2076 772 2113 decet,
789 2082 939 2118 parentes
954 2079 1050 2119 colat,
1069 2089 1128 2110 nec
1151 2078 1248 2120 magis
1265 2088 1319 2109 eos
1332 2087 1428 2119 quam
1442 2076 1524 2108 filios
1537 2081 1687 2118 nepotes·

217 2139 281 2171 que
308 2134 342 2160 et
364 2139 396 2160 se
420 2129 525 2171 ipsum
545 2129 668 2170 diligat,
685 2139 750 2171 prae
771 2130 885 2161 ceteris
898 2141 1008 2163 eorum
1024 2132 1179 2163 voluntati
1197 2133 1231 2164 in
1245 2132 1390 2163 omnibus
1405 2131 1603 2172 obsequens:
1627 2129 1684 2172 qui

215 2183 263 2215 ita
289 2183 476 2225 negligitur,
506 2193 563 2224 per
591 2193 625 2213 se
654 2184 706 2214 vel
735 2193 793 2225 per
815 2184 923 2221 alium,
947 2185 987 2215 ad
1011 2189 1074 2217 tres
1093 2186 1132 2216 de
1148 2186 1253 2228 legum
1267 2185 1449 2217 custodibus
1463 2183 1603 2215 seniores
1616 2193 1682 2216 rem

217 2237 351 2278 deferat,
376 2242 409 2268 et
429 2236 470 2268 ad
483 2243 548 2268 tres
562 2237 706 2268 similiter
719 2237 759 2268 de
775 2238 999 2270 connubiorum
1013 2240 1265 2280 procuratoribus
1283 2250 1290 2269 :
1315 2239 1369 2280 qui
1391 2249 1423 2270 re
1446 2237 1636 2280 investigatu
1648 2238 1683 2270 in

217 2300 285 2328 eOS,
299 2291 353 2333 qui
367 2291 510 2334 injuriam
525 2291 709 2328 intulerunt,
726 2292 986 2324 animadvertant.
1008 2292 1041 2324 in
1053 2294 1137 2325 viros
1153 2294 1292 2336 quidem,
1312 2293 1338 2324 si
1352 2292 1547 2335 trigesimum
1562 2302 1680 2324 annum

217 2354 282 2376 non
311 2346 513 2382 excesserint,
536 2350 569 2376 et
591 2346 625 2376 in
648 2346 806 2383 mulieres,
822 2347 847 2377 si
863 2347 1145 2389 quadragesimum,
1161 2348 1296 2380 vinculis
1320 2354 1415 2389 atque
1440 2347 1634 2378 verberibus.
1656 2346 1684 2378 si

219 2404 325 2430 autem
348 2399 562 2441 provectiores
583 2405 687 2437 aetate,
703 2410 795 2441 quam
811 2401 957 2438 diximus,
973 2402 1047 2439 sint,
1060 2412 1164 2443 neque
1180 2401 1326 2433 desinant
1340 2406 1487 2444 parentes
1508 2401 1681 2443 negligere,

220 2453 318 2484 immo
341 2464 395 2484 eos
416 2453 513 2484 etiam
525 2454 674 2495 affligant,
689 2454 729 2485 ad
747 2454 901 2497 judicium
917 2456 962 2488 ire
973 2457 1214 2498 compellantur.
1231 2456 1378 2498 judicent
1392 2460 1500 2487 autem
1514 2455 1611 2492 cives,
1626 2455 1681 2496 qui

219 2512 315 2538 aetate
331 2513 451 2539 ceteros
461 2518 568 2539 omnes
578 2508 713 2540 maxime
724 2509 915 2541 antecedunt
928 2522 934 2540 :
958 2516 991 2542 et
1004 2510 1229 2542 condemnatus
1245 2510 1346 2541 solvat
1358 2509 1546 2551 patiaturve,
1561 2508 1646 2549 quod
1661 2518 1681 2540 a

217 2561 343 2602 judicio
367 2566 534 2600 statuetur,
558 2562 604 2593 ita
629 2568 665 2594 ut
685 2563 764 2594 nihil
786 2565 1054 2605 praetermittatur,
1077 2565 1162 2606 quod
1182 2564 1256 2595 dare
1271 2564 1430 2594 hominum
1444 2563 1555 2604 aliquis
1568 2562 1678 2604 pative

219 2615 332 2656 «possit.
354 2616 379 2645 si
403 2615 473 2656 quis
488 2626 572 2652 vero,
589 2627 660 2647 cum
676 2618 807 2649 afflictus
824 2618 873 2654 sit,
890 2617 1012 2649 deferre
1026 2629 1089 2650 non
1105 2624 1222 2661 potest,
1237 2618 1416 2659 quicunque
1431 2617 1509 2648 liber
1530 2616 1682 2653 audierit,

222 2668 456 2709 magistratibus
481 2670 607 2701 nuntiet
624 2682 631 2700 z
657 2677 710 2702 aut
732 2672 890 2714 improbus
916 2673 1067 2703 habemur
1088 2679 1121 2704 et
1145 2683 1163 2703 a
1177 2673 1303 2703 volente
1318 2670 1457 2712 quolibet
1471 2669 1579 2701 damni
1594 2669 1680 2701 illati

223 2727 395 2753 accusetur.
418 2723 442 2753 si
457 2729 560 2754 autem
574 2734 680 2755 servus
695 2725 853 2764 detulerit,
870 2725 946 2757 liber
961 2732 1039 2758 esto.
1061 2725 1146 2768 quod
1160 2726 1185 2757 si
1201 2725 1368 2767 affligentis
1384 2725 1432 2755 vel
1448 2724 1554 2755 afflicti
1568 2734 1680 2756 servus

220 2776 273 2812 sit,
305 2776 337 2806 in
366 2775 539 2807 libertatem
566 2787 583 2807 a
609 2779 836 2820 magistratibus
860 2780 1068 2812 vendicetur:
1093 2780 1142 2811 sin
1166 2785 1273 2811 autem
1300 2777 1436 2819 alicujus
1456 2777 1585 2809 alterius
1598 2777 1679 2809 civis

221 2839 330 2860 servus
344 2829 450 2866 fuerit,
466 2831 598 2871 pretium
621 2832 748 2863 domino
773 2834 897 2874 publice
913 2833 1113 2875 persolvatur.
1136 2845 1220 2866 curae
1234 2843 1307 2865 vero
1321 2831 1552 2874 magistratibus
1567 2832 1619 2868 sit,
1633 2841 1676 2863 ne

223 2884 293 2924 quis
315 2884 357 2921 ei,
379 2884 432 2925 qui
446 2884 604 2922 detulerit,
620 2892 742 2919 noceat.
765 2897 834 2928 quae
850 2897 971 2918 veneno
987 2887 1054 2919 aliis
1070 2888 1108 2918 ab
1124 2888 1187 2920 alio
1203 2887 1293 2925 fiunt,
1309 2886 1415 2919 letalia
1429 2885 1558 2928 quidem
1572 2886 1674 2918 divisa
