1840 3225
161 241 259 290 952]
608 241 678 279 DE
726 238 954 277 LEGIBUS
996 240 1093 280 LlB.
1137 242 1228 280 XII.
1553 247 1625 282 441

153 345 367 387 quadraginta
391 355 483 377 natus
497 351 555 382 est,
586 345 674 376 nullo
704 344 798 375 modo
827 345 1019 385 peregrinari
1046 345 1157 377 liceat:
1197 346 1320 386 privato
1350 355 1475 387 quoque
1506 347 1627 380 nemini

155 398 260 430 liceat.
283 400 406 441 publice
423 406 528 431 autem
541 399 748 440 praeconibus,
762 399 873 439 legatis
887 404 981 440 atque
993 399 1241 440 exploratoribus
1253 400 1359 430 liceat.
1383 399 1536 441 profectio
1546 410 1623 431 vero

153 460 241 485 extra
266 455 428 496 regionem
455 455 495 484 ad
522 454 693 495 gerendum
724 452 840 483 bellum
872 452 974 484 civilis
1003 453 1215 494 peregrinatio
1245 453 1385 495 putanda
1411 464 1473 484 non
1499 458 1559 485 est.
1583 455 1624 485 ad

154 508 307 550 Pythium
333 519 408 539 vero
434 509 626 549 Apollinem,
655 508 694 538 ad
722 508 836 539 Jovem
864 507 1078 548 Olympicum,
1106 507 1260 538 Nemeam
1286 508 1380 538 etiarn
1405 514 1437 538 et
1465 508 1621 539 Isthmum

153 563 302 593 mittendi
317 569 390 593 sunt
405 562 512 603 aliqui,
529 572 584 602 per
596 572 673 602 quos
688 561 839 592 sacrificia
854 562 1005 602 ludosque
1025 561 1071 591 his
1087 561 1158 592 Diis
1168 561 1280 592 civitas
1292 568 1397 593 nostra
1411 563 1621 593 communiter

153 616 305 647 conferat.
327 617 488 647 mittantur
514 622 620 646 autem
645 627 699 656 pro
722 616 839 645 viribus
863 615 1000 655 plurimi,
1018 615 1229 656 pulcherrimi,
1255 616 1380 657 optimi.
1405 617 1458 657 qui
1474 616 1506 646 in
1523 617 1623 648 sacris

152 670 442 711 pertinentibusque
459 670 499 700 ad
511 679 623 711 pacem
638 669 911 700 communionibus
927 670 1050 701 civitati
1065 680 1129 700 suae
1144 670 1290 700 honorem
1307 676 1340 701 et
1355 671 1485 711 gloriam
1496 671 1620 702 bellicae

152 725 260 765 gloriae
275 723 521 765 respondentem
536 730 727 765 comparent.
751 723 847 766 [951]
874 735 1008 765 cumque
1031 723 1191 760 redierint,
1204 725 1341 766 juniores
1359 724 1494 754 doceant
1510 724 1620 756 civiles

149 778 284 809 aliorum
292 778 509 809 institutiones
525 779 589 808 suis
606 779 704 808 multo
721 779 904 819 posteriores
920 789 1001 809 esse.
1025 783 1216 819 spectatores
1231 789 1354 820 quoque
1368 779 1456 815 alios,
1473 779 1536 820 qui,
1555 779 1620 810 otio

150 832 357 868 abundantes,
371 832 502 863 aliorum
515 843 566 863 res
580 832 741 863 hominum
753 832 953 863 considerare
966 833 1106 873 cupiunt,
1120 843 1158 863 ex
1174 833 1279 874 legum
1293 832 1461 864 custodum
1475 833 1620 864 instituto

148 885 199 916 lex
213 887 303 916 nulla
317 886 490 927 prohibeat.
511 897 586 918 nam
610 887 730 923 civitas,
747 887 894 918 bonorum
911 888 1101 918 malorumve
1118 888 1276 918 hominum
1294 888 1413 929 ignara,
1430 892 1463 918 et
1479 893 1616 918 externae

147 941 387 971 consuetudinis
401 951 522 983 expers,
539 951 700 982 nunquam
714 941 790 972 satis
806 942 940 972 bumana
955 947 1048 982 atque
1066 942 1207 982 peffecta
1221 952 1290 973 esse
1307 947 1429 983 potest3
1452 952 1512 972 nec
1527 942 1617 983 leges

145 1004 270 1026 servare
295 995 430 1026 moribus
457 1001 490 1025 et
514 995 742 1026 consuetudine
767 995 878 1032 solum,
904 995 965 1026 nisi
985 996 1081 1026 etiam
1100 996 1214 1027 notitia
1228 996 1334 1037 legum
1349 996 1533 1038 prudentior
1550 996 1617 1027 fiat.

146 1049 300 1080 exsistunt
328 1050 377 1080 vel
403 1050 435 1080 in
458 1051 552 1091 vulgo
577 1055 610 1080 et
635 1049 836 1080 multitudine
865 1050 1005 1080 homines
1035 1050 1164 1091 quidam
1199 1050 1310 1087 divini,
1343 1051 1484 1091 quamvis
1508 1050 1615 1091 pauci,

145 1108 284 1134 attamen
300 1103 390 1145 digni
413 1104 595 1145 quibuscum
621 1104 880 1135 consuetudinem
896 1104 1021 1135 habeas.
1043 1104 1076 1135 hi
1092 1115 1155 1136 non
1170 1105 1269 1145 magis
1281 1105 1314 1135 in
1329 1105 1411 1136 bene
1436 1104 1616 1146 gubernatis

143 1157 323 1188 civitatibus
350 1168 445 1200 quam
470 1158 503 1188 in
529 1158 598 1189 aliis
616 1159 776 1191 oriuntur.
801 1159 978 1200 quicunque
1002 1157 1096 1199 igitur
1119 1159 1151 1189 in
1175 1159 1304 1190 civitate
1327 1164 1413 1189 recte
1441 1159 1615 1200 gubernata
1664 1198 1666 1201 v

142 1211 342 1254 incorruptus
363 1212 433 1249 erit,
459 1213 567 1243 horum
592 1213 735 1254 vestigia,
766 1223 784 1244 a
812 1214 915 1254 patria
940 1213 1110 1254 profectus,
1127 1218 1212 1244 terra
1237 1213 1375 1254 marique
1399 1218 1557 1254 sequetur,
1578 1218 1616 1244 ut

142 1267 274 1297 tandem
298 1277 442 1298 reversus
464 1268 568 1308 legum
592 1267 700 1308 patriae
721 1268 799 1298 alias
825 1267 947 1309 probet,
976 1267 1063 1304 alias,
1078 1267 1105 1297 si
1120 1278 1180 1308 qua
1197 1267 1229 1298 in
1242 1277 1276 1298 re
1289 1266 1454 1303 deficiunt,
1470 1269 1616 1309 corrigat.

144 1320 263 1362 quippe
278 1322 344 1352 sine
360 1322 419 1352 hae
428 1321 626 1363 inspectione
637 1321 943 1363 investigationeque
959 1332 1119 1363 nunquam
1135 1321 1253 1362 optime
1270 1321 1381 1352 civitas
1394 1321 1611 1362 permanebit:

143 1385 249 1416 neque
266 1376 372 1412 etiam,
389 1377 416 1406 si
431 1376 512 1406 male
528 1376 745 1417 investigetur.
792 1376 868 1407 Cr,1‚
893 1376 1060 1413 Quomodo
1082 1377 1150 1406 haec
1175 1381 1305 1417 utraque
1321 1375 1399 1406 fient
1415 1376 1426 1406 ?
1472 1375 1616 1407 Arnim.

143 1428 216 1460 Hoc
232 1434 315 1460 certe
330 1435 435 1471 pacto.
458 1430 558 1471 primo
573 1435 730 1471 spectator
745 1429 921 1472 hujusmodi
934 1440 1032 1461 annos
1047 1430 1154 1471 plures
1168 1440 1264 1471 quam
1279 1430 1507 1471 quinquaginta
1517 1434 1613 1460 natus

140 1484 183 1514 sit
197 1495 204 1513 :
231 1483 347 1515 deinde
369 1495 440 1515 curn
455 1486 488 1515 in
505 1485 629 1521 ceteris,
651 1491 718 1515 tum
733 1486 866 1515 maxime
887 1486 921 1515 in
946 1485 1041 1521 bello,
1058 1485 1217 1526 probatus,
1234 1485 1259 1515 si
1275 1485 1369 1515 modo
1384 1485 1489 1526 legum
1505 1490 1610 1516 custo-

142 1537 219 1569 dum
235 1539 412 1580 exemplum
435 1539 469 1570 in
481 1539 552 1570 aliis
567 1540 748 1570 civitatibus
763 1539 804 1570 sit
817 1539 996 1570 relicturus.
1017 1539 1045 1569 is
1069 1540 1151 1570 ultra
1166 1539 1394 1581 sexagesimum
1415 1549 1529 1570 annum
1546 1549 1612 1570 non

140 1593 274 1634 amplius
299 1599 447 1635 vagetur:
473 1595 529 1624 sed
553 1594 630 1625 citra
657 1593 812 1625 decimum
838 1604 965 1630 annum,
993 1593 1120 1634 quando
1141 1594 1288 1630 voluerit,
1311 1593 1440 1623 domum
1455 1603 1611 1629 reversus,

141 1657 250 1677 eorum
264 1647 352 1678 ineat
365 1653 491 1684 coetum,
510 1648 565 1689 qui
586 1648 673 1689 leges
688 1648 879 1680 examinant.
904 1647 954 1679 hic
971 1654 1069 1678 coetus
1090 1659 1107 1678 e
1125 1648 1303 1689 junioribus
1319 1653 1414 1688 atque
1429 1647 1608 1678 senioribus

142 1706 278 1738 constet,
294 1702 497 1744 quotidieque
519 1713 621 1738 mane,
638 1704 738 1734 donec
755 1704 803 1734 sol
819 1703 946 1738 oriatur,
964 1702 1149 1733 conveniat:
1174 1702 1310 1743 primum
1325 1702 1365 1732 de
1381 1701 1612 1742 sacerdotibus,

142 1756 196 1797 qui
211 1762 361 1798 tanquam
381 1756 494 1787 ceteris
508 1757 746 1787 excellentiores
759 1756 940 1786 muneribus
956 1756 1061 1786 affecti
1073 1762 1163 1795 sunt;
1188 1755 1304 1787 deinde
1321 1757 1433 1786 decem
1445 1756 1484 1786 de
1500 1757 1606 1796 legum

140 1811 321 1841 custodibus
344 1811 502 1849 seniores3
526 1815 686 1852 postremo
709 1809 887 1851 disciplinae
913 1810 1064 1841 universae
1086 1820 1207 1846 censor,
1223 1810 1280 1850 qui
1294 1810 1509 1851 magistratum
1524 1811 1608 1843 hunc

139 1864 233 1905 gerit,
250 1869 283 1895 et
293 1864 344 1906 qui
363 1864 427 1907 jam
445 1869 628 1905 exegerunt.
650 1874 709 1895 nec
722 1863 806 1894 ullus
823 1864 948 1894 istorum
964 1863 1061 1904 solus,
1075 1864 1132 1894 sed
1146 1874 1216 1894 cum
1236 1864 1361 1906 juniore
1379 1864 1495 1905 aliqun,
1513 1876 1608 1907 quem

140 1917 307 1960 delegerit,
323 1929 343 1949 a
356 1917 516 1959 trigesimo
532 1919 570 1948 ad
587 1918 863 1959 quadragesimum
878 1928 995 1948 annum
1011 1922 1097 1949 nato.
1122 1918 1155 1948 hi
1178 1918 1217 1948 de
1243 1918 1364 1959 legibus
1379 1929 1504 1959 semper
1518 1925 1551 1949 et
1566 1920 1608 1951 de

140 1972 306 2014 republica
320 1972 485 2008 disserant,
501 1972 726 2013 conferantque
742 1972 888 2008 invicem,
901 1972 928 2003 si
944 1971 1021 2013 quid
1036 1971 1076 2002 de
1087 1972 1134 2003 his
1148 1972 1306 2004 excellens
1318 1973 1483 2004 audierint.
1507 1973 1607 2016 [952]

140 2026 180 2057 de
197 2026 374 2067 disciplinis
390 2027 487 2056 etiam
499 2027 537 2056 ad
553 2026 585 2056 id
601 2026 853 2057 conducentibus
869 2026 1099 2067 colloquantur,
1116 2037 1192 2068 quas
1207 2026 1263 2068 qui
1276 2027 1392 2063 sciunt,
1408 2026 1541 2064 facilius,
1553 2029 1609 2069 qui

137 2080 296 2116 nesciunt,
321 2080 481 2111 difficilius
503 2079 607 2122 legum
644 2080 850 2111 intentionem
866 2080 1056 2111 intellecturi
1071 2087 1153 2112 sunt.
1176 2091 1246 2122 quae
1260 2091 1335 2112 vero
1352 2091 1389 2112 ex
1404 2081 1454 2112 his
1469 2082 1608 2113 seniores

138 2134 349 2176 probaverint,
366 2145 478 2176 magno
495 2135 597 2165 studio
609 2134 753 2176 juniores
767 2135 961 2177 perdiscant.
985 2136 1068 2177 quod
1085 2135 1112 2166 si
1127 2135 1198 2177 quis
1203 2135 1309 2178 junior
1318 2136 1474 2167 adductus
1501 2136 1608 2178 indig-

141 2200 201 2220 nus
221 2188 387 2226 videbitur,
413 2194 499 2220 totus
522 2194 620 2220 coetus
640 2189 669 2220 ei
693 2189 868 2231 exprobret,
884 2189 937 2231 qui
954 2189 1096 2220 adduxit.
1114 2189 1250 2230 juvenes
1264 2195 1382 2227 autem,
1397 2190 1451 2232 qui
1466 2190 1545 2221 sein
1560 2192 1608 2222 his

136 2249 221 2275 recte
233 2247 406 2285 gesserunt,
421 2248 489 2273 tota
504 2243 614 2274 civitas
628 2245 759 2275 honoret
774 2249 868 2286 atque
897 2244 1049 2275 observet.
1073 2244 1127 2275 sed
1145 2244 1171 2275 si
1185 2243 1311 2285 pejores
1326 2244 1395 2275 aliis
1410 2255 1443 2275 se
1456 2244 1608 2282 reddunt,

139 2297 250 2339 majori
272 2309 366 2339 quam
390 2298 444 2329 alii
467 2299 622 2329 dedecore
637 2299 819 2330 afficiantur.
842 2299 883 2330 ad
897 2300 979 2331 hunc
1000 2305 1125 2335 coetum,
1142 2298 1196 2339 qui
1209 2299 1340 2329 aliorum
1355 2299 1440 2340 leges
1456 2304 1490 2329 et
1504 2309 1607 2330 mores

140 2351 291 2393 inspexit,
316 2352 401 2383 illico
428 2352 598 2393 profectus,
615 2353 643 2384 si
658 2353 736 2395 quid
755 2354 795 2385 de
809 2354 947 2385 serendis
962 2354 1082 2395 legibus
1097 2358 1152 2384 aut
1166 2353 1334 2394 disciplina
1349 2358 1403 2383 aut
1417 2354 1608 2385 educatione

112 2446 115 2447 ⁷
139 2405 225 2447 apud
250 2405 328 2436 alios
352 2406 480 2446 reperit,
504 2413 664 2448 exponat:
689 2409 715 2439 si
737 2408 813 2450 quid
836 2409 932 2439 etiam
945 2409 1014 2451 ipse
1029 2408 1164 2444 invenit.
1181 2407 1275 2438 eoetui
1289 2408 1436 2438 universo
1452 2409 1606 2441 declaret.

139 2459 193 2501 qui
210 2459 237 2490 si
251 2470 310 2490 nec
326 2458 415 2500 pejor
428 2470 487 2491 nec
502 2461 613 2492 melior
626 2463 791 2494 revertisse
806 2463 972 2501 videbitur,
986 2462 1142 2498 laudetur,
1168 2461 1252 2503 quia,
1271 2462 1357 2503 quod
1374 2462 1486 2503 potuit,
1503 2462 1605 2493 liben-

136 2518 185 2544 ter
211 2513 329 2544 effecit.
351 2513 398 2544 sin
423 2514 520 2545 multo
543 2515 665 2552 melior,
691 2522 724 2547 et
745 2517 834 2548 vivus
861 2519 982 2559 magnis
1007 2517 1161 2548 afficiatur
1189 2516 1362 2547 honoribus
1376 2522 1407 2547 et
1420 2516 1606 2548 defunctum

138 2573 238 2599 coetus
259 2568 360 2598 omnis
383 2568 522 2599 decoret.
544 2574 577 2599 at
603 2569 627 2599 si
652 2576 817 2612 corruptus
831 2572 952 2603 redisse
966 2571 1134 2607 videbitur,
1152 2581 1222 2602 cum
1237 2571 1368 2612 sapiens
1380 2581 1449 2602 esse
1465 2571 1604 2607 simulet,

138 2632 212 2652 curn
238 2622 365 2652 nemine
380 2621 508 2664 juniore
534 2624 586 2654 vel
614 2624 734 2656 seniore
759 2626 874 2657 audeat
896 2637 930 2658 se
955 2627 1098 2658 miscere.
1120 2626 1184 2662 hic,
1211 2625 1238 2656 si
1260 2625 1491 2667 magistratibus
1504 2631 1607 2668 paret,

136 2676 277 2717 privatus
293 2676 378 2706 vivat
393 2687 399 2706 :
425 2677 472 2707 sin
488 2682 592 2708 autem
607 2684 716 2710 contra
727 2680 964 2721 magistratuum
978 2681 1172 2711 voluntatem
1187 2679 1226 2710 de
1239 2680 1406 2721 disciplina
1420 2680 1606 2722 legibusque

136 2730 284 2761 civilibus
300 2730 464 2773 disputare
482 2731 710 2763 condemnatus
726 2733 758 2764 in
773 2733 894 2775 judicio
909 2735 1016 2771 fuerit,
1033 2735 1189 2765 moriatur.
1211 2740 1244 2765 et
1259 2734 1295 2770 si,
1312 2745 1380 2765 curn
1393 2735 1426 2765 in
1446 2734 1607 2776 judicium

136 2783 252 2815 deduci
276 2784 347 2825 jure
369 2785 524 2822 debuerit,
556 2797 575 2816 a
600 2786 690 2817 nullo
713 2789 951 2830 magistratuum
975 2789 1016 2819 sit
1039 2788 1203 2823 adductus,
1229 2789 1356 2829 quando
1371 2789 1411 2819 de
1427 2789 1606 2819 muneribus

135 2842 246 2878 postea
260 2839 452 2877 decernitur,
467 2840 633 2882 opprobrio
648 2842 714 2872 haec
729 2852 776 2873 res
793 2842 1027 2885 magistratibus
1046 2844 1096 2873 sit.
1120 2849 1213 2884 atque
1229 2842 1291 2873 alio
1304 2843 1431 2883 quidem
1449 2842 1608 2882 profectu-

137 2900 189 2921 rus
204 2891 386 2932 hujusmodi
399 2904 470 2925 esse
482 2900 515 2925 et
527 2895 571 2925 ita
585 2896 782 2937 peregrinari
793 2896 900 2928 debet.
909 2897 967 2928 sed
979 2902 1012 2928 et
1025 2897 1154 2928 advenae
1165 2897 1301 2938 benigne
1314 2895 1507 2938 suscipiendi
1523 2900 1609 2926 sunt.

139 2950 391 3033 quatuorijutem
404 2950 641 2992 peregrinorum
652 2961 768 2992 genera
782 2957 867 2989 sunt,
884 2952 924 2984 de
948 2952 1062 2996 quibus
1082 2949 1228 2986 facienda
1248 2952 1368 2984 mentio
1391 2956 1449 2983 est.
1474 2950 1606 2991 primum

228 3000 260 3032 P
296 3003 321 3034 t.
341 3001 398 3033 Tr.
888 3007 937 3039 II.
1455 3008 1474 3037 3
1493 3004 1524 3035 K
