1840 3225
245 267 320 307 134
847 266 1114 306 PLATONIS
1240 272 1245 275 ·
1610 269 1708 320 [423

243 372 330 404 tione
345 371 582 404 illiberalitatem
600 375 631 402 et
645 370 796 402 maleficia
812 371 924 412 gignit.
968 370 1053 402 Am.
1076 371 1128 402 Sic
1142 374 1190 401 est
1206 379 1341 412 prorsus.
1364 374 1587 408 verumtamen,
1603 381 1621 401 ο
1646 371 1706 402 So·

243 432 355 464 crates,
370 426 594 466 animadverte,
609 436 726 467 quaeso,
752 436 815 467 quo
840 430 932 467 pacto
959 431 1065 456 nostra
1090 426 1158 455 liaec
1183 425 1311 461 civitas,·
1329 435 1400 455 cum
1427 424 1569 465 pecuniis
1591 428 1708 461 careat,

242 480 358 511 bellum
375 490 479 521 gerere
495 479 622 521 poterit,
638 479 804 520 praesertim
819 479 844 509 si
859 479 986 520 quando
1003 479 1150 509 adversus
1167 479 1302 520 amplam
1327 478 1572 520 opulentamque
1595 477 1706 508 civita·

242 539 302 565 tem
319 544 402 564 arma
418 541 546 574 cogetur
568 543 740 574 capessere.
784 533 839 564 So.
864 532 996 564 Constat
1022 533 1142 574 utiquc,
1158 532 1242 573 quod
1269 533 1416 563 adversus
1446 542 1538 563 unam
1565 531 1705 569 difficile,

241 589 296 618 sed
324 588 470 618 adversus
495 587 573 617 duas
604 586 680 617 tales
711 591 794 617 certe
820 586 953 617 facilius.
999 586 1081 618 Ani.
1110 586 1279 623 Quomodo
1305 585 1388 616 istud
1416 585 1483 616 ais?
1529 585 1584 616 So.
1608 585 1704 622 Quod

239 652 364 684 aequum
389 646 437 673 est
461 642 582 683 utique,
598 641 681 672 dico.
727 641 900 682 Principio,
916 641 940 671 si
957 641 1184 671 committenda
1201 650 1307 681 pugna
1331 645 1390 677 est,
1406 650 1510 670 nonne
1536 639 1568 669 hi
1585 639 1705 670 bellicis

237 696 328 726 rebus
345 695 506 726 exercitati
521 695 668 726 adversus
695 695 807 725 divites
832 695 1043 736 pugnabunt?
1089 694 1173 725 Am.
1197 693 1310 724 Fateor
1334 694 1480 735 equidem
1507 693 1601 724 istud.
1647 693 1706 727 So.

236 749 322 785 Quid
339 759 423 786 vero,
443 749 634 780 Adimante?
657 759 737 779 unus
753 749 839 790 pugil
857 749 974 790 optime.
990 749 1029 779 ad
1047 749 1106 778 hoc
1123 748 1290 779 instructus
1306 758 1412 778 nonne
1427 752 1536 778 contra
1547 748 1627 778 duos
1641 748 1700 778 hu-

229 802 284 843 jus
299 803 455 834 facultatis
471 804 605 845 ignaros,
621 804 732 834 divites
757 805 882 844 insuper
906 814 942 834 ac
968 803 1112 844 pingues,
1129 803 1252 833 videtur
1279 802 1337 845 tibi
1363 802 1454 833 facile
1480 802 1699 843 pugnaturus?

233 857 316 888 Am.
338 857 433 888 Haud
447 858 525 889 forte
540 858 642 889 simul.
687 858 742 888 So.
766 858 817 887 An
833 857 912 888 forte
929 868 1031 898 neque
1047 858 1139 887 etiam
1157 857 1182 887 si
1199 857 1322 888 licuerit
1337 856 1594 898 subterfugiendo
1618 855 1700 896 ejus,

232 912 286 953 qui
304 912 418 952 primus
435 911 565 949 invadit,
589 911 668 942 ictus
683 911 811 947 evitare,
827 911 942 941 deinde
958 911 1059 942 subita
1075 910 1279 942 conversione
1307 921 1377 941 eum
1404 910 1547 941 caedere?
1571 910 1647 952 quin
1675 909 1701 940 si

234 966 348 1006 saepius
363 966 420 996 sub
436 965 501 995 sole
517 970 548 996 et
564 970 640 995 aestu
658 965 690 995 id
705 965 815 1005 egerit,
832 964 935 1006 plures
951 964 1130 1005 hujusmodi
1146 965 1287 995 homines
1303 965 1347 994 vir
1362 964 1431 995 talis
1446 964 1580 1005 subiget.
1614 963 1701 995 Am.

233 1020 360 1061 Nempe
374 1018 451 1050 nihil
469 1020 588 1050 mirum.
636 1019 692 1051 So.
718 1018 770 1048 An
788 1029 850 1048 non
867 1023 957 1059 putas
970 1018 1082 1048 divites
1099 1018 1212 1059 pugilis
1226 1018 1382 1049 facultatis
1397 1018 1527 1049 scientia
1541 1023 1574 1048 et
1588 1018 1701 1060 peritia

232 1074 401 1116 participes
418 1084 484 1104 esse
500 1073 597 1114 magis
613 1083 705 1114 quam
721 1073 844 1103 bellicae
858 1072 869 1103 ?
914 1072 999 1104 Am.
1023 1072 1191 1113 Equidem.
1238 1072 1293 1104 So,
1318 1072 1422 1102 Facile
1438 1071 1545 1114 itaque
1570 1072 1697 1103 athletae

232 1128 343 1164 nostri,
360 1133 393 1158 ut
408 1132 653 1158 consentaneum
680 1132 740 1167 est,
756 1137 826 1157 cum
851 1126 956 1167 duplis
981 1126 1145 1167 triplisque
1169 1126 1306 1167 ipsorum
1333 1127 1507 1157 certabunt.
1551 1125 1633 1158 Am.
1657 1126 1698 1157 Id

232 1193 357 1224 quoque
374 1182 548 1213 admittam.
570 1192 641 1212 nam
658 1182 753 1222 probe
769 1180 856 1222 loqui
874 1181 998 1212 videris.
1046 1181 1100 1213 So.
1125 1180 1211 1217 Quid
1228 1181 1251 1211 si
1269 1180 1358 1211 missa
1371 1180 1405 1211 in
1422 1180 1579 1212 civitatem
1603 1179 1697 1210 aliam

230 1237 388 1279 legatione
404 1246 476 1267 vera
491 1235 635 1271 dixerint,
653 1236 737 1276 quod
754 1245 811 1265 nos
826 1235 953 1276 quidem
970 1245 1043 1265 auro
1061 1240 1093 1265 et
1108 1240 1236 1276 argento
1252 1245 1316 1265 non
1333 1235 1465 1267 utimur:
1490 1245 1593 1276 neque
1606 1235 1697 1265 nobis

228 1292 276 1323 sas
286 1297 333 1323 est
347 1304 354 1322 2
373 1301 426 1321 vos
438 1301 510 1331 ergo
525 1289 641 1320 bellum
655 1289 816 1321 nobiscum
829 1295 983 1330 gerentes,
997 1300 1066 1331 quae
1080 1289 1132 1320 alii
1146 1289 1319 1330 possident,
1329 1289 1490 1324 habetote,
1502 1298 1610 1320 censes
1623 1299 1696 1320 vero

230 1346 364 1387 aliquos,
378 1346 425 1375 liis
442 1344 568 1381 auditis,
580 1344 733 1376 electuros
745 1351 853 1375 contra
866 1354 958 1375 canes
971 1345 1064 1374 duros
1075 1349 1227 1385 aptosque
1242 1353 1378 1384 pugnare
1391 1343 1509 1384 potius,
1521 1352 1614 1384 quam
1625 1353 1696 1373 cum

231 1399 361 1431 canibus
378 1409 438 1429 una
454 1403 561 1430 contra
578 1398 710 1440 pingues
727 1409 800 1429 oves
827 1409 863 1429 ac
891 1398 1023 1429 molles?
1070 1398 1154 1429 Am.
1179 1398 1433 1439 Haudquaquam
1461 1397 1535 1427 mihi
1560 1397 1695 1429 videtur.

230 1453 349 1485 Verum
365 1454 392 1484 si
406 1453 439 1484 in
457 1453 583 1484 civitate
600 1464 661 1483 una
677 1459 848 1484 ceterorum
866 1454 1008 1494 pecuniae
1026 1453 1234 1493 cumulentur,
1249 1462 1325 1483 cave
1340 1462 1380 1482 ne
1397 1451 1499 1482 minus
1516 1451 1694 1492 pecunjosae

229 1508 400 1550 periculum
418 1507 540 1538 inferat.
585 1507 640 1538 So.
665 1507 784 1538 Beatus
799 1519 844 1544 es,
861 1507 1116 1549 quandoquidem
1135 1513 1226 1548 putas
1241 1507 1356 1536 decens
1381 1516 1448 1536 esse
1475 1505 1567 1536 aliam
1593 1516 1694 1547 quan·

225 1563 297 1592 dam
315 1561 473 1603 appellare
489 1561 659 1601 civitatem,
675 1572 768 1602 quam
787 1561 892 1597 talem,
910 1562 1033 1602 qualem
1050 1561 1109 1602 ipsi
1125 1560 1355 1592 constituimus,
1401 1559 1484 1590 Am.
1508 1560 1596 1597 Quid
1619 1571 1690 1601 pro-

225 1615 336 1646 hibet?
381 1615 437 1646 So.
461 1615 652 1656 Ampliorem
670 1615 914 1657 appellationem
931 1616 1059 1657 exigunt
1076 1616 1156 1647 aliae.
1181 1626 1251 1646 nam
1272 1625 1405 1656 quaeque
1433 1614 1554 1645 illarum
1581 1615 1691 1646 civita-

225 1674 272 1702 tes
288 1669 392 1699 multae
408 1675 492 1707 sunt,
506 1680 569 1699 non
586 1670 706 1707 civitas,
722 1676 757 1700 ut
771 1681 855 1701 more
881 1670 989 1712 loquar
1008 1670 1197 1711 jocantium.
1224 1680 1420 1711 unaquaeque
1446 1679 1521 1700 sane
1543 1669 1615 1700 duae
1642 1673 1691 1700 est

225 1723 346 1760 saltem,
361 1723 495 1755 invicem
511 1724 697 1755 dissidentes
716 1737 723 1754 ε
748 1736 811 1756 una
827 1725 955 1766 quidem
977 1735 1161 1766 pauperum,
1177 1724 1309 1755 divitum
1335 1723 1443 1755 altera.
1465 1734 1630 1765 rursusque
1656 1723 1690 1754 in

226 1778 336 1819 [423]
352 1782 481 1819 utraque
497 1778 624 1809 istarum
642 1779 802 1820 permulta:
816 1791 826 1818 3
850 1779 964 1820 quibus
980 1779 1004 1809 si
1020 1784 1054 1810 ut
1069 1779 1124 1809 uni
1140 1779 1297 1819 intendas,
1314 1778 1440 1820 penitus
1451 1778 1625 1810 aberrabis:
1642 1779 1692 1810 sin

224 1835 260 1861 ut
275 1831 392 1873 multis,
408 1832 545 1864 tribuens
560 1844 609 1868 ea,
624 1843 694 1874 quae
710 1834 837 1865 aliorum
851 1839 936 1875 sunt,
952 1834 1032 1870 aliis,
1049 1839 1111 1864 tam
1129 1833 1277 1875 pecunias
1293 1843 1386 1874 quam
1404 1833 1572 1874 potentias,
1588 1838 1644 1864 aut
1658 1837 1691 1864 et

222 1885 306 1926 ipsos
324 1892 483 1927 praeterea,
499 1887 592 1918 sociis
606 1888 903 1929 auxiliatoribusque
919 1899 1040 1930 semper
1054 1888 1160 1919 multis
1174 1884 1280 1923 uteris,
1296 1887 1438 1917 hostibus
1453 1892 1556 1917 autern
1571 1887 1690 1928 pauciS.

222 1941 267 1972 Et
281 1947 435 1983 quatenus
450 1941 572 1978 civitas,
588 1941 632 1972 ita
647 1946 682 1972 ut
697 1952 796 1983 nuper
812 1942 955 1973 ordinata
970 1947 1028 1980 est,
1044 1947 1215 1984 temperata
1231 1942 1367 1979 exsistet,
1384 1941 1516 1972 maxima
1530 1941 1598 1972 erit.
1622 1951 1686 1971 non

221 1997 260 2027 ad
277 1995 458 2036 opinionem
475 1995 613 2037 inquam,
630 1997 684 2027 sed
700 2007 805 2028 revera
821 1997 984 2028 maximam
1000 1997 1076 2032 fore,
1093 1997 1213 2028 etiamsi
1230 1996 1315 2027 mille
1330 1996 1490 2026 dumtaxat
1505 2006 1686 2037 propugna-

222 2049 341 2080 toribus
357 2055 490 2080 constet.
513 2049 556 2080 ita
571 2050 654 2080 enim
672 2061 814 2091 magnam
831 2051 988 2082 civitatem
1005 2062 1098 2082 unam
1115 2051 1199 2081 haud
1214 2050 1307 2081 facile
1324 2050 1371 2080 vel
1389 2050 1469 2080 inter
1484 2049 1614 2081 Graecos
1638 2050 1687 2081 vel

220 2103 302 2135 inter
319 2104 460 2134 barbaros
476 2105 666 2145 quandoque
682 2104 841 2146 reperies;
864 2115 934 2146 quae
951 2111 1054 2136 tamen
1071 2105 1288 2146 hujuscemodi
1313 2104 1438 2145 civitate
1463 2104 1560 2135 multo
1587 2103 1686 2146 majo-

223 2168 270 2188 res
285 2157 449 2188 videantur
465 2158 568 2188 multis
585 2158 735 2189 invenies.
760 2169 799 2189 an
815 2159 904 2190 aliter
919 2160 1014 2190 sentis
1029 2160 1039 2188 ?
1085 2159 1168 2190 Am.
1193 2159 1268 2189 Non
1283 2159 1372 2190 aliter
1388 2168 1443 2200 per
1463 2158 1587 2190 Jovem.
1630 2159 1688 2192 So.

224 2211 277 2242 An
293 2222 356 2241 non
372 2211 423 2242 hic
439 2211 531 2252 igitur
547 2212 770 2252 pulcherrimus
785 2212 842 2243 erit
856 2213 967 2243 nostris
983 2213 1175 2254 principibus
1190 2213 1343 2254 augendae
1368 2213 1502 2243 civitatis
1526 2213 1687 2250 terminus,

223 2265 288 2302 cui,
317 2275 387 2295 cum
419 2271 505 2295 tanta
535 2266 638 2302 suerit,
667 2271 783 2296 tantam
810 2267 966 2307 regionem
993 2267 1126 2297 tribuere
1155 2267 1258 2303 decet,
1274 2266 1425 2308 reliquam
1450 2271 1553 2297 autem
1581 2267 1687 2297 dimit-

222 2320 309 2350 tere?
356 2319 441 2351 Anr.
465 2320 618 2356 Quisnam
636 2320 808 2351 terminus?
854 2321 909 2352 So.
923 2320 1066 2351 Arbitror
1089 2321 1247 2361 equidem,
1264 2330 1427 2362 quousque
1453 2321 1586 2351 adaucta
1610 2321 1688 2352 civi-

222 2379 269 2404 tas
296 2385 356 2404 una
382 2380 573 2415 permaneat,
589 2386 627 2405 eo
654 2386 750 2416 usque
778 2376 952 2416 augendam
981 2386 1058 2411 esse,
1085 2386 1148 2405 non
1177 2375 1268 2405 ultra.
1311 2373 1395 2405 Am.
1420 2374 1584 2406 Praeclare.
1629 2375 1686 2406 So.

219 2429 291 2460 Hoc
308 2434 456 2470 praeterea
473 2433 662 2471 praeceptum
679 2430 860 2460 custodibus
875 2430 1058 2460 servandum
1079 2429 1307 2469 mandabimus,
1324 2435 1358 2460 ut
1373 2440 1430 2460 nec
1451 2439 1545 2470 parva
1570 2429 1680 2460 civitas

221 2493 280 2514 nec
306 2493 418 2524 magna
434 2483 574 2514 videatur
590 2494 668 2519 esse,
686 2484 738 2514 sed
756 2493 818 2521 una
833 2489 926 2524 atque
943 2483 1107 2515 sufficiens.
1154 2482 1237 2514 Am.
1261 2483 1357 2524 Atqui
1384 2484 1451 2514 leve
1477 2483 1552 2524 quid
1580 2483 1684 2513 forsan

219 2538 279 2567 illis
297 2537 522 2578 praecipiemus.
568 2537 623 2570 So.
647 2537 689 2568 Et
702 2538 784 2568 istud
804 2543 950 2578 pra-terea
966 2537 1074 2573 levius,
1091 2536 1180 2578 cujus
1203 2538 1232 2568 in
1261 2538 1467 2578 superioribus
1493 2537 1682 2568 mentionem

219 2591 360 2627 fecimus,
377 2597 519 2632 oportere
535 2591 687 2627 dicentem,
703 2592 766 2622 sive
782 2592 851 2633 quis
867 2602 902 2622 cx
918 2591 1101 2622 custodibus
1116 2592 1245 2632 ignavus
1272 2598 1427 2628 nascatur,
1445 2592 1483 2621 ad
1511 2591 1587 2621 alios
1613 2590 1683 2620 mit-

219 2650 282 2675 tere
298 2657 304 2674 :
323 2644 386 2674 sive
401 2656 436 2675 cx
453 2645 522 2675 aliis
540 2646 665 2686 probus,
682 2646 720 2676 ad
737 2647 883 2676 custodes
900 2645 983 2686 ipsos
997 2646 1169 2677 transferre.
1187 2646 1217 2676 in
1235 2657 1297 2687 quo
1314 2645 1406 2687 plane
1421 2645 1584 2676 ostendere
1596 2644 1683 2675 vole·

220 2700 340 2735 bamus,
371 2699 454 2739 quod
488 2704 520 2729 et
550 2699 679 2730 aliorum
711 2699 825 2730 civium
855 2710 1107 2740 unumquemque
1139 2700 1176 2730 ad
1207 2711 1301 2730 unum
1332 2700 1364 2730 id
1398 2710 1477 2740 opus
1507 2699 1681 2736 dumtaxat,

219 2754 258 2784 ad
289 2753 372 2794 quod
400 2757 509 2782 natura
533 2758 580 2783 est
605 2759 708 2794 aptus,
735 2754 848 2784 ducere
872 2754 974 2793 decet,
999 2758 1034 2784 ut
1062 2754 1193 2795 quisque
1219 2764 1316 2784 unum
1342 2752 1461 2794 aliquid
1488 2762 1577 2782 suum
1601 2743 1682 2793 opus

220 2817 366 2839 exercens
396 2817 458 2836 non
491 2807 592 2846 multi,
620 2808 672 2838 scd
702 2819 782 2839 unus
812 2807 958 2838 exsistat:
997 2813 1090 2847 atque
1121 2808 1165 2838 ita
1195 2807 1303 2838 civitas
1334 2812 1398 2837 tota
1427 2816 1490 2836 una
1519 2806 1584 2842 fiat,
1614 2815 1678 2836 non

219 2861 336 2892 rnultae.
381 2859 462 2890 Am.
487 2860 541 2890 Est
565 2862 624 2891 lioc
651 2862 742 2892 ctiam
771 2861 824 2892 illo
851 2862 963 2893 minus.
1010 2862 1064 2892 So.
1088 2862 1352 2903 Haudquaquam,
1378 2872 1397 2891 ο
1422 2860 1503 2890 bone
1530 2859 1575 2890 vir
1601 2858 1684 2889 Adi·-

220 2919 338 2955 mante,
354 2914 420 2945 liaec
447 2907 543 2945 multa
568 2925 604 2946 ac
631 2925 753 2956 magna,
776 2921 810 2946 ut
833 2916 1020 2946 existimaret
1045 2916 1170 2957 aliquis,
1187 2915 1248 2946 illis
1274 2914 1491 2956 pra-cipimus:
1518 2913 1571 2944 sed
1598 2912 1680 2943 levia

220 2969 323 3001 onmia
339 2968 512 3011 exiguaque
528 2969 553 3000 si
570 2980 676 3007 uuum,
694 2975 726 3001 ut
743 2970 806 3002 dici
822 2969 911 3008 solet,
929 2980 1072 3012 magnum
1089 2976 1232 3002 servent:
1258 2969 1350 3001 immo
1384 2979 1456 3000 vero
1483 2978 1539 3009 pro
1570 2975 1682 3009 magno
