1840 3225
155 239 234 275 474
686 231 944 271 EPISTOLA
989 234 1061 272 111.
1176 224 1183 234 ‘
1516 237 1611 288 [316

154 340 280 376 ducere,
295 338 475 370 audientem
488 346 562 368 vero
577 337 643 369 haec
658 347 709 368 me
725 337 794 373 tibi,
810 348 850 368 ne
868 338 990 369 faceres
1007 338 1072 373 illa,
1092 336 1261 375 obstitisse,
1279 347 1350 369 cum
1365 342 1399 369 tu
1416 339 1618 370 vehementer

150 394 184 424 id
213 403 358 434 cuperes.
380 402 465 423 nunc
489 397 606 427 autem,
627 392 684 422 illa
705 391 775 433 ipsa
799 397 834 421 ut
853 391 962 427 faciat,
989 392 1132 422 Dionem
1157 392 1295 431 docere3
1330 402 1367 423 ac
1396 392 1458 423 tuis
1483 391 1619 433 propriis

154 447 396 488 cogitationibus
419 446 585 487 imperium
616 456 634 475 a
655 445 746 476 nobis
773 451 859 476 tuum
889 446 1080 476 labefactari.
1117 451 1220 476 utrum
1251 455 1409 476 semones
1439 444 1620 487 hujusmodi

155 502 294 542 aliquam
311 501 367 531 tibi
383 501 552 531 utilitatem
566 499 678 535 ferant,
694 504 727 529 tu
744 499 811 540 ipse
828 500 991 540 cog-noscis
1009 512 1014 530 :
1039 499 1151 539 injuria
1166 505 1250 530 certe
1266 509 1316 530 me
1332 499 1440 536 afficis,
1457 508 1529 529 cum
1544 508 1620 529 con-

155 555 250 585 traria
274 555 362 585 dicas
388 564 483 595 quam
508 554 624 584 veritas
645 553 695 583 sit.
717 557 750 583 et
776 553 918 594 profecto
941 554 1017 584 satis
1033 564 1189 594 superque
1206 554 1359 584 hactenus
1374 563 1393 584 a
1406 552 1576 583 Philistide
1588 557 1622 583 et

155 609 225 639 aliis
249 608 461 649 compluribus
484 608 606 638 invidia
628 607 704 637 mihi
732 607 868 638 conflata
890 612 939 638 est
965 613 997 638 et
1023 608 1107 648 apud
1122 608 1239 637 milites
1253 613 1285 637 et
1300 607 1384 647 apud
1400 607 1623 649 Syracusanos.

155 673 229 693 nam
255 673 329 693 cum
351 662 385 692 in
410 672 479 692 arce
509 672 573 692 una
600 666 701 692 tecum
725 661 912 697 habitarem,
929 662 1034 692 omnia
1047 661 1215 692 malefacta
1234 662 1268 692 in
1283 671 1334 692 me
1347 661 1621 696 convertebantur,

155 716 366 748 asserentibus
380 716 435 757 qui
448 720 536 746 extra
551 720 650 751 erant,
666 720 698 745 te
714 714 842 755 singula
855 724 926 746 meo
943 715 1072 746 consilio
1088 715 1190 745 facere
1209 727 1214 744 :
1240 721 1274 745 tu
1300 721 1406 745 autem
1432 719 1540 755 aperte
1560 714 1624 745 scis

154 781 315 812 perpauca
339 781 387 801 me
410 774 515 800 tecum
539 769 578 800 de
607 768 833 810 gubernatione
850 768 937 798 civili
952 775 1063 809 sponte
1092 779 1169 805 mea,
1196 768 1293 810 [316]
1318 775 1411 810 atque
1426 768 1459 799 id
1477 768 1515 798 ab
1531 767 1623 798 initio

154 824 349 861 tractavisse,
375 824 451 854 dum
475 823 596 863 aliquid
622 832 715 863 posse
737 833 788 852 me
816 823 965 863 proficere
993 822 1174 858 arbitrabar,
1201 828 1233 853 et
1257 822 1319 852 alia
1333 822 1477 863 quaedam
1494 822 1623 862 exigua,

156 878 264 920 legum
277 877 437 920 prooemiis
450 876 650 908 mediocriter
666 877 902 906 incumbentem
921 887 927 904 :
954 876 1067 917 quibus
1091 880 1197 906 tamen
1214 883 1326 917 postea
1341 876 1391 906 vel
1409 882 1439 906 te
1455 876 1507 905 vel
1524 874 1624 906 alium

156 932 250 962 audio
276 931 423 973 quaedam
447 936 561 971 praeter
588 934 727 960 mentem
753 939 858 960 meam
883 930 1066 960 inseruisse.
1089 940 1158 970 quae
1174 929 1268 960 facile
1288 929 1502 960 internoscent
1515 929 1550 965 ii,
1567 929 1624 970 qui

156 991 293 1027 possunt
306 995 426 1015 morem
442 983 561 1024 ingenii
575 983 674 1013 nostri
689 983 879 1014 discernere.
902 983 969 1017 sed,
984 989 1018 1013 ut
1028 983 1122 1014 modo
1132 983 1288 1019 dicebam,
1299 994 1361 1014 non
1376 993 1456 1025 egeo
1465 983 1624 1014 calumnia

155 1044 190 1070 et
217 1039 303 1080 apud
325 1038 535 1080 Syracusanos
558 1042 591 1067 et
611 1037 696 1078 apud
719 1038 809 1074 alios,
836 1037 950 1078 quibus
965 1048 1015 1068 me
1032 1037 1093 1068 ista
1108 1037 1219 1068 dicens
1234 1037 1426 1068 criminaris:
1452 1037 1509 1068 sed
1523 1037 1624 1068 multo

155 1093 257 1133 magis
281 1092 466 1133 purgatione
491 1096 600 1122 contra
625 1091 756 1132 primam
786 1091 986 1127 calumniam,
1015 1097 1047 1122 et
1073 1096 1182 1122 contra
1206 1101 1317 1122 novam
1342 1102 1444 1133 nuper
1469 1097 1624 1128 exortam,

156 1156 306 1188 majorem
330 1145 458 1187 quidem
488 1155 524 1175 ac
552 1145 828 1176 vehementiorem.
852 1155 925 1186 ergo
952 1145 1099 1175 adversus
1127 1145 1206 1175 duas
1232 1146 1405 1176 calumnias
1432 1156 1561 1177 necesse
1576 1151 1628 1177 est

156 1200 395 1230 excusationem
423 1209 474 1229 me
505 1199 666 1239 duplicem
697 1199 837 1240 aggredi.
874 1199 1011 1240 primum
1041 1199 1168 1239 quidem
1197 1199 1308 1230 merito
1337 1200 1474 1230 noluisse
1503 1210 1554 1230 me
1584 1200 1626 1230 de

156 1254 384 1294 gubernatione
410 1253 590 1294 reipublicae
614 1258 722 1283 tecum
746 1264 862 1294 agere:
888 1253 1014 1289 deinde,
1039 1263 1145 1283 meum
1159 1253 1238 1283 illud
1255 1253 1422 1284 consilium
1436 1264 1500 1284 non
1514 1244 1624 1290 fuisse,

156 1308 242 1348 quod
267 1313 303 1338 tu
327 1307 384 1343 ais,
399 1312 435 1338 ut
451 1307 614 1338 suaderem
630 1307 699 1343 tibi,
716 1317 756 1337 ne
773 1307 916 1338 civitates
932 1306 1061 1338 Graecas
1076 1307 1269 1338 restitueres.
1291 1313 1324 1338 et
1344 1307 1480 1348 primum
1495 1307 1625 1348 quidem

157 1360 197 1390 de
215 1361 314 1402 primo
325 1362 370 1392 sic
387 1361 508 1402 accipe.
531 1361 606 1391 veni
621 1362 792 1403 Syracusas
807 1371 826 1391 a
842 1367 871 1392 te
887 1367 1016 1392 vocatus
1031 1366 1063 1392 et
1077 1371 1095 1391 a
1110 1361 1229 1397 Dione,
1246 1372 1318 1392 cum
1333 1368 1418 1392 esset
1442 1362 1510 1402 ipse
1538 1361 1624 1392 Dion

158 1425 281 1456 magnae
311 1415 398 1456 apud
427 1420 458 1445 te
489 1415 663 1456 dignitatis,
695 1416 773 1445 mihi
798 1415 989 1457 jampridem
1018 1415 1143 1456 lrospeS,
1174 1420 1266 1446 aetate
1294 1426 1366 1446 vero
1397 1416 1503 1447 media
1532 1421 1626 1457 atque

156 1468 318 1514 perfecta:
345 1469 458 1510 quibus
481 1469 609 1499 omnino
632 1470 684 1499 vel
711 1469 907 1500 mediocriter
935 1469 1073 1509 prudens
1099 1479 1177 1509 opus
1203 1480 1271 1500 esse
1297 1470 1336 1500 ad
1365 1479 1412 1500 res
1442 1469 1625 1511 hujusmodi

156 1523 321 1563 gerendas,
338 1522 449 1564 quales
463 1528 526 1553 tuae
542 1528 641 1559 erant,
658 1523 856 1553 existimarit.
878 1528 912 1553 tu
928 1533 1003 1553 vero
1019 1533 1088 1553 eras
1103 1522 1273 1553 admodum
1283 1523 1421 1564 juvenis,
1435 1530 1468 1554 et
1483 1524 1624 1555 omniurn

155 1576 296 1616 ignarus,
322 1586 454 1618 quorum
479 1577 646 1617 oportebat
672 1581 703 1607 te
730 1577 876 1617 peritiam
899 1577 1024 1613 habere,
1052 1576 1130 1606 mihi
1145 1586 1270 1617 quoque
1286 1577 1379 1607 valde
1394 1577 1533 1618 ignotus.
1555 1583 1628 1619 post

156 1630 225 1660 haec
251 1630 318 1661 sive
348 1631 418 1671 quis
443 1631 535 1661 homo
562 1630 628 1660 sive
656 1630 746 1661 Deus
762 1631 828 1661 sive
843 1631 970 1661 fortuna
985 1629 1131 1671 quaedam
1147 1635 1252 1661 tecum
1267 1630 1404 1661 Dionem
1420 1631 1564 1672 pepulit:
1589 1637 1625 1663 tu

156 1684 240 1714 solus
257 1684 384 1715 relictus
399 1695 444 1715 es.
467 1695 506 1714 an
521 1684 616 1725 igitur
631 1685 883 1715 communionem
901 1684 976 1714 mihi
991 1684 1127 1725 aliquam
1145 1689 1250 1714 tecum
1265 1694 1370 1715 rerum
1385 1685 1527 1716 civilium
1550 1690 1625 1716 tunc

155 1738 300 1768 relictam
325 1744 429 1778 putas,
457 1748 529 1768 cum
556 1738 692 1769 viderem
716 1738 902 1779 prudentem
929 1737 1059 1778 quidem
1075 1738 1286 1768 consultorem
1301 1739 1358 1769 abs
1371 1744 1403 1769 te
1418 1738 1567 1780 pulsum;
1589 1745 1625 1770 te

157 1797 263 1823 autem
287 1792 522 1833 imprudentem
550 1802 623 1822 cum
645 1793 755 1823 multis
780 1792 940 1833 flagitiosis
966 1792 1012 1822 ita
1026 1792 1122 1822 fuisse
1138 1792 1297 1828 relictum,
1313 1798 1350 1823 ut
1364 1802 1429 1823 non
1442 1793 1625 1833 imperares,

155 1846 232 1877 lieet
247 1847 399 1888 imperare
415 1847 619 1883 arbitrareris,
646 1846 701 1876 sed
726 1846 905 1888 hujusmodi
931 1846 1112 1876 hominibus
1135 1856 1246 1877 revera
1269 1846 1424 1876 servires?
1447 1851 1523 1892 tunc
1549 1857 1624 1887 ergo

157 1900 231 1940 quid
259 1901 423 1941 oportebat
445 1911 495 1932 me
524 1900 655 1931 facere?
680 1910 720 1930 an
749 1910 814 1931 non
839 1901 881 1936 id,
899 1901 981 1941 quod
998 1899 1176 1930 faciebam?
1201 1899 1357 1930 abstinere
1371 1899 1523 1930 videlicet
1537 1900 1626 1930 omni

157 1953 392 1995 gubernatione,
405 1965 445 1985 ne
456 1954 575 1985 invidia
584 1955 809 1985 malevolorum
820 1954 854 1984 in.
866 1954 1039 1984 calumnias
1051 1963 1177 1984 vocarer
1190 1965 1195 1983 :
1228 1959 1261 1983 et
1275 1953 1354 1984 illud
1367 1953 1495 1983 omnino
1506 1953 1624 1990 conari,

154 2013 190 2038 ut
216 2018 272 2039 vos
299 2009 436 2039 invicem
461 2008 648 2039 dissidentes
671 2013 704 2038 et
731 2008 824 2049 longe
851 2008 967 2038 divisos
995 2008 1028 2038 in
1056 2008 1218 2049 pristinam
1242 2007 1416 2038 amicitiam
1430 2008 1625 2048 gratiamque

156 2061 352 2093 reducerem.
375 2068 408 2093 tu
426 2062 501 2092 milri
516 2062 605 2092 testis
620 2071 689 2092 esse
706 2067 806 2102 potes,
823 2067 941 2102 quanto
957 2066 1071 2092 conatu
1086 2063 1144 2092 hoc
1160 2071 1179 2092 a
1196 2072 1243 2091 me
1258 2061 1422 2102 negotium
1443 2068 1624 2102 susceptum

155 2116 261 2151 fuerit,
285 2126 390 2157 neque
423 2126 559 2156 unquam
587 2115 754 2146 desertum.
781 2115 877 2156 [317]
902 2115 1030 2145 tandem
1057 2116 1110 2145 vix
1146 2115 1191 2145 ita
1215 2115 1430 2150 convenimus,
1445 2121 1479 2145 ut
1495 2114 1624 2146 domum

156 2178 331 2199 remearem
346 2181 355 2207 ;
379 2169 530 2209 finitoque
546 2169 640 2204 bello,
658 2168 743 2209 quod
761 2175 833 2198 tunc
849 2175 927 2204 erat,
944 2180 1004 2209 ego
1020 2175 1053 2199 et
1069 2169 1155 2199 Dion
1177 2169 1344 2210 Syracusas
1367 2168 1541 2200 rediremus
1557 2181 1567 2208 3
1590 2175 1625 2200 tu

158 2228 262 2253 autern
290 2233 348 2253 nos
377 2222 559 2253 advocares.
583 2223 649 2252 haec
673 2231 744 2252 sunt
775 2227 847 2252 acta
873 2222 905 2251 in
931 2222 1032 2262 prima
1057 2223 1112 2252 illa
1144 2222 1339 2262 profectione
1356 2221 1397 2252 ad
1411 2228 1442 2252 te
1459 2232 1529 2253 mea
1543 2228 1575 2253 et
1590 2223 1624 2253 in

156 2277 289 2317 patriam
318 2276 430 2307 reditu.
456 2277 540 2307 facta
570 2275 685 2326 deinde
714 2286 791 2316 pace
821 2275 931 2306 iterum
956 2285 1007 2306 me
1039 2276 1175 2306 vocasti:
1203 2285 1266 2306 non
1292 2281 1410 2310 tamen,
1436 2280 1470 2306 ut
1484 2276 1623 2308 invicem

158 2341 414 2366 conveneramus,
430 2340 494 2361 una
509 2341 578 2361 cum
596 2330 714 2366 Dione,
730 2330 784 2359 scd
801 2329 914 2360 solum.
936 2329 1090 2370 scripsisti
1105 2329 1201 2365 enim,
1230 2334 1263 2359 ut
1285 2330 1355 2370 ipse
1373 2334 1446 2360 tunc
1462 2330 1622 2361 venirem:

159 2384 298 2415 Dionem
323 2395 397 2415 vero
421 2390 532 2425 postea
545 2389 577 2414 te
594 2389 790 2414 vocaturum.
814 2393 853 2414 ea
868 2382 907 2413 de
924 2393 1017 2414 causa
1033 2393 1092 2424 ego
1107 2389 1183 2414 tunc
1198 2393 1262 2414 non
1278 2383 1366 2414 veni:
1391 2383 1478 2424 quod
1493 2384 1624 2426 quidem

157 2437 261 2469 Dioni
289 2438 461 2480 displicuit,
485 2437 539 2479 qui
563 2443 712 2478 praestare
736 2437 876 2478 putabat,
894 2443 928 2467 ut
943 2447 1085 2478 parerem
1100 2437 1157 2467 tibi
1173 2442 1268 2478 atque
1290 2438 1442 2469 venirem.
1466 2443 1625 2470 transacto

158 2497 231 2532 post
254 2493 321 2523 haec
347 2502 430 2523 anno
444 2491 578 2522 triremis
593 2501 655 2522 una
668 2502 686 2522 a
702 2497 732 2522 te
748 2493 845 2522 missa
858 2496 918 2527 est,
935 2497 966 2522 et
983 2492 1075 2522 simul
1092 2502 1163 2522 cum
1178 2491 1233 2522 illa
1248 2492 1361 2522 litterae
1377 2497 1440 2522 tuae
1456 2503 1464 2522 ι
1489 2502 1623 2533 quarum

158 2552 253 2586 caput
269 2551 346 2581 erat,
363 2546 388 2576 si
403 2546 553 2581 venirem,
570 2545 686 2576 Dionis
702 2556 750 2576 res
763 2545 808 2576 ita
823 2545 901 2581 fore,
917 2551 951 2575 ut
967 2556 1026 2586 ego
1049 2546 1185 2576 maxime
1212 2546 1361 2586 optabam
1375 2557 1384 2584 ;
1408 2551 1517 2576 contra
1539 2556 1624 2583 vero,

158 2599 185 2630 si
213 2610 275 2630 non
304 2599 453 2630 venirem.
473 2599 571 2640 pudet
593 2599 721 2635 referre,
737 2609 830 2641 quam
846 2599 950 2630 multae
966 2605 1040 2630 tunc
1057 2600 1198 2640 epistolae
1214 2599 1338 2640 scriptae
1353 2604 1428 2630 sunt
1443 2605 1506 2630 tam
1520 2601 1577 2631 abs
1592 2606 1623 2631 te

157 2663 254 2695 quarn
282 2653 322 2684 ab
346 2654 414 2684 aliis
440 2659 495 2684 tua
519 2664 614 2684 causa
628 2664 667 2684 ex
681 2654 777 2684 ltalia
793 2659 886 2694 atque
903 2653 1009 2683 Sicilia
1026 2653 1065 2683 ad
1083 2663 1130 2683 me
1147 2658 1180 2683 et
1194 2654 1232 2683 ad
1249 2653 1366 2684 multos
1380 2654 1625 2695 propinquorum

157 2707 422 2748 familiariumque
436 2718 574 2738 meorum
595 2718 602 2737 :
627 2718 696 2749 quae
709 2717 816 2738 omnes
829 2707 1070 2738 exhortabantur
1081 2707 1365 2748 precabanturque,
1375 2712 1409 2738 ut
1418 2707 1476 2738 tibi
1489 2708 1626 2738 obsecu-

154 2766 204 2793 tus
230 2761 423 2793 accederem.
445 2761 547 2792 visum
573 2770 622 2792 est
652 2761 747 2802 igitur
770 2761 923 2797 omnibus,
953 2766 985 2791 et
1012 2761 1156 2802 inprimis
1191 2760 1300 2797 Dioni,
1328 2762 1445 2802 absque
1469 2760 1621 2792 dilatione

157 2816 299 2847 eundum
321 2825 400 2851 esse,
432 2825 619 2856 quamquam
643 2825 702 2856 ego
728 2816 768 2846 ob
792 2820 916 2846 aetatem
930 2825 980 2845 me
997 2815 1196 2851 excusabam,
1211 2821 1242 2845 et
1258 2815 1298 2845 de
1314 2819 1367 2845 tua
1381 2815 1557 2845 constantia
1573 2824 1625 2845 me

157 2870 299 2901 diffidere
336 2869 491 2905 dicebam,
521 2870 611 2910 quasi
641 2869 789 2910 nequires
817 2868 1079 2899 obtrectatoribus
1107 2868 1333 2908 males-orisque
1351 2868 1441 2904 meis,
1457 2867 1624 2899 discidium

157 2922 241 2955 inter·
266 2934 324 2955 nos
348 2922 568 2965 quaerentibrm,
596 2923 753 2954 resistere.
776 2933 996 2965 conspexeram
1026 2923 1111 2954 enim
1134 2922 1338 2964 jampridem,
1361 2927 1394 2952 et
1420 2932 1503 2953 nunc
1530 2921 1625 2954 etiarn
