1840 3225
541 510 930 563 HIPPIAS
1008 512 1330 563 MAJOR.

700 720 946 760 SOCRATES,
975 723 1169 756 HIPPIAS.

200 876 297 917 [281]
322 877 350 908 Ο
379 888 524 910 SAPIENS
547 884 579 910 et
605 880 734 921 pulcher
758 880 907 922 Hippias,
931 890 1023 921 quam
1047 891 1112 911 raro
1138 879 1278 912 Athenas
1294 881 1439 912 accedis!
1487 880 1569 912 Hm.
1593 880 1669 910 Non

200 930 303 967 datur,
318 942 336 961 o
353 933 509 969 Socrates,
521 933 632 966 otium.
649 944 719 964 nam
737 934 878 965 Elienses
894 935 990 969 cives,
1008 935 1154 975 quotiens
1165 945 1235 965 cuin
1249 935 1383 964 externis
1394 933 1539 976 gentibus
1548 934 1668 975 aliquid

199 989 247 1014 est
262 986 470 1023 tractandum,
485 986 562 1016 milri
585 997 647 1027 prae
672 988 782 1018 ceteris
807 987 979 1028 legationes
1003 988 1214 1023 committunt,
1240 988 1388 1018 idoneum
1413 987 1615 1029 mejudicem
1632 997 1670 1018 ac

200 1037 345 1068 nuntium
361 1039 572 1070 existimantes
595 1051 713 1076 eorum,
737 1051 807 1081 quae
831 1041 917 1081 apud
942 1041 1079 1081 singulas
1096 1041 1238 1071 civitates
1254 1041 1411 1072 dicuntur.
1457 1042 1670 1078 Quamobrem

200 1101 284 1132 saepe
300 1097 332 1122 et
349 1092 388 1122 ad
406 1092 483 1123 alias
499 1094 601 1129 urbes,
627 1094 741 1134 saepius
765 1094 860 1125 etiam
883 1095 971 1125 etde
988 1095 1128 1125 maximis
1151 1096 1243 1125 rebus
1266 1095 1524 1126 Lacedaemonem
1549 1095 1673 1136 legatus

199 1145 329 1176 accessi.
350 1156 413 1187 quo
430 1146 475 1182 fit,
494 1151 527 1177 ut
552 1148 619 1179 haec
643 1148 723 1184 loca,
748 1149 832 1190 quod
860 1148 927 1190 ipse
953 1149 1125 1190 quaercbas,
1148 1149 1250 1179 minus
1264 1149 1470 1191 frequentem.
1515 1149 1572 1181 So.
1598 1148 1671 1180 Hoc

199 1202 295 1238 certe,
321 1210 340 1229 0
366 1199 498 1241 Hippia,
523 1202 672 1242 sapientis
698 1203 893 1244 perfectique
919 1203 975 1233 viri
1002 1203 1158 1244 proprium
1184 1209 1242 1235 est.
1288 1203 1334 1233 Tu
1362 1203 1488 1245 quidem
1513 1204 1671 1245 privatim,

201 1252 306 1283 multis
323 1253 361 1284 ab
379 1255 631 1286 adulescentibus
649 1257 786 1298 acceptis
801 1257 955 1298 pecuniis,
972 1257 1010 1287 ad
1030 1258 1119 1298 plura
1136 1257 1228 1288 etiam
1246 1258 1392 1298 prodesse
1405 1257 1478 1293 illis,
1495 1267 1587 1298 quam
1599 1267 1672 1299 quae

199 1307 371 1348 acceperis,
388 1308 472 1338 vales
487 1320 494 1338 :
519 1313 614 1350 atque
630 1310 739 1340 iterum
758 1311 883 1352 publice
901 1310 1030 1352 patriam
1055 1316 1138 1341 tuam
1156 1311 1246 1348 tuer1‚
1265 1316 1298 1341 ut
1315 1311 1407 1342 decet
1422 1322 1505 1346 curu,
1528 1311 1581 1352 qui
1605 1321 1669 1341 non

199 1362 448 1392 contemnendus
475 1363 580 1403 vulgo,
608 1365 660 1394 sed
689 1375 809 1395 summo
837 1365 869 1395 in
898 1365 998 1406 pretio
1025 1365 1065 1395 sit
1089 1366 1264 1397 habendus.
1309 1365 1454 1396 Ceterum
1477 1375 1670 1406 quaenam‚o

199 1413 334 1456 Hippia,
352 1426 457 1452 causa,
470 1418 553 1458 quod
566 1417 660 1458 prisci
672 1418 729 1455 illi,
742 1419 795 1460 qui
809 1419 985 1460 sapientum
1001 1430 1177 1460 cognomen
1194 1419 1300 1460 adepti
1315 1421 1398 1455 sunt,
1417 1418 1557 1449 Pittacus
1573 1423 1668 1460 atque

201 1467 289 1504 Bias,
306 1470 405 1510 etqui
422 1470 562 1502 Thaletis
586 1472 704 1503 Milesii
730 1478 881 1514 tempore,
905 1474 1000 1515 quive
1023 1473 1174 1515 deinceps
1199 1484 1296 1514 usque
1320 1473 1358 1503 ad
1376 1472 1605 1513 Anaxagoram,
1620 1482 1670 1502 sa-

201 1521 330 1562 pientiae
354 1523 458 1554 studio
482 1525 663 1563 floruerunt,
686 1526 735 1558 vel
760 1538 868 1558 omnes
890 1528 938 1559 vel
964 1528 1087 1569 plurimi
1109 1527 1252 1558 civilibus
1275 1526 1452 1558 actionibus
1468 1525 1670 1556 abstinuere?

201 1575 284 1607 Hie.
309 1577 395 1614 Quid
412 1578 497 1608 aliud
517 1585 620 1620 putas,
646 1591 664 1609 o
681 1581 837 1623 Socrates,
859 1581 931 1612 illos
955 1581 1148 1621 continuisse
1171 1592 1264 1622 quarn
1280 1580 1523 1611 imbecillitatem
1538 1579 1672 1620 ingenii,

201 1641 273 1661 cum
298 1641 363 1662 non
390 1638 518 1673 possent
543 1638 686 1675 utraque,
714 1635 835 1676 privata
861 1640 893 1666 et
917 1636 1053 1677 publica,
1071 1636 1240 1677 prudenter
1254 1634 1491 1666 administrare?
1537 1633 1592 1664 So.
1615 1632 1670 1663 An

201 1685 465 1726 quemadmodum
481 1692 592 1718 ceterae
608 1693 688 1719 artes
705 1688 929 1721 incrementum
948 1695 1086 1732 tempore
1103 1696 1318 1730 susceperunt,
1335 1689 1414 1720 adeo
1429 1694 1463 1719 ut
1477 1687 1576 1718 nostri
1593 1692 1670 1718 tem-

202 1738 286 1779 poris
310 1739 442 1771 artifices
469 1740 679 1782 superioribus
704 1743 797 1784 longe
813 1744 1016 1784 praecellant:
1043 1744 1086 1774 ita
1113 1749 1144 1775 et
1170 1744 1350 1774 facultatem
1374 1748 1517 1779 vestram,
1533 1741 1670 1772 studium

201 1792 351 1824 videlicet
365 1789 594 1835 Sophistarum‚
609 1797 741 1828 crevisse
757 1797 938 1835 dicendum,
956 1809 992 1829 ac
1016 1804 1134 1829 veteres
1159 1797 1320 1839 sapientiae
1336 1797 1505 1836 studiosos,
1520 1795 1544 1826 si
1569 1795 1674 1826 vobis-

201 1856 272 1877 cum
288 1853 519 1888 comparentur,
543 1849 618 1880 viles
635 1850 803 1882 admodum
830 1852 1007 1882 exstitisse?
1053 1852 1136 1884 Ilm.
1159 1851 1261 1882 Recte
1277 1852 1404 1882 omnino
1422 1849 1568 1891 loqueris,
1612 1849 1670 1880 So.

201 1898 284 1940 Ergo
301 1900 326 1930 si
341 1901 435 1932 hodie
462 1901 538 1932 Bias
556 1903 586 1933 in
603 1904 696 1935 vitam
714 1911 895 1946 resurgeret,
912 1916 929 1936 a
954 1905 1050 1948 [282]
1076 1906 1163 1937 vobis
1186 1906 1381 1937 irrideretur:
1407 1904 1670 1946 quemadmodum

202 1952 302 1993 ipsum
320 1954 486 1985 Daedalum
505 1956 676 1997 sculptores
694 1959 792 1995 aiunt,
809 1960 833 1990 si
848 1959 1033 1991 reviviscens
1049 1960 1122 1990 talia
1138 1959 1312 2000 fabricaret,
1327 1958 1431 2001 qualia
1448 1958 1618 2000 quondam,
1631 1968 1669 1988 ex

202 2006 316 2047 quibus
332 2008 390 2038 sibi
416 2008 544 2050 glori-'nn
569 2014 771 2052 comparavit,
795 2014 960 2044 ridiculum
984 2014 1060 2046 sore.
1105 2014 1187 2044 [111³.
1212 2014 1263 2044 Sic
1286 2025 1318 2044 sc
1336 2024 1384 2044 res
1400 2012 1504 2049 habet,
1521 2017 1556 2042 ut
1570 2014 1627 2049 ais,
1651 2023 1669 2043 ο

201 2061 355 2092 Socrates.
380 2068 580 2094 veruntamen
606 2066 877 2106 priscoshomiues
894 2068 1035 2108 prnsferrc
1052 2078 1173 2109 semper
1199 2066 1423 2098 recentioribus
1447 2066 1608 2106 consuevi,
1637 2073 1673 2098 ut

201 2119 233 2144 et
258 2114 425 2146 viventium
443 2116 592 2147 invidiam
610 2124 641 2149 ct
657 2119 874 2151 defunctorum
892 2121 1138 2162 indignationem
1157 2121 1294 2153 vitarem.
1342 2121 1397 2152 So.
1421 2120 1538 2161 Probe,
1554 2132 1572 2151 o
1589 2121 1671 2163 Hip-

202 2167 267 2208 pia,
291 2172 324 2198 et
347 2168 462 2200 sentire
487 2175 519 2201 ct
544 2171 632 2212 loqui
662 2173 734 2203 mihi
763 2174 887 2205 videris.
912 2185 970 2215 ego
998 2186 1124 2216 quoque
1149 2175 1252 2205 testari
1281 2185 1420 2215 possum,
1439 2179 1468 2204 te
1488 2185 1557 2205 vera
1574 2174 1670 2216 loqui.

199 2230 273 2251 nam
297 2231 401 2252 revera
431 2228 529 2254 vestra
560 2224 691 2256 facultas
724 2228 858 2258 adaucta
880 2233 938 2263 cst,
977 2228 1100 2269 vimque
1125 2228 1262 2268 suscepit
1292 2228 1330 2258 ad
1358 2227 1482 2268 publica
1512 2238 1574 2258 una
1598 2238 1669 2259 cum

201 2274 329 2314 privatis
354 2275 611 2308 administranda.
658 2278 794 2320 Gorgias
821 2281 974 2321 siquidem
999 2281 1068 2316 iste,
1096 2281 1268 2312 Leontinus
1293 2281 1450 2322 Sopliista,
1475 2282 1535 2312 huc
1563 2283 1670 2322 patriau

202 2328 323 2368 legatus
347 2330 488 2364 accessit,
518 2336 626 2371 utpote
655 2334 709 2372 qui
733 2340 813 2364 esset
844 2334 874 2364 in
905 2335 1042 2365 civilium
1073 2346 1170 2365 rerum
1197 2335 1421 2375 gubernatione
1447 2336 1673 2366 Leontinorum

204 2381 341 2412 omniurn
358 2384 624 2422 praestantissimus
639 2397 644 2415 :
664 2386 714 2416 ubi
732 2388 770 2417 ad
790 2388 939 2428 populum
959 2388 1136 2418 concionari
1151 2389 1295 2429 pra-clare
1307 2389 1468 2429 judicatus
1483 2396 1541 2426 est,
1557 2390 1674 2421 deiude

199 2435 342 2475 privatim
360 2435 535 2475 disputans,
561 2442 591 2467 et
610 2449 678 2468 cum
692 2439 862 2480 juvenibus
879 2430 1026 2475 versatus,
1045 2442 1156 2472 multas
1182 2442 1211 2471 in
1229 2443 1285 2473 liae
1308 2444 1380 2474 urbe
1398 2443 1548 2484 pecunias
1564 2454 1674 2475 cumu-

203 2488 290 2519 lavit.
314 2489 389 2529 quin
407 2490 513 2524 ctiam,
541 2491 565 2520 si
580 2492 687 2522 audire
705 2494 764 2532 vis,
781 2495 897 2524 amicus
915 2502 1017 2525 noster
1041 2496 1194 2526 Prodicus
1210 2502 1239 2527 et
1256 2508 1339 2537 saepe
1356 2498 1432 2528 alias
1455 2498 1590 2539 publicis
1606 2508 1672 2528 mu-

204 2542 330 2572 neribus
347 2543 471 2574 functus
488 2549 546 2579 est,
563 2551 593 2576 et
611 2557 709 2587 nuper
724 2558 758 2577 ex
777 2548 857 2579 Chio
875 2549 974 2579 insula
992 2550 1132 2585 veniens,
1150 2561 1218 2580 cum
1245 2551 1369 2591 publice
1386 2551 1416 2581 in
1432 2551 1561 2582 consilio
1578 2551 1674 2582 dixis-

206 2600 264 2631 set,
284 2606 480 2637 summopere
499 2600 645 2638 probatus
661 2606 707 2630 est
724 2611 731 2631 :
758 2607 789 2631 ct
806 2602 946 2642 privatim
965 2602 1129 2637 disserens,
1141 2602 1335 2644 juvenesque
1352 2604 1507 2640 erudiens,
1524 2604 1674 2644 pecunias

206 2647 382 2680 innumeras
398 2656 444 2680 est
460 2651 606 2682 lucratus.
646 2653 670 2683 E
686 2654 793 2694 priscis
809 2661 911 2684 autem
930 2655 988 2685 illis
1005 2657 1107 2686 nullus
1125 2667 1258 2698 unquam
1276 2657 1404 2698 dignum
1422 2657 1674 2698 putavitargcnti

205 2703 378 2733 mercedem
397 2704 497 2743 sequi,
515 2714 568 2735 aut
587 2708 740 2748 propriam
758 2709 943 2749 sapientiam
961 2709 992 2739 in
1010 2716 1090 2740 coetu
1115 2711 1304 2741 dixersorum
1321 2711 1479 2741 hominum
1493 2717 1648 2742 ostentare
1665 2723 1672 2742 :

204 2755 284 2786 adeo
312 2756 410 2797 inepti
434 2763 465 2788 et
492 2759 593 2799 ignavi
619 2767 716 2798 erant,
741 2773 868 2802 eosque,
897 2764 1005 2804 quanti
1029 2771 1188 2804 argentum
1214 2766 1265 2800 sit,
1291 2765 1418 2795 latebat.
1462 2765 1525 2795 Sed
1542 2770 1672 2805 uterque

204 2808 341 2844 illorum,
358 2820 436 2850 quos
454 2813 545 2841 modo
564 2815 663 2849 rotuli,
690 2816 758 2855 plus
773 2817 892 2857 argenti
921 2817 1073 2857 supientia
1091 2829 1156 2854 sua,
1182 2830 1274 2860 quam
1291 2819 1370 2849 alius
1385 2818 1488 2860 quivis
1503 2818 1611 2849 artifex
1634 2829 1672 2850 ex

204 2863 344 2903 qualibet
371 2870 435 2896 arte
462 2867 652 2911 cumulavit:
677 2869 824 2912 idemque
853 2871 1037 2912 Protagoras
1064 2878 1136 2902 ante
1164 2873 1233 2904 illos
1262 2872 1379 2904 effecit.
1427 2871 1506 2902 Hir.
1529 2871 1630 2909 Nihil,
1653 2883 1672 2903 ο

199 2915 353 2954 svesaim,
378 2919 534 2961 egregium
559 2921 616 2954 hac
633 2922 663 2954 in
682 2934 712 2954 re
736 2924 831 2954 nosti.
848 2936 917 2956 nam
942 2926 966 2957 si
984 2925 1114 2961 videres,
1139 2933 1290 2968 ‹pi-'iulum
1315 2937 1372 2968 ego
1396 2925 1515 2968 argenti
1532 2925 1673 2957 lucratus
