1840 3225
243 232 318 274 148
846 233 1110 274 PLATONIS
1307 222 1311 225 ’
1611 241 1710 293 [450

244 336 443 378 speciemque
465 341 562 372 totam
585 336 804 378 disputationis
829 336 922 378 hujus
947 347 1011 368 non
1040 337 1201 369 minimam
1218 337 1383 376 subticere,
1399 349 1439 371 ne
1454 339 1545 371 nobis
1559 350 1712 382 exponas,

244 394 338 431 atque
353 390 511 431 subripere
529 402 536 420 :
560 395 737 432 putansque
761 390 855 423 latere
881 401 938 422 nos
963 391 1158 433 negligenter
1174 392 1291 433 dixisti,
1305 393 1346 423 de
1372 393 1516 424 uxoribus
1532 394 1659 436 quidem
1679 401 1713 426 et

243 442 348 483 pueris
363 443 520 474 constabit
543 443 700 483 omnibus,
723 445 828 474 omnia
852 444 933 475 sicut
958 443 1039 475 inter
1064 445 1180 476 amicos
1208 447 1385 477 communia
1401 456 1469 478 esse
1483 447 1608 479 debere.
1652 448 1711 479 So.

244 495 298 526 An
323 507 386 527 non
403 502 485 528 recte
509 497 586 538 dixi,
609 508 627 528 o
653 497 848 529 Adimante?
893 497 976 530 Ant.
1000 498 1102 530 Recte
1127 499 1292 530 nimirum:
1318 501 1373 532 sed
1397 501 1660 541 quemadmodum
1676 501 1710 532 in

240 550 320 586 aliis,
337 551 380 580 ita
401 550 434 581 in
451 551 510 582 hoc
526 552 693 593 explanare
708 557 842 593 oportet,
858 562 920 593 qua
947 553 1064 584 ratione
1082 553 1126 583 ita
1151 563 1185 584 se
1210 559 1293 585 recte
1320 555 1353 585 id
1380 555 1507 595 habeat,
1528 555 1597 596 quis
1621 565 1709 586 com-

243 603 399 634 munionis
415 605 525 635 modus
541 605 591 636 sit.
614 615 685 635 narn
707 605 794 635 multi
809 616 876 637 esse
901 611 1042 646 possunt.
1064 617 1104 636 ne
1129 606 1223 647 igitur
1238 607 1268 637 id
1286 607 1511 648 praetermittas,
1527 617 1591 649 quo
1605 609 1709 638 minus

243 657 334 688 nobis
360 658 492 699 aperias,
507 669 600 700 quern
631 664 662 689 tu
687 659 882 700 potissimum
909 660 1006 690 dicas.
1052 659 1199 691 Profecto
1225 671 1282 691 nos
1309 661 1363 691 diu
1387 660 1454 702 jam
1481 667 1708 702 exspectamus,

243 717 404 751 sperantes
427 712 637 753 expositurum
663 717 693 743 te
719 718 780 743 tam
807 712 890 744 circa
916 712 1047 743 filiorum
1076 714 1334 754 procreationem,
1359 725 1429 756 quae
1445 715 1486 745 sit
1500 707 1709 756 generationis

242 765 395 801 conditio,
422 776 517 807 quarn
548 767 630 797 circa
654 766 868 806 nutritionem,
895 777 965 808 quae
992 767 1190 798 educationis
1220 768 1325 799 sutura
1350 768 1392 799 sit
1418 768 1517 800 ratio:
1543 768 1708 810 qualisque

241 818 356 850 debeat
369 830 435 851 esse
451 821 518 851 haec
534 820 645 856 omnis,
660 830 752 861 quam
777 826 809 851 tu
833 820 926 856 dicis,
941 821 1102 852 mulierum
1119 821 1313 863 filiorumque
1327 822 1516 853 communio.
1538 823 1705 864 plurimum

241 872 373 914 quippe,
387 874 481 904 immo
497 884 568 904 vero
596 879 696 904 totum
722 874 831 905 referre
856 874 939 904 istud
963 874 1002 905 ad
1019 885 1080 905 rem
1098 875 1254 916 publicam
1271 875 1426 917 ducimus,
1439 881 1564 907 rectene
1578 887 1619 907 an
1642 887 1706 907 non

240 932 324 957 recte
339 933 459 968 agatur.
502 916 598 959 Nunc
613 932 716 958 autern
742 938 813 958 curn
839 938 902 959 rem
930 929 1087 970 publicam
1113 929 1204 959 aliam
1228 929 1427 970 aggrediaris,
1445 930 1622 971 priusquam
1638 931 1707 962 haec

241 980 429 1012 sufficienter
443 982 633 1018 tractaveris,
646 981 746 1012 visum
772 981 804 1012 id
829 982 918 1012 nobis
947 987 1006 1018 est,
1021 983 1106 1023 quod
1124 988 1154 1013 et
1169 983 1236 1023 ipse
1265 982 1361 1024 [450]
1389 983 1502 1013 audisti
1519 994 1558 1014 ne
1574 990 1604 1015 te
1619 984 1706 1015 aliud

240 1035 407 1077 quicquam
418 1035 544 1077 aggredi
558 1035 782 1076 permittamus,
797 1041 964 1076 antequam
980 1037 1048 1067 haec
1065 1036 1181 1074 omnia,
1194 1037 1457 1078 quemadmodum
1469 1037 1541 1074 alia,
1553 1047 1706 1078 exposue-

240 1089 291 1120 ris.
339 1088 454 1120 Grau.
477 1090 535 1120 Me
549 1099 675 1130 quoque
691 1090 850 1121 vobiscum
868 1089 980 1121 sentire
996 1091 1180 1122 existimate.
1225 1091 1339 1123 Tum.
1355 1091 1393 1122 In
1409 1092 1469 1122 hoc
1485 1091 1593 1133 procul
1609 1091 1705 1122 dubio

239 1152 297 1173 nos
312 1144 477 1174 convenire
492 1154 614 1186 omnes,
629 1155 647 1174 o
664 1144 816 1179 Socrates,
833 1149 921 1184 puta.
966 1145 1022 1176 So.
1046 1145 1132 1182 Quid
1149 1145 1254 1187 agitis»,
1271 1146 1411 1184 obsecro,
1425 1146 1478 1187 qui
1496 1156 1544 1176 me
1559 1145 1603 1176 ita
1617 1155 1707 1176 revo-

239 1196 340 1227 catis?
364 1207 456 1238 quarn
481 1208 603 1237 gravem
630 1208 744 1238 rursus,
775 1203 922 1239 tanquam
950 1209 967 1228 a
992 1199 1162 1240 principio,
1188 1200 1431 1241 disputationem
1459 1200 1500 1230 de
1524 1210 1556 1231 re
1579 1198 1706 1241 publica

239 1250 415 1282 suscitatis!
459 1250 585 1292 Nempe
610 1251 787 1292 eg0,quasi
814 1253 893 1283 hanc
916 1252 983 1292 jam
1011 1254 1210 1294 peregissem,
1236 1264 1357 1285 mecum
1380 1254 1448 1295 ipse
1472 1253 1706 1295 congratulatus

237 1314 318 1344 sum,
343 1304 418 1335 satis
445 1305 520 1336 milri
543 1316 610 1336 esse
633 1305 749 1336 factum
775 1306 968 1343 existimans,
996 1307 1020 1337 si
1047 1307 1116 1348 quis
1145 1317 1228 1338 nunc
1256 1307 1394 1338 dimittat
1423 1308 1490 1339 haec
1520 1307 1706 1349 suscipiens,

239 1357 501 1397 quemadmodum
521 1369 615 1399 supra
636 1359 712 1389 dixi.
734 1370 805 1400 quae
821 1370 875 1390 vos
901 1371 984 1390 nunc
1000 1361 1159 1401 exigentes
1175 1361 1301 1391 nescitis
1315 1372 1408 1403 quam
1434 1361 1578 1402 frequens
1593 1361 1705 1402 dispu-

236 1410 391 1441 tationum
406 1412 560 1452 instigetis
575 1422 715 1442 examen.
740 1414 824 1453 quod
853 1424 912 1454 ego
930 1419 1002 1444 tunc
1021 1415 1225 1455 prospiciens,
1243 1414 1342 1445 libens
1365 1414 1444 1445 cessi
1459 1425 1495 1445 ac
1510 1415 1706 1456 praetermisi,

238 1474 278 1494 ne
293 1465 399 1495 crebro
421 1475 478 1495 nos
501 1465 634 1495 tumultu
662 1466 807 1496 turbaret.
850 1466 965 1498 Trina.
990 1466 1043 1497 An
1070 1468 1251 1498 convenisse
1275 1468 1337 1499 huc
1360 1468 1416 1498 hos
1432 1467 1595 1504 arbitraris,
1611 1478 1630 1498 o
1645 1468 1704 1499 So-

237 1522 347 1558 crates,
363 1523 397 1549 ut
411 1529 518 1549 aarum
533 1519 711 1556 funderent,
731 1521 832 1561 potius
856 1532 949 1562 quam
973 1527 1007 1552 ut
1022 1532 1178 1552 sermones
1193 1522 1337 1553 audirent
1351 1522 1362 1552 ?
1407 1521 1463 1554 So.
1488 1521 1534 1553 Ut
1549 1532 1705 1552 sermones

237 1573 381 1603 audirent
395 1573 534 1614 quidem}
550 1574 605 1604 sed
633 1574 818 1605 moderatos.
866 1574 979 1605 GLAU.
1004 1574 1122 1606 Modus
1148 1581 1230 1606 certe
1256 1581 1288 1605 et
1303 1575 1450 1606 terminus
1465 1576 1574 1606 horum
1589 1585 1706 1606 sermo-

238 1636 312 1656 num
328 1627 566 1664 audiendorum,
582 1638 600 1657 0
625 1627 780 1668 socrates,
794 1628 893 1658 omnis
908 1628 972 1658 vita
997 1633 1044 1658 est
1067 1628 1137 1658 viris
1155 1634 1288 1659 mentem
1314 1629 1512 1660 habentibus.
1557 1628 1622 1659 Sed
1647 1639 1705 1660 nos

238 1680 365 1721 quidem
380 1680 467 1711 mitte
484 1693 491 1710 :
516 1686 550 1712 tu
565 1691 636 1712 vero
652 1692 690 1711 ne
706 1682 849 1722 graveris,
866 1682 888 1713 si
907 1682 964 1712 tibi
990 1682 1123 1723 videtur,
1139 1694 1188 1719 ea,
1204 1693 1273 1724 quae
1302 1683 1519 1725 perquirimus,
1534 1683 1704 1720 declarare,

238 1744 308 1775 quae
325 1734 435 1765 nostris
451 1735 632 1766 custodibus
647 1735 729 1767 circa
746 1736 887 1767 mulieres
902 1744 934 1767 et
949 1736 1029 1766 filios
1052 1737 1091 1766 sit
1114 1737 1217 1767 sutura
1233 1737 1422 1774 communio,
1439 1747 1549 1778 quaeve
1564 1738 1703 1768 nutrien-

236 1781 349 1819 dorurn'
364 1799 527 1829 puerorum
553 1789 629 1819 ratio
645 1800 682 1820 eo
709 1789 776 1830 ipso
790 1790 824 1820 in
851 1796 991 1831 tempore
1007 1790 1196 1827 adhibenda,
1221 1791 1305 1831 quod
1323 1791 1554 1831 generationem
1569 1790 1650 1822 inter
1671 1797 1704 1822 et

234 1842 431 1883 disciplinam
447 1843 570 1879 labitur,
586 1853 655 1884 quae
671 1843 909 1874 laboriosissima
927 1849 1009 1874 certe
1026 1854 1091 1874 esse
1109 1844 1241 1875 videtur.
1266 1854 1390 1880 conare,
1407 1854 1598 1885 quaesumus,
1611 1844 1702 1875 nobis

234 1896 302 1926 haec
317 1897 446 1937 aperire.
493 1896 549 1928 So.
574 1896 668 1927 Haud
692 1897 796 1938 facile,
811 1908 830 1927 o
848 1897 890 1927 vir
907 1898 1008 1934 beate,
1025 1898 1170 1938 explicari
1194 1899 1260 1929 haec
1277 1903 1418 1939 possunt.
1444 1897 1546 1938 plures
1561 1898 1644 1929 enim
1667 1898 1702 1929 in

234 1950 293 1986 his,
309 1961 402 1991 quam
419 1951 450 1980 in
467 1951 686 1991 superioribus,
702 1951 810 1982 insunt
825 1951 1055 1992 ambiguitates.
1080 1951 1178 1992 primo
1195 1952 1334 1993 quidem,
1350 1962 1390 1982 an
1406 1951 1469 1982 fieri
1486 1952 1552 1982 haec
1569 1951 1702 1992 possint,

235 2004 439 2034 dubitaretur.
454 2004 528 2044 quin
545 2005 637 2035 etiam
655 2005 678 2035 si
697 2005 828 2046 possint,
846 2010 946 2035 utrum
962 2006 1081 2047 optima
1097 2006 1155 2036 ista
1171 2005 1244 2042 sint,
1262 2012 1294 2036 et
1310 2006 1480 2046 quomodo,
1496 2005 1699 2038 dubitabitur.

233 2063 424 2099 quapropter
453 2058 618 2089 difficultas
643 2059 710 2089 haec
735 2069 785 2089 me
812 2059 1004 2099 dehortatur,
1032 2065 1200 2096 verentem,
1228 2071 1246 2090 o
1274 2059 1375 2090 dulcis
1402 2059 1512 2095 amice,
1527 2069 1567 2089 ne
1593 2064 1700 2090 votum

232 2112 392 2153 quoddam
420 2117 452 2142 et
478 2112 562 2143 fictio
589 2123 655 2142 esse
686 2122 752 2142 mea
779 2113 845 2143 haec
873 2113 972 2142 orati-0
1001 2113 1151 2143 videatur.
1197 2113 1312 2144 Grau.
1337 2112 1388 2143 Ne
1416 2113 1533 2153 pigeat,
1561 2113 1702 2144 obsecro.

232 2175 335 2206 neque
361 2165 443 2196 enim
471 2166 628 2196 auditores
652 2166 745 2196 habes
771 2166 908 2205 ingratos
937 2166 984 2196 vel
1012 2166 1186 2196 incredulos
1219 2166 1267 2197 vel
1297 2166 1476 2196 malevolos.
1521 2166 1578 2197 So.
1603 2166 1633 2196 Ο
1656 2167 1702 2197 vir

232 2219 362 2260 optime,
380 2223 413 2248 ut
427 2218 595 2249 exhorteris
611 2229 672 2258 me,
689 2219 755 2249 haec
771 2219 861 2250 affers
876 2219 887 2249 ?
932 2218 1007 2250 GLA
1015 2230 1046 2249 υ.
1071 2219 1206 2260 Nempe.
1252 2219 1309 2250 So.
1335 2218 1453 2249 Contra
1468 2219 1545 2250 facis
1561 2220 1700 2252 omnino.

232 2283 304 2303 narn
327 2273 351 2303 si
368 2283 488 2304 mecum
516 2273 582 2314 ipse
609 2273 809 2309 confiderem,
827 2283 916 2304 nosse
943 2283 992 2307 ea,
1008 2283 1078 2313 quae
1106 2273 1189 2308 dico,
1208 2278 1290 2303 recta
1316 2277 1397 2303 esset
1422 2273 1488 2303 haec
1514 2273 1700 2307 consolatio.

231 2336 347 2367 nempe
362 2332 462 2356 tutum
489 2333 538 2357 est
562 2332 594 2356 et
623 2327 816 2366 audendum,
832 2326 911 2356 inter
937 2327 1054 2356 amicos
1083 2327 1314 2367 prudentesque
1339 2325 1431 2360 viros,
1449 2336 1520 2356 vera
1543 2337 1613 2367 quae
1629 2327 1699 2368 quis

231 2381 406 2421 cognoscit,
436 2381 476 2410 de
507 2380 648 2410 maximis
677 2379 881 2421 pretiosisque
912 2380 999 2410 rebus
1024 2380 1234 2420 pronuntiare.
1265 2390 1335 2410 cum
1361 2379 1536 2410 diffidentia
1565 2390 1636 2410 vero
1666 2386 1700 2412 et

230 2434 434 2474 ambiguitate
458 2433 550 2464 verba
575 2433 688 2470 facere,
714 2434 976 2475 quemadmodum
1005 2434 1072 2474 ipse
1100 2433 1192 2469 facio,
1220 2433 1421 2464 metuendum
1449 2439 1497 2464 est
1523 2438 1556 2464 et
1580 2433 1696 2475 faliqx:

230 2487 313 2517 haud
331 2487 722 2528 formidandum‚inquam,
740 2498 778 2518 ne
800 2487 892 2518 risum
909 2486 1108 2517 audientibus
1127 2487 1224 2529 [451]
1243 2497 1382 2518 moveam
1398 2499 1406 2518 :
1432 2497 1503 2517 nam
1529 2488 1647 2529 puerile
1662 2488 1697 2520 id

230 2540 382 2581 quidem:
408 2541 463 2571 sed
489 2551 528 2572 ne
555 2551 573 2571 a
598 2551 668 2572 vero
696 2541 803 2582 procul
828 2542 970 2572 aberrans
998 2547 1030 2572 et
1055 2542 1122 2582 ipse
1149 2541 1276 2572 falsitati
1292 2541 1503 2581 succumbam,
1523 2546 1556 2571 et
1580 2542 1698 2572 amicos

231 2603 352 2623 mecum
378 2595 494 2624 traham
519 2594 551 2624 in
576 2595 707 2631 ruinam,
724 2600 756 2625 et
779 2595 810 2625 in
839 2594 885 2625 liis
913 2605 974 2624 una
999 2595 1202 2636 decipiamur,
1217 2595 1250 2625 iu
1275 2595 1387 2636 quibus
1413 2594 1540 2624 minime
1556 2595 1697 2626 omnium

229 2657 328 2678 errare
354 2647 533 2678 conveniat.
579 2647 688 2678 Adoro
713 2648 818 2690 itaque
845 2648 977 2690 supplex
1003 2648 1183 2679 Adrastiam
1211 2649 1251 2679 ob
1277 2659 1326 2684 ea,
1352 2658 1422 2689 quae
1450 2647 1590 2678 dicturus
1614 2659 1695 2687 sum,

230 2700 365 2731 Glauco.
389 2710 455 2730 reor
470 2701 553 2731 enim
579 2701 680 2735 minus
696 2712 767 2733 eum
791 2702 984 2744 delinquere,
1008 2701 1062 2744 qui
1079 2713 1141 2732 non
1159 2708 1271 2743 sponte
1296 2702 1430 2743 aliquem
1449 2700 1585 2742 perimit,
1599 2711 1694 2743 quam

229 2754 283 2795 qui
299 2754 381 2785 circa
405 2753 642 2785 constitutiones
658 2756 698 2786 de
714 2756 853 2787 honestis
879 2762 910 2787 et
928 2756 1015 2787 bonis
1029 2756 1186 2799 justisque
1210 2756 1300 2787 fallit.
1324 2756 1383 2786 hoc
1409 2759 1512 2785 autem
1528 2754 1694 2786 discrimen

230 2807 330 2839 subire
343 2813 472 2848 praestat
488 2808 566 2839 inter
590 2809 732 2840 inimicos
756 2810 897 2842 homines
922 2820 1014 2851 quarn
1040 2811 1166 2842 amicos.
1191 2820 1285 2852 quare
1311 2808 1433 2849 melius,
1448 2818 1466 2838 ο
1491 2806 1629 2848 Glauco,
1645 2818 1695 2840 me

228 2861 399 2894 consolare.
443 2861 629 2894 Gratum
652 2864 748 2901 enim,
763 2875 782 2895 ο
806 2865 959 2902 Socrates,
986 2865 1012 2896 si
1042 2875 1105 2906 quo
1134 2869 1227 2905 pacto
1253 2872 1310 2894 nos
1335 2873 1373 2893 ex
1397 2862 1455 2894 hac
1480 2860 1694 2902 disputatione
