<?xml version="1.0" encoding="UTF-8"?>
<!DOCTYPE html PUBLIC "-//W3C//DTD XHTML 1.0 Transitional//EN"
    "http://www.w3.org/TR/xhtml1/DTD/xhtml1-transitional.dtd">
<html xmlns="http://www.w3.org/1999/xhtml" xml:lang="en" lang="en">
 <head>
  <title>
</title>
<meta http-equiv="Content-Type" content="text/html;charset=utf-8" />
  <meta name='ocr-system' content='tesseract 3.04.00' />
  <meta name='ocr-capabilities' content='ocr_page ocr_carea ocr_par ocr_line ocrx_word'/>
</head>
<body>
  <div class='ocr_page' id='page_1' title='image "./platonisetquaeve11plat_0337.png"; bbox 0 0 1840 3225; ppageno 0'>
   <div class='ocr_carea' id='block_1_1' title="bbox 181 208 1634 259">
    <p class='ocr_par' dir='ltr' id='par_1_1' title="bbox 181 208 1634 259">
     <span class='ocr_line' id='line_1_1' title="bbox 181 208 1634 259; baseline -0.001 -11"><span class='ocrx_word' id='word_1_1' title='bbox 181 210 278 259; x_wconf 75' lang='lat'>696]</span> <span class='ocrx_word' id='word_1_2' title='bbox 634 209 701 247; x_wconf 85' lang='lat' dir='ltr'><strong>DE</strong></span> <span class='ocrx_word' id='word_1_3' title='bbox 737 208 963 246; x_wconf 70' lang='lat' dir='ltr'><strong>Lamnus·</strong></span> <span class='ocrx_word' id='word_1_4' title='bbox 997 210 1093 248; x_wconf 65' lang='grc' dir='ltr'><strong>ΜΒ.</strong></span> <span class='ocrx_word' id='word_1_5' title='bbox 1129 208 1197 246; x_wconf 76' lang='grc' dir='ltr'>ιιι.</span> <span class='ocrx_word' id='word_1_6' title='bbox 1566 212 1634 247; x_wconf 72' lang='lat'><strong>321</strong></span> 
     </span>
    </p>
   </div>
   <div class='ocr_carea' id='block_1_2' title="bbox 175 312 1652 2914">
    <p class='ocr_par' dir='ltr' id='par_1_2' title="bbox 175 312 1652 2914">
     <span class='ocr_line' id='line_1_2' title="bbox 181 312 1638 355; baseline 0 -11"><span class='ocrx_word' id='word_1_7' title='bbox 181 314 363 355; x_wconf 86' lang='lat' dir='ltr'><strong>postularet.</strong></span> <span class='ocrx_word' id='word_1_8' title='bbox 407 314 546 354; x_wconf 74' lang='lat' dir='ltr'>permisit</span> <span class='ocrx_word' id='word_1_9' title='bbox 576 319 689 349; x_wconf 83' lang='lat' dir='ltr'><strong>autem,</strong></span> <span class='ocrx_word' id='word_1_10' title='bbox 719 318 752 344; x_wconf 81' lang='lat' dir='ltr'><strong>ut</strong></span> <span class='ocrx_word' id='word_1_11' title='bbox 781 313 926 344; x_wconf 75' lang='lat' dir='ltr'><strong>mulieres</strong></span> <span class='ocrx_word' id='word_1_12' title='bbox 955 319 985 343; x_wconf 84' lang='lat' dir='ltr'><strong>et</strong></span> <span class='ocrx_word' id='word_1_13' title='bbox 1014 314 1148 344; x_wconf 77' lang='lat' dir='ltr'><strong>eunuchi</strong></span> <span class='ocrx_word' id='word_1_14' title='bbox 1173 312 1340 344; x_wconf 78' lang='lat' dir='ltr'>Medorum</span> <span class='ocrx_word' id='word_1_15' title='bbox 1370 313 1428 344; x_wconf 86' lang='lat' dir='ltr'><strong>ritu</strong></span> <span class='ocrx_word' id='word_1_16' title='bbox 1459 312 1541 344; x_wconf 80' lang='lat' dir='ltr'><strong>filios</strong></span> <span class='ocrx_word' id='word_1_17' title='bbox 1570 313 1638 355; x_wconf 84' lang='lat' dir='ltr'><strong>ejus</strong></span> 
     </span>
     <span class='ocr_line' id='line_1_3' title="bbox 183 367 1640 410; baseline 0 -12"><span class='ocrx_word' id='word_1_18' title='bbox 183 367 361 400; x_wconf 81' lang='lat' dir='ltr'><strong>nutrirent:</strong></span> <span class='ocrx_word' id='word_1_19' title='bbox 385 378 516 410; x_wconf 88' lang='lat' dir='ltr'><strong>quorum</strong></span> <span class='ocrx_word' id='word_1_20' title='bbox 538 368 683 398; x_wconf 84' lang='lat' dir='ltr'><strong>educatio</strong></span> <span class='ocrx_word' id='word_1_21' title='bbox 707 367 746 398; x_wconf 89' lang='lat' dir='ltr'><strong>ab</strong></span> <span class='ocrx_word' id='word_1_22' title='bbox 771 377 820 403; x_wconf 82' lang='lat' dir='ltr'><strong>ea,</strong></span> <span class='ocrx_word' id='word_1_23' title='bbox 834 378 903 409; x_wconf 56' lang='lat' dir='ltr'><strong>quau</strong></span> <span class='ocrx_word' id='word_1_24' title='bbox 926 368 1019 408; x_wconf 81' lang='lat' dir='ltr'><strong>vulgo</strong></span> <span class='ocrx_word' id='word_1_25' title='bbox 1043 367 1237 398; x_wconf 78' lang='lat' dir='ltr'><strong>existimatur</strong></span> <span class='ocrx_word' id='word_1_26' title='bbox 1260 367 1405 404; x_wconf 80' lang='lat' dir='ltr'><strong>felicitas,</strong></span> <span class='ocrx_word' id='word_1_27' title='bbox 1422 372 1565 409; x_wconf 84' lang='lat' dir='ltr'><strong>corrupta</strong></span> <span class='ocrx_word' id='word_1_28' title='bbox 1580 374 1640 399; x_wconf 87' lang='lat' dir='ltr'><strong>est.</strong></span> 
     </span>
     <span class='ocr_line' id='line_1_4' title="bbox 183 421 1641 464; baseline -0.001 -10"><span class='ocrx_word' id='word_1_29' title='bbox 183 423 266 454; x_wconf 85' lang='lat' dir='ltr'><strong>unde</strong></span> <span class='ocrx_word' id='word_1_30' title='bbox 292 423 373 454; x_wconf 87' lang='lat' dir='ltr'><strong>tales</strong></span> <span class='ocrx_word' id='word_1_31' title='bbox 398 427 574 457; x_wconf 84' lang='lat' dir='ltr'><strong>evaserunt,</strong></span> <span class='ocrx_word' id='word_1_32' title='bbox 590 423 700 463; x_wconf 83' lang='lat' dir='ltr'><strong>quales</strong></span> <span class='ocrx_word' id='word_1_33' title='bbox 725 422 789 452; x_wconf 84' lang='lat' dir='ltr'><strong>fieri</strong></span> <span class='ocrx_word' id='word_1_34' title='bbox 815 422 1023 453; x_wconf 79' lang='lat' dir='ltr'><strong>conveniebat</strong></span> <span class='ocrx_word' id='word_1_35' title='bbox 1051 433 1114 458; x_wconf 75' lang='lat' dir='ltr'><strong>eos,</strong></span> <span class='ocrx_word' id='word_1_36' title='bbox 1131 422 1183 464; x_wconf 91' lang='lat' dir='ltr'><strong>qui</strong></span> <span class='ocrx_word' id='word_1_37' title='bbox 1206 422 1237 452; x_wconf 91' lang='lat' dir='ltr'><strong>in</strong></span> <span class='ocrx_word' id='word_1_38' title='bbox 1253 432 1372 453; x_wconf 88' lang='lat' dir='ltr'><strong>summa</strong></span> <span class='ocrx_word' id='word_1_39' title='bbox 1389 432 1489 453; x_wconf 84' lang='lat' dir='ltr'><strong>rerum</strong></span> <span class='ocrx_word' id='word_1_40' title='bbox 1509 421 1641 453; x_wconf 71' lang='lat' dir='ltr'><strong>licentia</strong></span> 
     </span>
     <span class='ocr_line' id='line_1_5' title="bbox 180 475 1640 518; baseline -0.001 -10"><span class='ocrx_word' id='word_1_41' title='bbox 180 478 289 509; x_wconf 86' lang='lat' dir='ltr'><strong>nutriti</strong></span> <span class='ocrx_word' id='word_1_42' title='bbox 302 477 446 508; x_wconf 81' lang='lat' dir='ltr'><strong>fuissent.</strong></span> <span class='ocrx_word' id='word_1_43' title='bbox 489 477 569 508; x_wconf 89' lang='lat' dir='ltr'><strong>Cum</strong></span> <span class='ocrx_word' id='word_1_44' title='bbox 590 476 695 517; x_wconf 81' lang='lat' dir='ltr'><strong>igitur,</strong></span> <span class='ocrx_word' id='word_1_45' title='bbox 722 482 843 507; x_wconf 84' lang='lat' dir='ltr'><strong>mortuo</strong></span> <span class='ocrx_word' id='word_1_46' title='bbox 877 477 967 518; x_wconf 69' lang='lat' dir='ltr'><strong>Cyto,</strong></span> <span class='ocrx_word' id='word_1_47' title='bbox 982 488 1082 507; x_wconf 71' lang='lat' dir='ltr'><strong>remu)</strong></span> <span class='ocrx_word' id='word_1_48' title='bbox 1099 477 1189 518; x_wconf 89' lang='lat' dir='ltr'><strong>potiti</strong></span> <span class='ocrx_word' id='word_1_49' title='bbox 1205 482 1288 517; x_wconf 83' lang='lat' dir='ltr'><strong>sunt,</strong></span> <span class='ocrx_word' id='word_1_50' title='bbox 1305 482 1411 517; x_wconf 88' lang='lat' dir='ltr'><strong>utpote</strong></span> <span class='ocrx_word' id='word_1_51' title='bbox 1427 477 1481 517; x_wconf 89' lang='lat' dir='ltr'><strong>qui</strong></span> <span class='ocrx_word' id='word_1_52' title='bbox 1497 475 1640 507; x_wconf 74' lang='lat' dir='ltr'>resolutis</span> 
     </span>
     <span class='ocr_line' id='line_1_6' title="bbox 179 529 1639 572; baseline -0.001 -10"><span class='ocrx_word' id='word_1_53' title='bbox 179 532 302 563; x_wconf 83' lang='lat' dir='ltr'><strong>deliciis</strong></span> <span class='ocrx_word' id='word_1_54' title='bbox 323 532 432 562; x_wconf 82' lang='lat' dir='ltr'><strong>nutriti</strong></span> <span class='ocrx_word' id='word_1_55' title='bbox 456 537 572 566; x_wconf 81' lang='lat' dir='ltr'><strong>essent,</strong></span> <span class='ocrx_word' id='word_1_56' title='bbox 587 531 723 572; x_wconf 87' lang='lat' dir='ltr'><strong>primum</strong></span> <span class='ocrx_word' id='word_1_57' title='bbox 747 531 836 566; x_wconf 85' lang='lat' dir='ltr'><strong>alter,</strong></span> <span class='ocrx_word' id='word_1_58' title='bbox 852 531 1063 572; x_wconf 60' lang='lat' dir='ltr'><strong>aequalitatem</strong></span> <span class='ocrx_word' id='word_1_59' title='bbox 1082 542 1142 563; x_wconf 90' lang='lat' dir='ltr'><strong>non</strong></span> <span class='ocrx_word' id='word_1_60' title='bbox 1167 531 1282 567; x_wconf 78' lang='lat' dir='ltr'><strong>ferens,</strong></span> <span class='ocrx_word' id='word_1_61' title='bbox 1298 532 1433 561; x_wconf 84' lang='lat' dir='ltr'><strong>alterum</strong></span> <span class='ocrx_word' id='word_1_62' title='bbox 1458 529 1639 561; x_wconf 79' lang='lat' dir='ltr'><strong>interfecit:</strong></span> 
     </span>
     <span class='ocr_line' id='line_1_7' title="bbox 181 584 1640 628; baseline -0.002 -11"><span class='ocrx_word' id='word_1_63' title='bbox 181 585 297 617; x_wconf 86' lang='lat' dir='ltr'><strong>deinde</strong></span> <span class='ocrx_word' id='word_1_64' title='bbox 311 586 392 628; x_wconf 84' lang='lat' dir='ltr'><strong>ipse,</strong></span> <span class='ocrx_word' id='word_1_65' title='bbox 418 585 593 626; x_wconf 82' lang='lat' dir='ltr'>ignorantia</span> <span class='ocrx_word' id='word_1_66' title='bbox 622 585 837 626; x_wconf 85' lang='lat' dir='ltr'><strong>ebrietateque</strong></span> <span class='ocrx_word' id='word_1_67' title='bbox 865 585 982 621; x_wconf 84' lang='lat' dir='ltr'><strong>furens,</strong></span> <span class='ocrx_word' id='word_1_68' title='bbox 1008 586 1216 627; x_wconf 83' lang='lat' dir='ltr'>principatum</span> <span class='ocrx_word' id='word_1_69' title='bbox 1234 585 1383 626; x_wconf 84' lang='lat' dir='ltr'><strong>perdidit.</strong></span> <span class='ocrx_word' id='word_1_70' title='bbox 1428 584 1522 615; x_wconf 85' lang='lat' dir='ltr'>Medi</span> <span class='ocrx_word' id='word_1_71' title='bbox 1544 585 1640 620; x_wconf 85' lang='lat' dir='ltr'><strong>enim,</strong></span> 
     </span>
     <span class='ocr_line' id='line_1_8' title="bbox 179 637 1642 682; baseline 0 -11"><span class='ocrx_word' id='word_1_72' title='bbox 179 650 216 671; x_wconf 84' lang='lat' dir='ltr'><strong>ac</strong></span> <span class='ocrx_word' id='word_1_73' title='bbox 243 640 369 682; x_wconf 90' lang='lat' dir='ltr'><strong>quidam</strong></span> <span class='ocrx_word' id='word_1_74' title='bbox 393 639 563 670; x_wconf 85' lang='lat' dir='ltr'><strong>Eunuchus</strong></span> <span class='ocrx_word' id='word_1_75' title='bbox 595 646 667 670; x_wconf 83' lang='lat' dir='ltr'><strong>tunc</strong></span> <span class='ocrx_word' id='word_1_76' title='bbox 694 639 807 675; x_wconf 85' lang='lat' dir='ltr'><strong>dictus.</strong></span> <span class='ocrx_word' id='word_1_77' title='bbox 824 640 926 680; x_wconf 89' lang='lat' dir='ltr'><strong>ipsum</strong></span> <span class='ocrx_word' id='word_1_78' title='bbox 951 641 1039 681; x_wconf 83' lang='lat' dir='ltr'><strong>quasi</strong></span> <span class='ocrx_word' id='word_1_79' title='bbox 1063 646 1219 672; x_wconf 80' lang='lat' dir='ltr'><strong>amentem</strong></span> <span class='ocrx_word' id='word_1_80' title='bbox 1247 645 1514 680; x_wconf 78' lang='lat' dir='ltr'><strong>contempserunt.</strong></span> <span class='ocrx_word' id='word_1_81' title='bbox 1562 637 1642 671; x_wconf 75' lang='lat' dir='ltr'><strong>Cu.</strong></span> 
     </span>
     <span class='ocr_line' id='line_1_9' title="bbox 178 693 1641 736; baseline -0.001 -11"><span class='ocrx_word' id='word_1_82' title='bbox 178 694 230 726; x_wconf 86' lang='lat' dir='ltr'><strong>Sic</strong></span> <span class='ocrx_word' id='word_1_83' title='bbox 252 695 359 730; x_wconf 79' lang='lat' dir='ltr'><strong>fertur,</strong></span> <span class='ocrx_word' id='word_1_84' title='bbox 373 698 467 734; x_wconf 84' lang='lat' dir='ltr'><strong>atque</strong></span> <span class='ocrx_word' id='word_1_85' title='bbox 491 694 532 724; x_wconf 88' lang='lat' dir='ltr'><strong>ita</strong></span> <span class='ocrx_word' id='word_1_86' title='bbox 558 694 655 724; x_wconf 85' lang='lat' dir='ltr'><strong>ferme</strong></span> <span class='ocrx_word' id='word_1_87' title='bbox 683 694 852 735; x_wconf 79' lang='lat' dir='ltr'><strong>contigisse</strong></span> <span class='ocrx_word' id='word_1_88' title='bbox 876 694 1009 726; x_wconf 84' lang='lat' dir='ltr'><strong>videtur.</strong></span> <span class='ocrx_word' id='word_1_89' title='bbox 1055 694 1194 726; x_wconf 67' lang='lat' dir='ltr'><strong>Arnen.</strong></span> <span class='ocrx_word' id='word_1_90' title='bbox 1219 695 1318 736; x_wconf 80' lang='lat' dir='ltr'><strong>Atqui</strong></span> <span class='ocrx_word' id='word_1_91' title='bbox 1341 700 1372 725; x_wconf 89' lang='lat' dir='ltr'><strong>et</strong></span> <span class='ocrx_word' id='word_1_92' title='bbox 1387 695 1445 724; x_wconf 89' lang='lat' dir='ltr'><strong>hoc</strong></span> <span class='ocrx_word' id='word_1_93' title='bbox 1461 693 1567 728; x_wconf 78' lang='lat' dir='ltr'><strong>fertur,</strong></span> <span class='ocrx_word' id='word_1_94' title='bbox 1584 703 1641 733; x_wconf 88' lang='lat' dir='ltr'><strong>per</strong></span> 
     </span>
     <span class='ocr_line' id='line_1_10' title="bbox 178 747 1641 790; baseline -0.001 -11"><span class='ocrx_word' id='word_1_95' title='bbox 178 748 312 779; x_wconf 85' lang='lat' dir='ltr'><strong>Darium</strong></span> <span class='ocrx_word' id='word_1_96' title='bbox 327 754 511 789; x_wconf 76' lang='lat' dir='ltr'><strong>septemque</strong></span> <span class='ocrx_word' id='word_1_97' title='bbox 523 748 595 779; x_wconf 85' lang='lat' dir='ltr'><strong>illos</strong></span> <span class='ocrx_word' id='word_1_98' title='bbox 612 748 691 779; x_wconf 81' lang='lat' dir='ltr'><strong>viros</strong></span> <span class='ocrx_word' id='word_1_99' title='bbox 703 748 914 790; x_wconf 81' lang='lat' dir='ltr'><strong>principatum</strong></span> <span class='ocrx_word' id='word_1_100' title='bbox 930 750 962 780; x_wconf 92' lang='lat' dir='ltr'><strong>in</strong></span> <span class='ocrx_word' id='word_1_101' title='bbox 988 749 1100 781; x_wconf 80' lang='lat' dir='ltr'><strong>Persas</strong></span> <span class='ocrx_word' id='word_1_102' title='bbox 1113 750 1226 780; x_wconf 86' lang='lat' dir='ltr'><strong>iterum</strong></span> <span class='ocrx_word' id='word_1_103' title='bbox 1242 750 1382 780; x_wconf 83' lang='lat' dir='ltr'><strong>rediisse.</strong></span> <span class='ocrx_word' id='word_1_104' title='bbox 1427 747 1503 778; x_wconf 75' lang='lat' dir='ltr'><strong>Cu.</strong></span> <span class='ocrx_word' id='word_1_105' title='bbox 1528 747 1641 778; x_wconf 85' lang='lat' dir='ltr'><strong>Plane.</strong></span> 
     </span>
     <span class='ocr_line' id='line_1_11' title="bbox 179 801 1642 845; baseline 0 -13"><span class='ocrx_word' id='word_1_106' title='bbox 179 801 317 834; x_wconf 64' lang='lat' dir='ltr'><strong>Arnen.</strong></span> <span class='ocrx_word' id='word_1_107' title='bbox 339 803 547 845; x_wconf 85' lang='lat' dir='ltr'><strong>Inspiciamus</strong></span> <span class='ocrx_word' id='word_1_108' title='bbox 574 803 678 844; x_wconf 79' lang='lat' dir='ltr'><strong>igitur,</strong></span> <span class='ocrx_word' id='word_1_109' title='bbox 694 805 849 834; x_wconf 89' lang='lat' dir='ltr'><strong>rationem</strong></span> <span class='ocrx_word' id='word_1_110' title='bbox 873 809 1053 845; x_wconf 82' lang='lat' dir='ltr'><strong>sequentes.</strong></span> <span class='ocrx_word' id='word_1_111' title='bbox 1099 804 1216 835; x_wconf 87' lang='lat' dir='ltr'><strong>Darius</strong></span> <span class='ocrx_word' id='word_1_112' title='bbox 1229 814 1288 835; x_wconf 89' lang='lat' dir='ltr'><strong>nec</strong></span> <span class='ocrx_word' id='word_1_113' title='bbox 1303 803 1385 845; x_wconf 81' lang='lat' dir='ltr'><strong>regis</strong></span> <span class='ocrx_word' id='word_1_114' title='bbox 1402 807 1470 833; x_wconf 88' lang='lat' dir='ltr'><strong>erat</strong></span> <span class='ocrx_word' id='word_1_115' title='bbox 1484 801 1566 833; x_wconf 87' lang='lat' dir='ltr'><strong>filius</strong></span> <span class='ocrx_word' id='word_1_116' title='bbox 1582 811 1642 832; x_wconf 89' lang='lat' dir='ltr'><strong>nec</strong></span> 
     </span>
     <span class='ocr_line' id='line_1_12' title="bbox 175 853 1640 901; baseline 0.001 -16"><span class='ocrx_word' id='word_1_117' title='bbox 175 853 208 885; x_wconf 87' lang='lat' dir='ltr'><strong>in</strong></span> <span class='ocrx_word' id='word_1_118' title='bbox 227 854 349 886; x_wconf 86' lang='lat' dir='ltr'><strong>deliciis</strong></span> <span class='ocrx_word' id='word_1_119' title='bbox 376 858 538 889; x_wconf 81' lang='lat' dir='ltr'><strong>enutritus.</strong></span> <span class='ocrx_word' id='word_1_120' title='bbox 560 857 586 888; x_wconf 89' lang='lat' dir='ltr'><strong>is</strong></span> <span class='ocrx_word' id='word_1_121' title='bbox 614 869 685 890; x_wconf 88' lang='lat' dir='ltr'><strong>cum</strong></span> <span class='ocrx_word' id='word_1_122' title='bbox 715 858 754 889; x_wconf 87' lang='lat' dir='ltr'><strong>ad</strong></span> <span class='ocrx_word' id='word_1_123' title='bbox 769 858 981 901; x_wconf 82' lang='lat' dir='ltr'><strong>principatum</strong></span> <span class='ocrx_word' id='word_1_124' title='bbox 1011 860 1206 900; x_wconf 83' lang='lat' dir='ltr'><strong>pervenisset</strong></span> <span class='ocrx_word' id='word_1_125' title='bbox 1233 859 1446 900; x_wconf 87' lang='lat' dir='ltr'><strong>septimusque</strong></span> <span class='ocrx_word' id='word_1_126' title='bbox 1468 857 1573 897; x_wconf 87' lang='lat' dir='ltr'><strong>ipsum</strong></span> <span class='ocrx_word' id='word_1_127' title='bbox 1588 866 1640 887; x_wconf 85' lang='lat' dir='ltr'><strong>ac-</strong></span> 
     </span>
     <span class='ocr_line' id='line_1_13' title="bbox 175 908 1640 952; baseline 0.001 -13"><span class='ocrx_word' id='word_1_128' title='bbox 175 908 313 949; x_wconf 86' lang='lat' dir='ltr'><strong>cipisset,</strong></span> <span class='ocrx_word' id='word_1_129' title='bbox 327 915 450 952; x_wconf 86' lang='lat' dir='ltr'><strong>septem</strong></span> <span class='ocrx_word' id='word_1_130' title='bbox 464 910 498 941; x_wconf 88' lang='lat' dir='ltr'><strong>in</strong></span> <span class='ocrx_word' id='word_1_131' title='bbox 509 916 615 952; x_wconf 86' lang='lat' dir='ltr'><strong>partes</strong></span> <span class='ocrx_word' id='word_1_132' title='bbox 638 911 744 952; x_wconf 82' lang='lat' dir='ltr'><strong>ipsum</strong></span> <span class='ocrx_word' id='word_1_133' title='bbox 769 911 902 950; x_wconf 86' lang='lat' dir='ltr'><strong>partitus</strong></span> <span class='ocrx_word' id='word_1_134' title='bbox 925 915 983 946; x_wconf 85' lang='lat' dir='ltr'><strong>est,</strong></span> <span class='ocrx_word' id='word_1_135' title='bbox 1007 921 1134 951; x_wconf 88' lang='lat' dir='ltr'><strong>quarum</strong></span> <span class='ocrx_word' id='word_1_136' title='bbox 1158 911 1251 942; x_wconf 91' lang='lat' dir='ltr'><strong>hodie</strong></span> <span class='ocrx_word' id='word_1_137' title='bbox 1267 910 1369 941; x_wconf 84' lang='lat' dir='ltr'><strong>adhuc</strong></span> <span class='ocrx_word' id='word_1_138' title='bbox 1386 920 1482 952; x_wconf 85' lang='lat' dir='ltr'><strong>parva</strong></span> <span class='ocrx_word' id='word_1_139' title='bbox 1496 911 1640 951; x_wconf 81' lang='lat' dir='ltr'><strong>quaedarn</strong></span> 
     </span>
     <span class='ocr_line' id='line_1_14' title="bbox 177 963 1641 1006; baseline 0.002 -13"><span class='ocrx_word' id='word_1_140' title='bbox 177 963 299 994; x_wconf 85' lang='lat' dir='ltr'><strong>somnia</strong></span> <span class='ocrx_word' id='word_1_141' title='bbox 312 970 451 995; x_wconf 83' lang='lat' dir='ltr'><strong>restant:</strong></span> <span class='ocrx_word' id='word_1_142' title='bbox 478 966 662 1006; x_wconf 79' lang='lat' dir='ltr'><strong>censuitque.</strong></span> <span class='ocrx_word' id='word_1_143' title='bbox 692 964 857 995; x_wconf 68' lang='lat' dir='ltr'><strong>vivendum</strong></span> <span class='ocrx_word' id='word_1_144' title='bbox 883 976 951 995; x_wconf 64' lang='lat' dir='ltr'><strong>esse</strong></span> <span class='ocrx_word' id='word_1_145' title='bbox 969 965 1023 996; x_wconf 70' lang='lat' dir='ltr'><strong>sub</strong></span> <span class='ocrx_word' id='word_1_146' title='bbox 1046 965 1167 1006; x_wconf 85' lang='lat' dir='ltr'><strong>legibus</strong></span> <span class='ocrx_word' id='word_1_147' title='bbox 1194 965 1234 995; x_wconf 91' lang='lat' dir='ltr'><strong>ad</strong></span> <span class='ocrx_word' id='word_1_148' title='bbox 1253 975 1453 996; x_wconf 86' lang='lat' dir='ltr'><strong>communem</strong></span> <span class='ocrx_word' id='word_1_149' title='bbox 1478 965 1641 1006; x_wconf 87' lang='lat' dir='ltr'><strong>quandam</strong></span> 
     </span>
     <span class='ocr_line' id='line_1_15' title="bbox 179 1017 1642 1060; baseline 0.001 -12"><span class='ocrx_word' id='word_1_150' title='bbox 179 1017 410 1050; x_wconf 81' lang='lat' dir='ltr'><strong>conserentibus</strong></span> <span class='ocrx_word' id='word_1_151' title='bbox 439 1020 674 1060; x_wconf 63' lang='lat' dir='ltr'><strong>aequalitatem:</strong></span> <span class='ocrx_word' id='word_1_152' title='bbox 702 1025 796 1060; x_wconf 90' lang='lat' dir='ltr'><strong>atque</strong></span> <span class='ocrx_word' id='word_1_153' title='bbox 820 1020 851 1049; x_wconf 91' lang='lat' dir='ltr'><strong>id</strong></span> <span class='ocrx_word' id='word_1_154' title='bbox 881 1020 925 1050; x_wconf 86' lang='lat' dir='ltr'><strong>ita</strong></span> <span class='ocrx_word' id='word_1_155' title='bbox 950 1020 1063 1056; x_wconf 66' lang='lat' dir='ltr'><strong>samir,</strong></span> <span class='ocrx_word' id='word_1_156' title='bbox 1089 1019 1404 1060; x_wconf 82' lang='lat' dir='ltr'><strong>distributionemque</strong></span> <span class='ocrx_word' id='word_1_157' title='bbox 1433 1019 1531 1054; x_wconf 90' lang='lat' dir='ltr'><strong>illam,</strong></span> <span class='ocrx_word' id='word_1_158' title='bbox 1548 1028 1642 1060; x_wconf 87' lang='lat' dir='ltr'><strong>quam</strong></span> 
     </span>
     <span class='ocr_line' id='line_1_16' title="bbox 182 1071 1641 1115; baseline 0.001 -13"><span class='ocrx_word' id='word_1_159' title='bbox 182 1071 282 1114; x_wconf 81' lang='lat' dir='ltr'><strong>Cyrus</strong></span> <span class='ocrx_word' id='word_1_160' title='bbox 305 1074 412 1104; x_wconf 73' lang='lat' dir='ltr'><strong>Persis</strong></span> <span class='ocrx_word' id='word_1_161' title='bbox 435 1074 595 1115; x_wconf 76' lang='lat' dir='ltr'><strong>pollicitus</strong></span> <span class='ocrx_word' id='word_1_162' title='bbox 611 1074 722 1110; x_wconf 80' lang='lat' dir='ltr'><strong>suerat,</strong></span> <span class='ocrx_word' id='word_1_163' title='bbox 739 1074 807 1115; x_wconf 83' lang='lat' dir='ltr'><strong>lege</strong></span> <span class='ocrx_word' id='word_1_164' title='bbox 833 1075 1017 1115; x_wconf 79' lang='lat' dir='ltr'><strong>complexus</strong></span> <span class='ocrx_word' id='word_1_165' title='bbox 1040 1079 1098 1110; x_wconf 77' lang='lat' dir='ltr'><strong>est,</strong></span> <span class='ocrx_word' id='word_1_166' title='bbox 1124 1074 1295 1106; x_wconf 78' lang='lat' dir='ltr'><strong>amicitiam</strong></span> <span class='ocrx_word' id='word_1_167' title='bbox 1321 1073 1641 1114; x_wconf 79' lang='lat' dir='ltr'><strong>communitatemque</strong></span> 
     </span>
     <span class='ocr_line' id='line_1_17' title="bbox 181 1125 1645 1170; baseline 0.001 -14"><span class='ocrx_word' id='word_1_168' title='bbox 181 1125 285 1157; x_wconf 84' lang='lat' dir='ltr'><strong>Persis</strong></span> <span class='ocrx_word' id='word_1_169' title='bbox 298 1127 442 1159; x_wconf 82' lang='lat' dir='ltr'><strong>omnibus</strong></span> <span class='ocrx_word' id='word_1_170' title='bbox 464 1129 608 1170; x_wconf 81' lang='lat' dir='ltr'><strong>praebens</strong></span> <span class='ocrx_word' id='word_1_171' title='bbox 632 1139 668 1159; x_wconf 90' lang='lat' dir='ltr'><strong>ac</strong></span> <span class='ocrx_word' id='word_1_172' title='bbox 696 1128 863 1159; x_wconf 81' lang='lat' dir='ltr'><strong>Persarum</strong></span> <span class='ocrx_word' id='word_1_173' title='bbox 887 1129 1037 1170; x_wconf 88' lang='lat' dir='ltr'><strong>populum</strong></span> <span class='ocrx_word' id='word_1_174' title='bbox 1061 1129 1204 1170; x_wconf 86' lang='lat' dir='ltr'><strong>pecuniis</strong></span> <span class='ocrx_word' id='word_1_175' title='bbox 1225 1135 1256 1159; x_wconf 91' lang='lat' dir='ltr'><strong>et</strong></span> <span class='ocrx_word' id='word_1_176' title='bbox 1281 1128 1458 1160; x_wconf 87' lang='lat' dir='ltr'><strong>muneribus</strong></span> <span class='ocrx_word' id='word_1_177' title='bbox 1471 1128 1645 1158; x_wconf 87' lang='lat' dir='ltr'><strong>attrahens.</strong></span> 
     </span>
     <span class='ocr_line' id='line_1_18' title="bbox 180 1179 1642 1225; baseline 0.001 -15"><span class='ocrx_word' id='word_1_178' title='bbox 180 1179 225 1211; x_wconf 83' lang='lat' dir='ltr'><strong>ita</strong></span> <span class='ocrx_word' id='word_1_179' title='bbox 241 1180 375 1213; x_wconf 83' lang='lat' dir='ltr'><strong>dilectus</strong></span> <span class='ocrx_word' id='word_1_180' title='bbox 401 1192 419 1213; x_wconf 81' lang='lat' dir='ltr'><strong>a</strong></span> <span class='ocrx_word' id='word_1_181' title='bbox 444 1183 596 1214; x_wconf 83' lang='lat' dir='ltr'><strong>militibus</strong></span> <span class='ocrx_word' id='word_1_182' title='bbox 618 1194 682 1214; x_wconf 90' lang='lat' dir='ltr'><strong>non</strong></span> <span class='ocrx_word' id='word_1_183' title='bbox 713 1183 887 1225; x_wconf 88' lang='lat' dir='ltr'><strong>pauciores,</strong></span> <span class='ocrx_word' id='word_1_184' title='bbox 904 1194 998 1224; x_wconf 84' lang='lat' dir='ltr'><strong>quam</strong></span> <span class='ocrx_word' id='word_1_185' title='bbox 1024 1182 1124 1225; x_wconf 84' lang='lat' dir='ltr'><strong>Cyrus</strong></span> <span class='ocrx_word' id='word_1_186' title='bbox 1151 1183 1288 1223; x_wconf 86' lang='lat' dir='ltr'><strong>reliquit,</strong></span> <span class='ocrx_word' id='word_1_187' title='bbox 1302 1183 1444 1224; x_wconf 77' lang='lat' dir='ltr'><strong>regiones</strong></span> <span class='ocrx_word' id='word_1_188' title='bbox 1457 1183 1525 1224; x_wconf 89' lang='lat' dir='ltr'><strong>ipse</strong></span> <span class='ocrx_word' id='word_1_189' title='bbox 1539 1181 1642 1224; x_wconf 87' lang='lat' dir='ltr'><strong>subju-</strong></span> 
     </span>
     <span class='ocr_line' id='line_1_19' title="bbox 179 1235 1643 1279; baseline 0.002 -14"><span class='ocrx_word' id='word_1_190' title='bbox 179 1235 276 1275; x_wconf 80' lang='lat' dir='ltr'><strong>gavit.</strong></span> <span class='ocrx_word' id='word_1_191' title='bbox 298 1242 368 1277; x_wconf 86' lang='lat' dir='ltr'><strong>post</strong></span> <span class='ocrx_word' id='word_1_192' title='bbox 399 1237 530 1268; x_wconf 85' lang='lat' dir='ltr'><strong>Darium</strong></span> <span class='ocrx_word' id='word_1_193' title='bbox 560 1237 693 1278; x_wconf 82' lang='lat' dir='ltr'><strong>Xerxes,</strong></span> <span class='ocrx_word' id='word_1_194' title='bbox 709 1238 765 1279; x_wconf 90' lang='lat' dir='ltr'><strong>qui</strong></span> <span class='ocrx_word' id='word_1_195' title='bbox 789 1238 882 1279; x_wconf 84' lang='lat' dir='ltr'><strong>regiis</strong></span> <span class='ocrx_word' id='word_1_196' title='bbox 906 1244 953 1269; x_wconf 85' lang='lat' dir='ltr'><strong>est</strong></span> <span class='ocrx_word' id='word_1_197' title='bbox 969 1237 1090 1268; x_wconf 89' lang='lat' dir='ltr'><strong>deliciis</strong></span> <span class='ocrx_word' id='word_1_198' title='bbox 1106 1237 1232 1279; x_wconf 85' lang='lat' dir='ltr'><strong>quidem</strong></span> <span class='ocrx_word' id='word_1_199' title='bbox 1250 1238 1412 1268; x_wconf 82' lang='lat' dir='ltr'><strong>educatus.</strong></span> <span class='ocrx_word' id='word_1_200' title='bbox 1435 1236 1491 1268; x_wconf 91' lang='lat' dir='ltr'><strong>sed</strong></span> <span class='ocrx_word' id='word_1_201' title='bbox 1506 1242 1536 1267; x_wconf 88' lang='lat' dir='ltr'><strong>te</strong></span> <span class='ocrx_word' id='word_1_202' title='bbox 1558 1246 1643 1268; x_wconf 87' lang='lat' dir='ltr'><strong>nunc</strong></span> 
     </span>
     <span class='ocr_line' id='line_1_20' title="bbox 175 1289 1643 1335; baseline 0.001 -16"><span class='ocrx_word' id='word_1_203' title='bbox 175 1289 246 1330; x_wconf 87' lang='lat' dir='ltr'><strong>jure</strong></span> <span class='ocrx_word' id='word_1_204' title='bbox 262 1291 399 1331; x_wconf 86' lang='lat' dir='ltr'><strong>appello,</strong></span> <span class='ocrx_word' id='word_1_205' title='bbox 425 1292 514 1329; x_wconf 84' lang='lat' dir='ltr'><strong>Dari,</strong></span> <span class='ocrx_word' id='word_1_206' title='bbox 530 1293 584 1334; x_wconf 87' lang='lat' dir='ltr'><strong>qui</strong></span> <span class='ocrx_word' id='word_1_207' title='bbox 610 1291 687 1335; x_wconf 85' lang='lat' dir='ltr'><strong>Cyri</strong></span> <span class='ocrx_word' id='word_1_208' title='bbox 710 1294 791 1324; x_wconf 87' lang='lat' dir='ltr'><strong>malo</strong></span> <span class='ocrx_word' id='word_1_209' title='bbox 819 1293 1024 1324; x_wconf 88' lang='lat' dir='ltr'><strong>commonitus</strong></span> <span class='ocrx_word' id='word_1_210' title='bbox 1049 1303 1112 1322; x_wconf 89' lang='lat' dir='ltr'><strong>non</strong></span> <span class='ocrx_word' id='word_1_211' title='bbox 1139 1292 1234 1327; x_wconf 81' lang='lat' dir='ltr'><strong>fuisti,</strong></span> <span class='ocrx_word' id='word_1_212' title='bbox 1249 1292 1306 1322; x_wconf 86' lang='lat' dir='ltr'><strong>sed</strong></span> <span class='ocrx_word' id='word_1_213' title='bbox 1322 1293 1353 1322; x_wconf 90' lang='lat' dir='ltr'><strong>in</strong></span> <span class='ocrx_word' id='word_1_214' title='bbox 1369 1291 1488 1322; x_wconf 89' lang='lat' dir='ltr'><strong>eisdem</strong></span> <span class='ocrx_word' id='word_1_215' title='bbox 1504 1291 1643 1321; x_wconf 76' lang='lat' dir='ltr'><strong>Xerxem</strong></span> 
     </span>
     <span class='ocr_line' id='line_1_21' title="bbox 179 1343 1644 1389; baseline 0.001 -16"><span class='ocrx_word' id='word_1_216' title='bbox 179 1343 316 1375; x_wconf 82' lang='lat' dir='ltr'><strong>moribus</strong></span> <span class='ocrx_word' id='word_1_217' title='bbox 341 1345 492 1382; x_wconf 82' lang='lat' dir='ltr'><strong>educasti,</strong></span> <span class='ocrx_word' id='word_1_218' title='bbox 520 1347 553 1377; x_wconf 92' lang='lat' dir='ltr'><strong>in</strong></span> <span class='ocrx_word' id='word_1_219' title='bbox 583 1347 696 1388; x_wconf 90' lang='lat' dir='ltr'><strong>quibus</strong></span> <span class='ocrx_word' id='word_1_220' title='bbox 727 1346 914 1389; x_wconf 88' lang='lat' dir='ltr'><strong>Cambysem</strong></span> <span class='ocrx_word' id='word_1_221' title='bbox 945 1347 1047 1389; x_wconf 88' lang='lat' dir='ltr'><strong>Cyrus</strong></span> <span class='ocrx_word' id='word_1_222' title='bbox 1077 1347 1255 1378; x_wconf 84' lang='lat' dir='ltr'><strong>nutriverat.</strong></span> <span class='ocrx_word' id='word_1_223' title='bbox 1293 1347 1361 1388; x_wconf 89' lang='lat' dir='ltr'><strong>ipse</strong></span> <span class='ocrx_word' id='word_1_224' title='bbox 1398 1346 1504 1387; x_wconf 86' lang='lat' dir='ltr'><strong>igitur,</strong></span> <span class='ocrx_word' id='word_1_225' title='bbox 1534 1350 1644 1386; x_wconf 88' lang='lat' dir='ltr'><strong>utpote</strong></span> 
     </span>
     <span class='ocr_line' id='line_1_22' title="bbox 177 1397 1642 1443; baseline 0.001 -15"><span class='ocrx_word' id='word_1_226' title='bbox 177 1397 313 1430; x_wconf 88' lang='lat' dir='ltr'><strong>imbutus</strong></span> <span class='ocrx_word' id='word_1_227' title='bbox 339 1400 499 1437; x_wconf 86' lang='lat' dir='ltr'><strong>alimonia,</strong></span> <span class='ocrx_word' id='word_1_228' title='bbox 527 1402 639 1432; x_wconf 84' lang='lat' dir='ltr'><strong>similia</strong></span> <span class='ocrx_word' id='word_1_229' title='bbox 665 1412 789 1443; x_wconf 87' lang='lat' dir='ltr'><strong>quoque</strong></span> <span class='ocrx_word' id='word_1_230' title='bbox 819 1412 986 1443; x_wconf 85' lang='lat' dir='ltr'><strong>perpessus</strong></span> <span class='ocrx_word' id='word_1_231' title='bbox 1012 1406 1071 1432; x_wconf 89' lang='lat' dir='ltr'><strong>est.</strong></span> <span class='ocrx_word' id='word_1_232' title='bbox 1095 1412 1131 1431; x_wconf 85' lang='lat' dir='ltr'><strong>ex</strong></span> <span class='ocrx_word' id='word_1_233' title='bbox 1158 1401 1213 1432; x_wconf 89' lang='lat' dir='ltr'><strong>illo</strong></span> <span class='ocrx_word' id='word_1_234' title='bbox 1231 1406 1372 1443; x_wconf 86' lang='lat' dir='ltr'><strong>tempore</strong></span> <span class='ocrx_word' id='word_1_235' title='bbox 1387 1400 1491 1431; x_wconf 87' lang='lat' dir='ltr'><strong>nullus</strong></span> <span class='ocrx_word' id='word_1_236' title='bbox 1506 1409 1642 1440; x_wconf 82' lang='lat' dir='ltr'><strong>unquam</strong></span> 
     </span>
     <span class='ocr_line' id='line_1_23' title="bbox 176 1452 1642 1498; baseline 0.001 -15"><span class='ocrx_word' id='word_1_237' title='bbox 176 1452 274 1484; x_wconf 81' lang='lat' dir='ltr'><strong>fenne</strong></span> <span class='ocrx_word' id='word_1_238' title='bbox 298 1453 464 1486; x_wconf 69' lang='lat' dir='ltr'><strong>Persarum</strong></span> <span class='ocrx_word' id='word_1_239' title='bbox 475 1466 528 1486; x_wconf 84' lang='lat' dir='ltr'><strong>rex</strong></span> <span class='ocrx_word' id='word_1_240' title='bbox 544 1466 675 1498; x_wconf 83' lang='lat' dir='ltr'><strong>magnus</strong></span> <span class='ocrx_word' id='word_1_241' title='bbox 701 1457 763 1487; x_wconf 89' lang='lat' dir='ltr'><strong>nisi</strong></span> <span class='ocrx_word' id='word_1_242' title='bbox 787 1457 912 1487; x_wconf 90' lang='lat' dir='ltr'><strong>nomine</strong></span> <span class='ocrx_word' id='word_1_243' title='bbox 942 1456 1011 1487; x_wconf 73' lang='lat' dir='ltr'><strong>fuit.</strong></span> <span class='ocrx_word' id='word_1_244' title='bbox 1033 1466 1138 1498; x_wconf 87' lang='lat' dir='ltr'><strong>neque</strong></span> <span class='ocrx_word' id='word_1_245' title='bbox 1166 1456 1322 1487; x_wconf 80' lang='lat' dir='ltr'><strong>fortunam</strong></span> <span class='ocrx_word' id='word_1_246' title='bbox 1347 1455 1442 1487; x_wconf 88' lang='lat' dir='ltr'><strong>fuisse</strong></span> <span class='ocrx_word' id='word_1_247' title='bbox 1455 1464 1579 1486; x_wconf 87' lang='lat' dir='ltr'><strong>causam</strong></span> <span class='ocrx_word' id='word_1_248' title='bbox 1594 1464 1642 1485; x_wconf 87' lang='lat' dir='ltr'><strong>ar-</strong></span> 
     </span>
     <span class='ocr_line' id='line_1_24' title="bbox 179 1506 1644 1553; baseline 0.001 -16"><span class='ocrx_word' id='word_1_249' title='bbox 179 1506 284 1544; x_wconf 84' lang='lat' dir='ltr'><strong>bitror,</strong></span> <span class='ocrx_word' id='word_1_250' title='bbox 300 1510 356 1540; x_wconf 79' lang='lat' dir='ltr'><strong>sed</strong></span> <span class='ocrx_word' id='word_1_251' title='bbox 372 1509 468 1541; x_wconf 84' lang='lat' dir='ltr'><strong>vitam</strong></span> <span class='ocrx_word' id='word_1_252' title='bbox 487 1511 612 1548; x_wconf 89' lang='lat' dir='ltr'><strong>malam,</strong></span> <span class='ocrx_word' id='word_1_253' title='bbox 638 1511 735 1553; x_wconf 78' lang='lat'>[696]</span> <span class='ocrx_word' id='word_1_254' title='bbox 760 1521 822 1553; x_wconf 88' lang='lat' dir='ltr'><strong>qua</strong></span> <span class='ocrx_word' id='word_1_255' title='bbox 836 1511 891 1542; x_wconf 87' lang='lat' dir='ltr'><strong>filii</strong></span> <span class='ocrx_word' id='word_1_256' title='bbox 919 1511 1012 1541; x_wconf 79' lang='lat' dir='ltr'><strong>valde</strong></span> <span class='ocrx_word' id='word_1_257' title='bbox 1039 1511 1173 1541; x_wconf 88' lang='lat' dir='ltr'><strong>divitum</strong></span> <span class='ocrx_word' id='word_1_258' title='bbox 1200 1516 1462 1552; x_wconf 88' lang='lat' dir='ltr'><strong>tyrannorumque</strong></span> <span class='ocrx_word' id='word_1_259' title='bbox 1489 1515 1524 1540; x_wconf 85' lang='lat' dir='ltr'><strong>ut</strong></span> <span class='ocrx_word' id='word_1_260' title='bbox 1547 1509 1644 1549; x_wconf 87' lang='lat' dir='ltr'><strong>pluri-</strong></span> 
     </span>
     <span class='ocr_line' id='line_1_25' title="bbox 181 1563 1645 1607; baseline 0.001 -15"><span class='ocrx_word' id='word_1_261' title='bbox 181 1573 265 1593; x_wconf 83' lang='lat' dir='ltr'><strong>mum</strong></span> <span class='ocrx_word' id='word_1_262' title='bbox 295 1564 415 1596; x_wconf 85' lang='lat' dir='ltr'><strong>vivunt.</strong></span> <span class='ocrx_word' id='word_1_263' title='bbox 443 1575 602 1607; x_wconf 78' lang='lat' dir='ltr'><strong>nunquam</strong></span> <span class='ocrx_word' id='word_1_264' title='bbox 632 1566 717 1597; x_wconf 89' lang='lat' dir='ltr'><strong>enim</strong></span> <span class='ocrx_word' id='word_1_265' title='bbox 744 1576 822 1607; x_wconf 90' lang='lat' dir='ltr'><strong>puer</strong></span> <span class='ocrx_word' id='word_1_266' title='bbox 857 1571 889 1596; x_wconf 90' lang='lat' dir='ltr'><strong>et</strong></span> <span class='ocrx_word' id='word_1_267' title='bbox 920 1566 966 1596; x_wconf 88' lang='lat' dir='ltr'><strong>vir</strong></span> <span class='ocrx_word' id='word_1_268' title='bbox 993 1572 1026 1596; x_wconf 86' lang='lat' dir='ltr'><strong>et</strong></span> <span class='ocrx_word' id='word_1_269' title='bbox 1059 1576 1153 1597; x_wconf 86' lang='lat' dir='ltr'><strong>senex</strong></span> <span class='ocrx_word' id='word_1_270' title='bbox 1180 1575 1220 1595; x_wconf 82' lang='lat' dir='ltr'><strong>ex</strong></span> <span class='ocrx_word' id='word_1_271' title='bbox 1245 1564 1424 1607; x_wconf 87' lang='lat' dir='ltr'><strong>hujusmodi</strong></span> <span class='ocrx_word' id='word_1_272' title='bbox 1444 1564 1509 1595; x_wconf 85' lang='lat' dir='ltr'><strong>vita</strong></span> <span class='ocrx_word' id='word_1_273' title='bbox 1531 1563 1645 1594; x_wconf 84' lang='lat' dir='ltr'><strong>virtute</strong></span> 
     </span>
     <span class='ocr_line' id='line_1_26' title="bbox 179 1617 1645 1662; baseline 0.001 -15"><span class='ocrx_word' id='word_1_274' title='bbox 179 1622 332 1658; x_wconf 85' lang='lat' dir='ltr'><strong>praestans</strong></span> <span class='ocrx_word' id='word_1_275' title='bbox 357 1619 490 1650; x_wconf 84' lang='lat' dir='ltr'><strong>evadere</strong></span> <span class='ocrx_word' id='word_1_276' title='bbox 514 1621 640 1662; x_wconf 85' lang='lat' dir='ltr'><strong>poterit.</strong></span> <span class='ocrx_word' id='word_1_277' title='bbox 663 1631 732 1662; x_wconf 82' lang='lat' dir='ltr'><strong>quae</strong></span> <span class='ocrx_word' id='word_1_278' title='bbox 763 1620 888 1661; x_wconf 89' lang='lat' dir='ltr'><strong>quidem</strong></span> <span class='ocrx_word' id='word_1_279' title='bbox 915 1626 947 1650; x_wconf 90' lang='lat' dir='ltr'><strong>et</strong></span> <span class='ocrx_word' id='word_1_280' title='bbox 976 1620 1175 1660; x_wconf 81' lang='lat' dir='ltr'><strong>legumlatori</strong></span> <span class='ocrx_word' id='word_1_281' title='bbox 1201 1618 1431 1651; x_wconf 85' lang='lat' dir='ltr'><strong>consideranda</strong></span> <span class='ocrx_word' id='word_1_282' title='bbox 1452 1624 1486 1649; x_wconf 84' lang='lat' dir='ltr'><strong>et</strong></span> <span class='ocrx_word' id='word_1_283' title='bbox 1505 1617 1596 1649; x_wconf 87' lang='lat' dir='ltr'><strong>nobis</strong></span> <span class='ocrx_word' id='word_1_284' title='bbox 1610 1617 1645 1649; x_wconf 87' lang='lat' dir='ltr'><strong>in</strong></span> 
     </span>
     <span class='ocr_line' id='line_1_27' title="bbox 183 1671 1646 1716; baseline 0.001 -15"><span class='ocrx_word' id='word_1_285' title='bbox 183 1673 352 1712; x_wconf 72' lang='lat' dir='ltr'><strong>praesentia</strong></span> <span class='ocrx_word' id='word_1_286' title='bbox 379 1674 659 1706; x_wconf 59' lang='lat' dir='ltr'><strong>animadxertenda</strong></span> <span class='ocrx_word' id='word_1_287' title='bbox 688 1685 862 1706; x_wconf 83' lang='lat' dir='ltr'><strong>censemus.</strong></span> <span class='ocrx_word' id='word_1_288' title='bbox 885 1675 973 1716; x_wconf 86' lang='lat' dir='ltr'><strong>atqui</strong></span> <span class='ocrx_word' id='word_1_289' title='bbox 998 1680 1030 1705; x_wconf 84' lang='lat' dir='ltr'><strong>et</strong></span> <span class='ocrx_word' id='word_1_290' title='bbox 1055 1675 1143 1706; x_wconf 89' lang='lat' dir='ltr'><strong>vobis</strong></span> <span class='ocrx_word' id='word_1_291' title='bbox 1166 1685 1220 1715; x_wconf 83' lang='lat' dir='ltr'><strong>par</strong></span> <span class='ocrx_word' id='word_1_292' title='bbox 1246 1680 1305 1710; x_wconf 84' lang='lat' dir='ltr'><strong>est,</strong></span> <span class='ocrx_word' id='word_1_293' title='bbox 1320 1684 1339 1704; x_wconf 93' lang='grc' dir='ltr'>ο</span> <span class='ocrx_word' id='word_1_294' title='bbox 1354 1672 1597 1708; x_wconf 83' lang='lat' dir='ltr'><strong>Lacedaemonii,</strong></span> <span class='ocrx_word' id='word_1_295' title='bbox 1612 1671 1646 1702; x_wconf 88' lang='lat' dir='ltr'><strong>id</strong></span> 
     </span>
     <span class='ocr_line' id='line_1_28' title="bbox 182 1726 1645 1770; baseline -0.001 -13"><span class='ocrx_word' id='word_1_296' title='bbox 182 1726 329 1764; x_wconf 72' lang='lat' dir='ltr'><strong>tribuere,</strong></span> <span class='ocrx_word' id='word_1_297' title='bbox 360 1728 445 1769; x_wconf 90' lang='lat' dir='ltr'><strong>quod</strong></span> <span class='ocrx_word' id='word_1_298' title='bbox 477 1731 666 1770; x_wconf 82' lang='lat' dir='ltr'><strong>paupertati,</strong></span> <span class='ocrx_word' id='word_1_299' title='bbox 697 1729 826 1765; x_wconf 85' lang='lat' dir='ltr'><strong>divitiis,</strong></span> <span class='ocrx_word' id='word_1_300' title='bbox 857 1739 964 1770; x_wconf 81' lang='lat' dir='ltr'><strong>regno,</strong></span> <span class='ocrx_word' id='word_1_301' title='bbox 996 1729 1125 1769; x_wconf 80' lang='lat' dir='ltr'><strong>privatis</strong></span> <span class='ocrx_word' id='word_1_302' title='bbox 1156 1729 1259 1759; x_wconf 85' lang='lat' dir='ltr'><strong>nullos</strong></span> <span class='ocrx_word' id='word_1_303' title='bbox 1290 1729 1483 1759; x_wconf 80' lang='lat' dir='ltr'><strong>excellentes</strong></span> <span class='ocrx_word' id='word_1_304' title='bbox 1509 1728 1645 1758; x_wconf 81' lang='lat' dir='ltr'><strong>honores</strong></span> 
     </span>
     <span class='ocr_line' id='line_1_29' title="bbox 180 1775 1646 1825; baseline 0 -13"><span class='ocrx_word' id='word_1_305' title='bbox 180 1791 349 1813; x_wconf 86' lang='lat' dir='ltr'><strong>munerave</strong></span> <span class='ocrx_word' id='word_1_306' title='bbox 375 1783 534 1824; x_wconf 83' lang='lat' dir='ltr'><strong>praebetis,</strong></span> <span class='ocrx_word' id='word_1_307' title='bbox 563 1793 632 1824; x_wconf 61' lang='lat' dir='ltr'><strong>quie</strong></span> <span class='ocrx_word' id='word_1_308' title='bbox 662 1783 750 1814; x_wconf 82' lang='lat' dir='ltr'><strong>vobis</strong></span> <span class='ocrx_word' id='word_1_309' title='bbox 777 1784 816 1814; x_wconf 89' lang='lat' dir='ltr'><strong>ab</strong></span> <span class='ocrx_word' id='word_1_310' title='bbox 843 1775 932 1814; x_wconf 50' lang='lat' dir='ltr'><strong>indtio</strong></span> <span class='ocrx_word' id='word_1_311' title='bbox 963 1783 1027 1814; x_wconf 89' lang='lat' dir='ltr'><strong>Dei</strong></span> <span class='ocrx_word' id='word_1_312' title='bbox 1057 1783 1187 1825; x_wconf 85' lang='lat' dir='ltr'><strong>alicujus</strong></span> <span class='ocrx_word' id='word_1_313' title='bbox 1215 1783 1338 1813; x_wconf 83' lang='lat' dir='ltr'><strong>oraculo</strong></span> <span class='ocrx_word' id='word_1_314' title='bbox 1368 1781 1455 1812; x_wconf 80' lang='lat' dir='ltr'><strong>dicta</strong></span> <span class='ocrx_word' id='word_1_315' title='bbox 1483 1791 1546 1812; x_wconf 91' lang='lat' dir='ltr'><strong>non</strong></span> <span class='ocrx_word' id='word_1_316' title='bbox 1570 1780 1646 1812; x_wconf 85' lang='lat' dir='ltr'><strong>sint.</strong></span> 
     </span>
     <span class='ocr_line' id='line_1_30' title="bbox 181 1833 1647 1879; baseline -0.001 -13"><span class='ocrx_word' id='word_1_317' title='bbox 181 1846 284 1877; x_wconf 83' lang='lat' dir='ltr'><strong>neque</strong></span> <span class='ocrx_word' id='word_1_318' title='bbox 308 1842 434 1878; x_wconf 76' lang='lat' dir='ltr'><strong>oportet</strong></span> <span class='ocrx_word' id='word_1_319' title='bbox 459 1837 493 1868; x_wconf 85' lang='lat' dir='ltr'><strong>in</strong></span> <span class='ocrx_word' id='word_1_320' title='bbox 525 1837 652 1868; x_wconf 87' lang='lat' dir='ltr'><strong>civitate</strong></span> <span class='ocrx_word' id='word_1_321' title='bbox 688 1838 879 1869; x_wconf 82' lang='lat' dir='ltr'><strong>excellentes</strong></span> <span class='ocrx_word' id='word_1_322' title='bbox 908 1838 1052 1879; x_wconf 85' lang='lat' dir='ltr'><strong>cuiquam</strong></span> <span class='ocrx_word' id='word_1_323' title='bbox 1079 1837 1221 1868; x_wconf 85' lang='lat' dir='ltr'><strong>conferre</strong></span> <span class='ocrx_word' id='word_1_324' title='bbox 1252 1838 1394 1871; x_wconf 84' lang='lat' dir='ltr'><strong>honores,</strong></span> <span class='ocrx_word' id='word_1_325' title='bbox 1424 1835 1497 1877; x_wconf 87' lang='lat' dir='ltr'><strong>quia</strong></span> <span class='ocrx_word' id='word_1_326' title='bbox 1527 1833 1647 1866; x_wconf 75' lang='lat' dir='ltr'><strong>divitiis</strong></span> 
     </span>
     <span class='ocr_line' id='line_1_31' title="bbox 182 1887 1645 1933; baseline -0.001 -12"><span class='ocrx_word' id='word_1_327' title='bbox 182 1896 320 1931; x_wconf 87' lang='lat' dir='ltr'><strong>praestet‚</strong></span> <span class='ocrx_word' id='word_1_328' title='bbox 347 1896 401 1922; x_wconf 90' lang='lat' dir='ltr'><strong>aut</strong></span> <span class='ocrx_word' id='word_1_329' title='bbox 430 1892 506 1933; x_wconf 84' lang='lat' dir='ltr'><strong>quia</strong></span> <span class='ocrx_word' id='word_1_330' title='bbox 531 1892 620 1923; x_wconf 85' lang='lat' dir='ltr'><strong>velox</strong></span> <span class='ocrx_word' id='word_1_331' title='bbox 651 1898 704 1923; x_wconf 81' lang='lat' dir='ltr'><strong>aut</strong></span> <span class='ocrx_word' id='word_1_332' title='bbox 729 1892 882 1923; x_wconf 87' lang='lat' dir='ltr'><strong>formosus</strong></span> <span class='ocrx_word' id='word_1_333' title='bbox 909 1897 963 1922; x_wconf 78' lang='lat' dir='ltr'><strong>aut</strong></span> <span class='ocrx_word' id='word_1_334' title='bbox 993 1892 1136 1923; x_wconf 80' lang='lat' dir='ltr'><strong>robustus</strong></span> <span class='ocrx_word' id='word_1_335' title='bbox 1161 1891 1214 1927; x_wconf 64' lang='lat' dir='ltr'><strong>sit7</strong></span> <span class='ocrx_word' id='word_1_336' title='bbox 1244 1891 1268 1922; x_wconf 86' lang='lat' dir='ltr'><strong>si</strong></span> <span class='ocrx_word' id='word_1_337' title='bbox 1300 1891 1412 1921; x_wconf 84' lang='lat' dir='ltr'><strong>virtute</strong></span> <span class='ocrx_word' id='word_1_338' title='bbox 1439 1895 1564 1920; x_wconf 86' lang='lat' dir='ltr'><strong>careat:</strong></span> <span class='ocrx_word' id='word_1_339' title='bbox 1589 1887 1645 1920; x_wconf 83' lang='lat' dir='ltr'><strong>sed</strong></span> 
     </span>
     <span class='ocr_line' id='line_1_32' title="bbox 181 1943 1652 1988; baseline -0.001 -13"><span class='ocrx_word' id='word_1_340' title='bbox 181 1953 284 1986; x_wconf 88' lang='lat' dir='ltr'><strong>neque</strong></span> <span class='ocrx_word' id='word_1_341' title='bbox 296 1946 390 1976; x_wconf 86' lang='lat' dir='ltr'><strong>etiarn</strong></span> <span class='ocrx_word' id='word_1_342' title='bbox 406 1946 432 1976; x_wconf 87' lang='lat' dir='ltr'><strong>si</strong></span> <span class='ocrx_word' id='word_1_343' title='bbox 449 1946 592 1977; x_wconf 83' lang='lat' dir='ltr'><strong>virtutem</strong></span> <span class='ocrx_word' id='word_1_344' title='bbox 619 1947 713 1977; x_wconf 85' lang='lat' dir='ltr'><strong>aliam</strong></span> <span class='ocrx_word' id='word_1_345' title='bbox 741 1947 856 1977; x_wconf 85' lang='lat' dir='ltr'><strong>habeat</strong></span> <span class='ocrx_word' id='word_1_346' title='bbox 877 1945 1046 1988; x_wconf 85' lang='lat' dir='ltr'><strong>quandam,</strong></span> <span class='ocrx_word' id='word_1_347' title='bbox 1069 1945 1308 1986; x_wconf 77' lang='lat' dir='ltr'><strong>temperantiam</strong></span> <span class='ocrx_word' id='word_1_348' title='bbox 1340 1955 1411 1975; x_wconf 73' lang='lat' dir='ltr'><strong>vero</strong></span> <span class='ocrx_word' id='word_1_349' title='bbox 1431 1955 1495 1975; x_wconf 89' lang='lat' dir='ltr'><strong>non</strong></span> <span class='ocrx_word' id='word_1_350' title='bbox 1522 1943 1652 1974; x_wconf 78' lang='lat' dir='ltr'><strong>habeat.</strong></span> 
     </span>
     <span class='ocr_line' id='line_1_33' title="bbox 182 1999 1646 2041; baseline -0.001 -11"><span class='ocrx_word' id='word_1_351' title='bbox 182 1999 279 2030; x_wconf 69' lang='lat' dir='ltr'><strong>Meo.</strong></span> <span class='ocrx_word' id='word_1_352' title='bbox 301 2000 374 2037; x_wconf 90' lang='lat' dir='ltr'><strong>Quo</strong></span> <span class='ocrx_word' id='word_1_353' title='bbox 396 2008 488 2041; x_wconf 87' lang='lat' dir='ltr'><strong>pacto</strong></span> <span class='ocrx_word' id='word_1_354' title='bbox 512 2000 557 2037; x_wconf 86' lang='lat' dir='ltr'><strong>id,</strong></span> <span class='ocrx_word' id='word_1_355' title='bbox 574 2001 701 2041; x_wconf 79' lang='lat' dir='ltr'><strong>hospes,</strong></span> <span class='ocrx_word' id='word_1_356' title='bbox 726 2001 795 2031; x_wconf 75' lang='lat' dir='ltr'><strong>ais?</strong></span> <span class='ocrx_word' id='word_1_357' title='bbox 842 1999 982 2032; x_wconf 74' lang='lat' dir='ltr'><strong>ArnnN.</strong></span> <span class='ocrx_word' id='word_1_358' title='bbox 1008 2001 1123 2031; x_wconf 89' lang='lat' dir='ltr'><strong>Nonne</strong></span> <span class='ocrx_word' id='word_1_359' title='bbox 1147 2000 1297 2031; x_wconf 84' lang='lat' dir='ltr'><strong>fortitudo</strong></span> <span class='ocrx_word' id='word_1_360' title='bbox 1325 2009 1389 2030; x_wconf 85' lang='lat' dir='ltr'><strong>una</strong></span> <span class='ocrx_word' id='word_1_361' title='bbox 1411 1999 1555 2040; x_wconf 84' lang='lat' dir='ltr'><strong>quaedam</strong></span> <span class='ocrx_word' id='word_1_362' title='bbox 1573 2007 1646 2040; x_wconf 81' lang='lat' dir='ltr'><strong>pars</strong></span> 
     </span>
     <span class='ocr_line' id='line_1_34' title="bbox 183 2052 1645 2096; baseline -0.001 -12"><span class='ocrx_word' id='word_1_363' title='bbox 183 2053 305 2084; x_wconf 83' lang='lat' dir='ltr'><strong>virtutis</strong></span> <span class='ocrx_word' id='word_1_364' title='bbox 327 2055 398 2084; x_wconf 87' lang='lat' dir='ltr'><strong>est?</strong></span> <span class='ocrx_word' id='word_1_365' title='bbox 446 2055 542 2086; x_wconf 67' lang='lat' dir='ltr'><strong>Mac.</strong></span> <span class='ocrx_word' id='word_1_366' title='bbox 568 2055 635 2086; x_wconf 80' lang='lat' dir='ltr'><strong>Est.</strong></span> <span class='ocrx_word' id='word_1_367' title='bbox 680 2056 817 2086; x_wconf 54' lang='lat' dir='ltr'><strong>Ama-N.</strong></span> <span class='ocrx_word' id='word_1_368' title='bbox 841 2055 888 2085; x_wconf 76' lang='lat' dir='ltr'><strong>&#39;l‘u</strong></span> <span class='ocrx_word' id='word_1_369' title='bbox 921 2056 988 2096; x_wconf 76' lang='lat' dir='ltr'><strong>ipse,</strong></span> <span class='ocrx_word' id='word_1_370' title='bbox 1010 2055 1115 2096; x_wconf 82' lang='lat' dir='ltr'><strong>igitur,</strong></span> <span class='ocrx_word' id='word_1_371' title='bbox 1147 2066 1216 2085; x_wconf 87' lang='lat' dir='ltr'><strong>cum</strong></span> <span class='ocrx_word' id='word_1_372' title='bbox 1241 2054 1388 2090; x_wconf 62' lang='lat' dir='ltr'><strong>audiens,</strong></span> <span class='ocrx_word' id='word_1_373' title='bbox 1400 2052 1554 2095; x_wconf 81' lang='lat' dir='ltr'><strong>judicato.</strong></span> <span class='ocrx_word' id='word_1_374' title='bbox 1582 2052 1645 2083; x_wconf 86' lang='lat' dir='ltr'><strong>vel-</strong></span> 
     </span>
     <span class='ocr_line' id='line_1_35' title="bbox 182 2107 1647 2151; baseline -0.001 -13"><span class='ocrx_word' id='word_1_375' title='bbox 182 2108 268 2139; x_wconf 86' lang='lat' dir='ltr'><strong>lesne</strong></span> <span class='ocrx_word' id='word_1_376' title='bbox 283 2108 421 2140; x_wconf 85' lang='lat' dir='ltr'><strong>vicinum</strong></span> <span class='ocrx_word' id='word_1_377' title='bbox 437 2117 491 2140; x_wconf 83' lang='lat' dir='ltr'><strong>aut</strong></span> <span class='ocrx_word' id='word_1_378' title='bbox 511 2109 716 2140; x_wconf 83' lang='lat' dir='ltr'><strong>domesticum</strong></span> <span class='ocrx_word' id='word_1_379' title='bbox 743 2110 921 2151; x_wconf 86' lang='lat' dir='ltr'><strong>quempiam</strong></span> <span class='ocrx_word' id='word_1_380' title='bbox 948 2111 1074 2145; x_wconf 83' lang='lat' dir='ltr'><strong>habere,</strong></span> <span class='ocrx_word' id='word_1_381' title='bbox 1087 2110 1196 2141; x_wconf 71' lang='lat' dir='ltr'><strong>fortem</strong></span> <span class='ocrx_word' id='word_1_382' title='bbox 1212 2108 1340 2151; x_wconf 85' lang='lat' dir='ltr'><strong>quidem</strong></span> <span class='ocrx_word' id='word_1_383' title='bbox 1356 2108 1502 2144; x_wconf 83' lang='lat' dir='ltr'><strong>maxime,</strong></span> <span class='ocrx_word' id='word_1_384' title='bbox 1518 2107 1647 2138; x_wconf 83' lang='lat' dir='ltr'><strong>minime</strong></span> 
     </span>
     <span class='ocr_line' id='line_1_36' title="bbox 180 2162 1647 2205; baseline -0.001 -13"><span class='ocrx_word' id='word_1_385' title='bbox 180 2172 254 2193; x_wconf 86' lang='lat' dir='ltr'><strong>vero</strong></span> <span class='ocrx_word' id='word_1_386' title='bbox 270 2168 489 2204; x_wconf 77' lang='lat' dir='ltr'><strong>temperatum,</strong></span> <span class='ocrx_word' id='word_1_387' title='bbox 507 2165 676 2205; x_wconf 83' lang='lat' dir='ltr'><strong>quinetiam</strong></span> <span class='ocrx_word' id='word_1_388' title='bbox 693 2164 885 2205; x_wconf 85' lang='lat' dir='ltr'><strong>impudicum</strong></span> <span class='ocrx_word' id='word_1_389' title='bbox 904 2165 914 2193; x_wconf 83' lang='lat'>?</span> <span class='ocrx_word' id='word_1_390' title='bbox 963 2165 995 2194; x_wconf 81' lang='lat' dir='ltr'><strong>M</strong></span> <span class='ocrx_word' id='word_1_391' title='bbox 1003 2174 1058 2195; x_wconf 75' lang='lat' dir='ltr'><strong>nc..</strong></span> <span class='ocrx_word' id='word_1_392' title='bbox 1087 2164 1143 2195; x_wconf 92' lang='lat' dir='ltr'><strong>Dii</strong></span> <span class='ocrx_word' id='word_1_393' title='bbox 1157 2164 1299 2194; x_wconf 85' lang='lat' dir='ltr'><strong>meliora.</strong></span> <span class='ocrx_word' id='word_1_394' title='bbox 1347 2162 1484 2194; x_wconf 71' lang='lat' dir='ltr'><strong>Arnen.</strong></span> <span class='ocrx_word' id='word_1_395' title='bbox 1506 2163 1558 2193; x_wconf 85' lang='lat' dir='ltr'><strong>An</strong></span> <span class='ocrx_word' id='word_1_396' title='bbox 1572 2171 1647 2193; x_wconf 87' lang='lat' dir='ltr'><strong>vero</strong></span> 
     </span>
     <span class='ocr_line' id='line_1_37' title="bbox 186 2216 1649 2260; baseline -0.001 -12"><span class='ocrx_word' id='word_1_397' title='bbox 186 2217 299 2248; x_wconf 84' lang='lat' dir='ltr'><strong>artium</strong></span> <span class='ocrx_word' id='word_1_398' title='bbox 328 2218 456 2259; x_wconf 89' lang='lat' dir='ltr'><strong>quidem</strong></span> <span class='ocrx_word' id='word_1_399' title='bbox 482 2219 647 2250; x_wconf 80' lang='lat' dir='ltr'><strong>muitarum</strong></span> <span class='ocrx_word' id='word_1_400' title='bbox 674 2219 811 2260; x_wconf 85' lang='lat' dir='ltr'><strong>peritum</strong></span> <span class='ocrx_word' id='word_1_401' title='bbox 841 2224 873 2249; x_wconf 90' lang='lat' dir='ltr'><strong>et</strong></span> <span class='ocrx_word' id='word_1_402' title='bbox 898 2219 930 2249; x_wconf 89' lang='lat' dir='ltr'><strong>in</strong></span> <span class='ocrx_word' id='word_1_403' title='bbox 960 2219 1005 2250; x_wconf 90' lang='lat' dir='ltr'><strong>his</strong></span> <span class='ocrx_word' id='word_1_404' title='bbox 1032 2219 1219 2260; x_wconf 81' lang='lat' dir='ltr'><strong>sapientem,</strong></span> <span class='ocrx_word' id='word_1_405' title='bbox 1248 2220 1302 2249; x_wconf 89' lang='lat' dir='ltr'><strong>sed</strong></span> <span class='ocrx_word' id='word_1_406' title='bbox 1332 2217 1505 2260; x_wconf 77' lang='lat' dir='ltr'><strong>injustum?</strong></span> <span class='ocrx_word' id='word_1_407' title='bbox 1551 2216 1649 2247; x_wconf 76' lang='lat' dir='ltr'><strong>Mm.</strong></span> 
     </span>
     <span class='ocr_line' id='line_1_38' title="bbox 186 2270 1647 2315; baseline -0.001 -13"><span class='ocrx_word' id='word_1_408' title='bbox 186 2271 285 2303; x_wconf 86' lang='lat' dir='ltr'><strong>Nullo</strong></span> <span class='ocrx_word' id='word_1_409' title='bbox 298 2273 403 2303; x_wconf 89' lang='lat' dir='ltr'><strong>modo.</strong></span> <span class='ocrx_word' id='word_1_410' title='bbox 449 2272 585 2303; x_wconf 63' lang='lat' dir='ltr'><strong>Arnen.</strong></span> <span class='ocrx_word' id='word_1_411' title='bbox 610 2273 651 2303; x_wconf 77' lang='lat' dir='ltr'><strong>At</strong></span> <span class='ocrx_word' id='word_1_412' title='bbox 669 2285 740 2304; x_wconf 84' lang='lat' dir='ltr'><strong>vcro</strong></span> <span class='ocrx_word' id='word_1_413' title='bbox 757 2273 878 2315; x_wconf 84' lang='lat' dir='ltr'><strong>justitia</strong></span> <span class='ocrx_word' id='word_1_414' title='bbox 897 2274 962 2304; x_wconf 76' lang='lat' dir='ltr'><strong>sine</strong></span> <span class='ocrx_word' id='word_1_415' title='bbox 987 2274 1194 2314; x_wconf 82' lang='lat' dir='ltr'><strong>temperantia</strong></span> <span class='ocrx_word' id='word_1_416' title='bbox 1216 2273 1368 2313; x_wconf 83' lang='lat' dir='ltr'><strong>originem</strong></span> <span class='ocrx_word' id='word_1_417' title='bbox 1398 2272 1512 2302; x_wconf 85' lang='lat' dir='ltr'><strong>habere</strong></span> <span class='ocrx_word' id='word_1_418' title='bbox 1528 2270 1647 2301; x_wconf 83' lang='lat' dir='ltr'><strong>nullam</strong></span> 
     </span>
     <span class='ocr_line' id='line_1_39' title="bbox 185 2324 1646 2369; baseline -0.001 -13"><span class='ocrx_word' id='word_1_419' title='bbox 185 2331 298 2367; x_wconf 78' lang='lat' dir='ltr'><strong>potest.</strong></span> <span class='ocrx_word' id='word_1_420' title='bbox 343 2326 442 2357; x_wconf 68' lang='lat' dir='ltr'>MEG-</span> <span class='ocrx_word' id='word_1_421' title='bbox 464 2327 634 2363; x_wconf 81' lang='lat' dir='ltr'><strong>Quomodo</strong></span> <span class='ocrx_word' id='word_1_422' title='bbox 647 2329 732 2359; x_wconf 87' lang='lat' dir='ltr'><strong>cnim</strong></span> <span class='ocrx_word' id='word_1_423' title='bbox 760 2328 872 2359; x_wconf 83' lang='lat' dir='ltr'><strong>aliter?</strong></span> <span class='ocrx_word' id='word_1_424' title='bbox 919 2327 1057 2358; x_wconf 56' lang='lat' dir='ltr'><strong>Arnen.</strong></span> <span class='ocrx_word' id='word_1_425' title='bbox 1079 2327 1143 2358; x_wconf 70' lang='lat' dir='ltr'><strong>sed</strong></span> <span class='ocrx_word' id='word_1_426' title='bbox 1166 2338 1267 2369; x_wconf 84' lang='lat' dir='ltr'><strong>neque</strong></span> <span class='ocrx_word' id='word_1_427' title='bbox 1284 2327 1377 2357; x_wconf 84' lang='lat' dir='ltr'><strong>etiarn</strong></span> <span class='ocrx_word' id='word_1_428' title='bbox 1395 2326 1460 2361; x_wconf 84' lang='lat' dir='ltr'><strong>ille,</strong></span> <span class='ocrx_word' id='word_1_429' title='bbox 1475 2327 1528 2367; x_wconf 86' lang='lat' dir='ltr'><strong>qui</strong></span> <span class='ocrx_word' id='word_1_430' title='bbox 1553 2324 1646 2355; x_wconf 86' lang='lat' dir='ltr'><strong>modo</strong></span> 
     </span>
     <span class='ocr_line' id='line_1_40' title="bbox 184 2379 1646 2424; baseline -0.001 -14"><span class='ocrx_word' id='word_1_431' title='bbox 184 2381 312 2421; x_wconf 82' lang='lat' dir='ltr'><strong>sapiens</strong></span> <span class='ocrx_word' id='word_1_432' title='bbox 326 2390 345 2410; x_wconf 86' lang='lat' dir='ltr'><strong>a</strong></span> <span class='ocrx_word' id='word_1_433' title='bbox 362 2381 451 2411; x_wconf 90' lang='lat' dir='ltr'><strong>nobis</strong></span> <span class='ocrx_word' id='word_1_434' title='bbox 465 2381 567 2412; x_wconf 80' lang='lat' dir='ltr'><strong>dictus</strong></span> <span class='ocrx_word' id='word_1_435' title='bbox 581 2388 638 2419; x_wconf 81' lang='lat' dir='ltr'><strong>est,</strong></span> <span class='ocrx_word' id='word_1_436' title='bbox 654 2383 735 2424; x_wconf 86' lang='lat' dir='ltr'><strong>quod</strong></span> <span class='ocrx_word' id='word_1_437' title='bbox 761 2383 939 2424; x_wconf 87' lang='lat' dir='ltr'><strong>voluptates</strong></span> <span class='ocrx_word' id='word_1_438' title='bbox 963 2389 1058 2423; x_wconf 84' lang='lat' dir='ltr'><strong>atque</strong></span> <span class='ocrx_word' id='word_1_439' title='bbox 1080 2382 1201 2413; x_wconf 86' lang='lat' dir='ltr'><strong>dolores</strong></span> <span class='ocrx_word' id='word_1_440' title='bbox 1227 2387 1322 2413; x_wconf 84' lang='lat' dir='ltr'><strong>rectae</strong></span> <span class='ocrx_word' id='word_1_441' title='bbox 1347 2380 1461 2412; x_wconf 85' lang='lat' dir='ltr'><strong>rationi</strong></span> <span class='ocrx_word' id='word_1_442' title='bbox 1475 2379 1646 2411; x_wconf 88' lang='lat' dir='ltr'><strong>concordes</strong></span> 
     </span>
     <span class='ocr_line' id='line_1_41' title="bbox 183 2433 1645 2477; baseline 0 -12"><span class='ocrx_word' id='word_1_443' title='bbox 183 2439 216 2465; x_wconf 87' lang='lat' dir='ltr'><strong>et</strong></span> <span class='ocrx_word' id='word_1_444' title='bbox 238 2434 447 2475; x_wconf 79' lang='lat' dir='ltr'><strong>obsequentes</strong></span> <span class='ocrx_word' id='word_1_445' title='bbox 470 2436 595 2466; x_wconf 79' lang='lat' dir='ltr'><strong>habeat.</strong></span> <span class='ocrx_word' id='word_1_446' title='bbox 643 2437 737 2467; x_wconf 78' lang='grc' dir='ltr'><strong>Μεῦ.</strong></span> <span class='ocrx_word' id='word_1_447' title='bbox 761 2436 835 2467; x_wconf 89' lang='lat' dir='ltr'><strong>Non</strong></span> <span class='ocrx_word' id='word_1_448' title='bbox 859 2443 952 2468; x_wconf 84' lang='lat' dir='ltr'><strong>certe.</strong></span> <span class='ocrx_word' id='word_1_449' title='bbox 999 2437 1138 2468; x_wconf 63' lang='lat' dir='ltr'><strong>Arnen.</strong></span> <span class='ocrx_word' id='word_1_450' title='bbox 1161 2436 1199 2467; x_wconf 94' lang='lat' dir='ltr'><strong>Id</strong></span> <span class='ocrx_word' id='word_1_451' title='bbox 1223 2441 1372 2477; x_wconf 64' lang='lat' dir='ltr'><strong>praeterea</strong></span> <span class='ocrx_word' id='word_1_452' title='bbox 1399 2433 1645 2477; x_wconf 85' lang='lat' dir='ltr'><strong>consideremus,</strong></span> 
     </span>
     <span class='ocr_line' id='line_1_42' title="bbox 181 2488 1646 2530; baseline 0.002 -11"><span class='ocrx_word' id='word_1_453' title='bbox 181 2495 228 2525; x_wconf 81' lang='lat' dir='ltr'><strong>ut,</strong></span> <span class='ocrx_word' id='word_1_454' title='bbox 245 2488 402 2530; x_wconf 84' lang='lat' dir='ltr'><strong>quomodo</strong></span> <span class='ocrx_word' id='word_1_455' title='bbox 417 2490 498 2520; x_wconf 83' lang='lat' dir='ltr'><strong>inter</strong></span> <span class='ocrx_word' id='word_1_456' title='bbox 524 2493 608 2520; x_wconf 84' lang='lat' dir='ltr'><strong>cives</strong></span> <span class='ocrx_word' id='word_1_457' title='bbox 634 2491 768 2521; x_wconf 84' lang='lat' dir='ltr'><strong>honores</strong></span> <span class='ocrx_word' id='word_1_458' title='bbox 794 2497 876 2522; x_wconf 88' lang='lat' dir='ltr'><strong>recte</strong></span> <span class='ocrx_word' id='word_1_459' title='bbox 899 2493 948 2522; x_wconf 84' lang='lat' dir='ltr'><strong>vel</strong></span> <span class='ocrx_word' id='word_1_460' title='bbox 974 2502 1037 2522; x_wconf 90' lang='lat' dir='ltr'><strong>non</strong></span> <span class='ocrx_word' id='word_1_461' title='bbox 1063 2498 1147 2522; x_wconf 68' lang='lat' dir='ltr'><strong>recte</strong></span> <span class='ocrx_word' id='word_1_462' title='bbox 1177 2491 1412 2525; x_wconf 79' lang='lat' dir='ltr'><strong>distribuantur,</strong></span> <span class='ocrx_word' id='word_1_463' title='bbox 1429 2489 1646 2530; x_wconf 86' lang='lat' dir='ltr'><strong>inspiciamus.</strong></span> 
     </span>
     <span class='ocr_line' id='line_1_43' title="bbox 182 2543 1645 2587; baseline 0.001 -13"><span class='ocrx_word' id='word_1_464' title='bbox 182 2543 279 2574; x_wconf 72' lang='lat' dir='ltr'><strong>Mac.</strong></span> <span class='ocrx_word' id='word_1_465' title='bbox 300 2543 491 2580; x_wconf 84' lang='lat' dir='ltr'><strong>Quidnam?</strong></span> <span class='ocrx_word' id='word_1_466' title='bbox 537 2544 674 2575; x_wconf 63' lang='lat' dir='ltr'><strong>Arni-:su</strong></span> <span class='ocrx_word' id='word_1_467' title='bbox 702 2545 924 2587; x_wconf 79' lang='lat' dir='ltr'><strong>Temperantia</strong></span> <span class='ocrx_word' id='word_1_468' title='bbox 947 2547 971 2576; x_wconf 89' lang='lat' dir='ltr'><strong>si</strong></span> <span class='ocrx_word' id='word_1_469' title='bbox 996 2547 1035 2577; x_wconf 87' lang='lat' dir='ltr'><strong>ab</strong></span> <span class='ocrx_word' id='word_1_470' title='bbox 1063 2546 1147 2576; x_wconf 81' lang='lat' dir='ltr'><strong>omni</strong></span> <span class='ocrx_word' id='word_1_471' title='bbox 1172 2545 1300 2576; x_wconf 85' lang='lat' dir='ltr'><strong>alterius</strong></span> <span class='ocrx_word' id='word_1_472' title='bbox 1323 2544 1446 2576; x_wconf 84' lang='lat' dir='ltr'><strong>virtutis</strong></span> <span class='ocrx_word' id='word_1_473' title='bbox 1471 2554 1584 2585; x_wconf 84' lang='lat' dir='ltr'><strong>genere</strong></span> <span class='ocrx_word' id='word_1_474' title='bbox 1610 2545 1645 2575; x_wconf 86' lang='lat' dir='ltr'><strong>in</strong></span> 
     </span>
     <span class='ocr_line' id='line_1_44' title="bbox 185 2597 1648 2642; baseline 0.001 -15"><span class='ocrx_word' id='word_1_475' title='bbox 185 2597 316 2640; x_wconf 82' lang='lat' dir='ltr'><strong>alicujus</strong></span> <span class='ocrx_word' id='word_1_476' title='bbox 330 2598 434 2629; x_wconf 86' lang='lat' dir='ltr'><strong>animo</strong></span> <span class='ocrx_word' id='word_1_477' title='bbox 454 2598 606 2629; x_wconf 86' lang='lat' dir='ltr'><strong>destituta</strong></span> <span class='ocrx_word' id='word_1_478' title='bbox 629 2599 679 2635; x_wconf 81' lang='lat' dir='ltr'><strong>sit,</strong></span> <span class='ocrx_word' id='word_1_479' title='bbox 698 2600 917 2631; x_wconf 78' lang='lat' dir='ltr'><strong>honorandane</strong></span> <span class='ocrx_word' id='word_1_480' title='bbox 929 2601 999 2642; x_wconf 85' lang='lat' dir='ltr'><strong>jure</strong></span> <span class='ocrx_word' id='word_1_481' title='bbox 1021 2606 1069 2632; x_wconf 86' lang='lat' dir='ltr'><strong>est</strong></span> <span class='ocrx_word' id='word_1_482' title='bbox 1092 2611 1131 2630; x_wconf 88' lang='lat' dir='ltr'><strong>an</strong></span> <span class='ocrx_word' id='word_1_483' title='bbox 1147 2599 1280 2631; x_wconf 81' lang='lat' dir='ltr'><strong>contra?</strong></span> <span class='ocrx_word' id='word_1_484' title='bbox 1327 2599 1423 2629; x_wconf 75' lang='lat' dir='ltr'><strong>Mm.</strong></span> <span class='ocrx_word' id='word_1_485' title='bbox 1446 2597 1519 2628; x_wconf 91' lang='lat' dir='ltr'><strong>Non</strong></span> <span class='ocrx_word' id='word_1_486' title='bbox 1536 2599 1648 2634; x_wconf 87' lang='lat' dir='ltr'><strong>habeo,</strong></span> 
     </span>
     <span class='ocr_line' id='line_1_45' title="bbox 185 2651 1647 2697; baseline 0 -15"><span class='ocrx_word' id='word_1_487' title='bbox 185 2651 262 2692; x_wconf 88' lang='lat' dir='ltr'><strong>quid</strong></span> <span class='ocrx_word' id='word_1_488' title='bbox 286 2652 504 2693; x_wconf 76' lang='lat' dir='ltr'><strong>respondeam.</strong></span> <span class='ocrx_word' id='word_1_489' title='bbox 549 2652 687 2684; x_wconf 63' lang='lat' dir='ltr'><strong>Amen.</strong></span> <span class='ocrx_word' id='word_1_490' title='bbox 718 2654 866 2685; x_wconf 73' lang='lat' dir='ltr'><strong>Modeste</strong></span> <span class='ocrx_word' id='word_1_491' title='bbox 893 2655 1029 2697; x_wconf 79' lang='lat' dir='ltr'><strong>satisque</strong></span> <span class='ocrx_word' id='word_1_492' title='bbox 1052 2664 1235 2695; x_wconf 74' lang='lat' dir='ltr'><strong>responsum</strong></span> <span class='ocrx_word' id='word_1_493' title='bbox 1262 2658 1319 2683; x_wconf 80' lang='lat' dir='ltr'><strong>est.</strong></span> <span class='ocrx_word' id='word_1_494' title='bbox 1344 2653 1493 2683; x_wconf 85' lang='lat' dir='ltr'><strong>alterutro</strong></span> <span class='ocrx_word' id='word_1_495' title='bbox 1507 2652 1589 2682; x_wconf 88' lang='lat' dir='ltr'><strong>enim</strong></span> <span class='ocrx_word' id='word_1_496' title='bbox 1610 2653 1647 2682; x_wconf 86' lang='lat' dir='ltr'><strong>il-</strong></span> 
     </span>
     <span class='ocr_line' id='line_1_46' title="bbox 184 2705 1648 2751; baseline 0 -15"><span class='ocrx_word' id='word_1_497' title='bbox 184 2705 283 2736; x_wconf 84' lang='lat' dir='ltr'><strong>lorum</strong></span> <span class='ocrx_word' id='word_1_498' title='bbox 298 2717 459 2744; x_wconf 85' lang='lat' dir='ltr'><strong>concesso,</strong></span> <span class='ocrx_word' id='word_1_499' title='bbox 482 2708 683 2743; x_wconf 79' lang='lat' dir='ltr'><strong>inconcinne,</strong></span> <span class='ocrx_word' id='word_1_500' title='bbox 694 2714 729 2738; x_wconf 88' lang='lat' dir='ltr'><strong>ut</strong></span> <span class='ocrx_word' id='word_1_501' title='bbox 755 2709 895 2745; x_wconf 86' lang='lat' dir='ltr'><strong>arbitror,</strong></span> <span class='ocrx_word' id='word_1_502' title='bbox 919 2709 1147 2751; x_wconf 54' lang='lat' dir='ltr'><strong>respondisses</strong></span> <span class='ocrx_word' id='word_1_503' title='bbox 1195 2707 1293 2738; x_wconf 67' lang='lat' dir='ltr'><strong>Mae.</strong></span> <span class='ocrx_word' id='word_1_504' title='bbox 1317 2707 1406 2738; x_wconf 84' lang='lat' dir='ltr'><strong>Bene</strong></span> <span class='ocrx_word' id='word_1_505' title='bbox 1423 2706 1516 2747; x_wconf 81' lang='lat' dir='ltr'><strong>igitur</strong></span> <span class='ocrx_word' id='word_1_506' title='bbox 1530 2706 1648 2737; x_wconf 81' lang='lat' dir='ltr'><strong>factum</strong></span> 
     </span>
     <span class='ocr_line' id='line_1_47' title="bbox 185 2759 1649 2806; baseline 0.001 -17"><span class='ocrx_word' id='word_1_507' title='bbox 185 2764 243 2789; x_wconf 82' lang='lat' dir='ltr'><strong>est.</strong></span> <span class='ocrx_word' id='word_1_508' title='bbox 288 2759 425 2793; x_wconf 68' lang='lat' dir='ltr'><strong>Arnen.</strong></span> <span class='ocrx_word' id='word_1_509' title='bbox 454 2762 543 2793; x_wconf 87' lang='lat' dir='ltr'><strong>Esto.</strong></span> <span class='ocrx_word' id='word_1_510' title='bbox 574 2773 689 2804; x_wconf 87' lang='lat' dir='ltr'><strong>nempe</strong></span> <span class='ocrx_word' id='word_1_511' title='bbox 717 2764 855 2795; x_wconf 85' lang='lat' dir='ltr'><strong>accessio</strong></span> <span class='ocrx_word' id='word_1_512' title='bbox 879 2764 959 2806; x_wconf 84' lang='lat' dir='ltr'><strong>ipsa,</strong></span> <span class='ocrx_word' id='word_1_513' title='bbox 991 2769 1023 2795; x_wconf 89' lang='lat' dir='ltr'><strong>et</strong></span> <span class='ocrx_word' id='word_1_514' title='bbox 1047 2765 1181 2794; x_wconf 84' lang='lat' dir='ltr'><strong>honores</strong></span> <span class='ocrx_word' id='word_1_515' title='bbox 1208 2766 1241 2792; x_wconf 88' lang='lat' dir='ltr'><strong>et</strong></span> <span class='ocrx_word' id='word_1_516' title='bbox 1267 2761 1443 2803; x_wconf 87' lang='lat' dir='ltr'><strong>obprobria,</strong></span> <span class='ocrx_word' id='word_1_517' title='bbox 1471 2771 1535 2791; x_wconf 89' lang='lat' dir='ltr'><strong>non</strong></span> <span class='ocrx_word' id='word_1_518' title='bbox 1563 2760 1649 2791; x_wconf 90' lang='lat' dir='ltr'><strong>dictu</strong></span> 
     </span>
     <span class='ocr_line' id='line_1_48' title="bbox 189 2813 1649 2859; baseline -0.001 -15"><span class='ocrx_word' id='word_1_519' title='bbox 189 2813 247 2844; x_wconf 75' lang='lat' dir='ltr'><strong>sed</strong></span> <span class='ocrx_word' id='word_1_520' title='bbox 267 2815 395 2847; x_wconf 67' lang='lat' dir='ltr'><strong>silentio</strong></span> <span class='ocrx_word' id='word_1_521' title='bbox 418 2817 521 2858; x_wconf 84' lang='lat' dir='ltr'><strong>potius</strong></span> <span class='ocrx_word' id='word_1_522' title='bbox 546 2817 749 2849; x_wconf 82' lang='lat' dir='ltr'><strong>irrationabili</strong></span> <span class='ocrx_word' id='word_1_523' title='bbox 773 2818 869 2859; x_wconf 80' lang='lat' dir='ltr'><strong>digna</strong></span> <span class='ocrx_word' id='word_1_524' title='bbox 897 2824 1000 2849; x_wconf 85' lang='lat' dir='ltr'><strong>erunt.</strong></span> <span class='ocrx_word' id='word_1_525' title='bbox 1045 2817 1142 2848; x_wconf 76' lang='lat' dir='ltr'><strong>Mne.</strong></span> <span class='ocrx_word' id='word_1_526' title='bbox 1163 2817 1417 2857; x_wconf 83' lang='lat' dir='ltr'><strong>Temperantiam</strong></span> <span class='ocrx_word' id='word_1_527' title='bbox 1443 2815 1548 2846; x_wconf 85' lang='lat' dir='ltr'><strong>dicere</strong></span> <span class='ocrx_word' id='word_1_528' title='bbox 1571 2813 1649 2844; x_wconf 87' lang='lat' dir='ltr'><strong>mihi</strong></span> 
     </span>
     <span class='ocr_line' id='line_1_49' title="bbox 186 2866 1649 2914; baseline 0 -17"><span class='ocrx_word' id='word_1_529' title='bbox 186 2866 310 2899; x_wconf 76' lang='lat' dir='ltr'><strong>videris-</strong></span> <span class='ocrx_word' id='word_1_530' title='bbox 353 2870 491 2901; x_wconf 64' lang='lat' dir='ltr'><strong>Arnen.</strong></span> <span class='ocrx_word' id='word_1_531' title='bbox 516 2871 606 2902; x_wconf 85' lang='lat' dir='ltr'><strong>Hanc</strong></span> <span class='ocrx_word' id='word_1_532' title='bbox 623 2872 722 2912; x_wconf 86' lang='lat' dir='ltr'><strong>ipsam</strong></span> <span class='ocrx_word' id='word_1_533' title='bbox 737 2872 819 2903; x_wconf 92' lang='lat' dir='ltr'><strong>dico.</strong></span> <span class='ocrx_word' id='word_1_534' title='bbox 842 2872 925 2914; x_wconf 88' lang='lat' dir='ltr'><strong>quod</strong></span> <span class='ocrx_word' id='word_1_535' title='bbox 948 2873 1042 2914; x_wconf 87' lang='lat' dir='ltr'><strong>igitur</strong></span> <span class='ocrx_word' id='word_1_536' title='bbox 1066 2882 1105 2902; x_wconf 86' lang='lat' dir='ltr'><strong>ex</strong></span> <span class='ocrx_word' id='word_1_537' title='bbox 1129 2871 1198 2902; x_wconf 82' lang='lat' dir='ltr'><strong>aliis</strong></span> <span class='ocrx_word' id='word_1_538' title='bbox 1221 2870 1310 2901; x_wconf 89' lang='lat' dir='ltr'><strong>nobis</strong></span> <span class='ocrx_word' id='word_1_539' title='bbox 1328 2869 1455 2911; x_wconf 83' lang='lat' dir='ltr'><strong>prodest</strong></span> <span class='ocrx_word' id='word_1_540' title='bbox 1472 2868 1649 2910; x_wconf 87' lang='lat' dir='ltr'><strong>plurimum,</strong></span> 
     </span>
    </p>
   </div>
   <div class='ocr_carea' id='block_1_3' title="bbox 187 2921 1649 3012">
    <p class='ocr_par' dir='ltr' id='par_1_3' title="bbox 187 2921 1649 3012">
     <span class='ocr_line' id='line_1_50' title="bbox 187 2921 1649 2966; baseline 0.001 -14"><span class='ocrx_word' id='word_1_541' title='bbox 187 2921 214 2951; x_wconf 78' lang='lat' dir='ltr'><strong>si</strong></span> <span class='ocrx_word' id='word_1_542' title='bbox 243 2931 314 2952; x_wconf 80' lang='lat' dir='ltr'><strong>cum</strong></span> <span class='ocrx_word' id='word_1_543' title='bbox 340 2923 502 2955; x_wconf 81' lang='lat' dir='ltr'><strong>additione</strong></span> <span class='ocrx_word' id='word_1_544' title='bbox 528 2925 674 2961; x_wconf 79' lang='lat' dir='ltr'><strong>maxime-</strong></span> <span class='ocrx_word' id='word_1_545' title='bbox 690 2927 866 2961; x_wconf 83' lang='lat' dir='ltr'><strong>honoretur,</strong></span> <span class='ocrx_word' id='word_1_546' title='bbox 888 2926 1064 2957; x_wconf 66' lang='lat' dir='ltr'><strong>rectissime</strong></span> <span class='ocrx_word' id='word_1_547' title='bbox 1092 2925 1294 2956; x_wconf 81' lang='lat' dir='ltr'><strong>honorabitur</strong></span> <span class='ocrx_word' id='word_1_548' title='bbox 1315 2938 1320 2954; x_wconf 87' lang='grc'>;</span> <span class='ocrx_word' id='word_1_549' title='bbox 1345 2930 1378 2954; x_wconf 91' lang='lat' dir='ltr'><strong>et</strong></span> <span class='ocrx_word' id='word_1_550' title='bbox 1403 2923 1485 2966; x_wconf 84' lang='lat' dir='ltr'><strong>quod</strong></span> <span class='ocrx_word' id='word_1_551' title='bbox 1510 2921 1649 2952; x_wconf 80' lang='lat' dir='ltr'><strong>seeundo</strong></span> 
     </span>
     <span class='ocr_line' id='line_1_51' title="bbox 275 2976 1560 3012; baseline 0 -6"><span class='ocrx_word' id='word_1_552' title='bbox 275 2976 362 3008; x_wconf 72' lang='lat' dir='ltr'><strong>Plat.</strong></span> <span class='ocrx_word' id='word_1_553' title='bbox 376 2977 428 3008; x_wconf 78' lang='lat' dir='ltr'><strong>Tr.</strong></span> <span class='ocrx_word' id='word_1_554' title='bbox 954 2981 998 3012; x_wconf 80' lang='lat' dir='ltr'><strong>II.</strong></span> <span class='ocrx_word' id='word_1_555' title='bbox 1504 2981 1522 3007; x_wconf 80' lang='lat'>2</span> <span class='ocrx_word' id='word_1_556' title='bbox 1540 2976 1560 3006; x_wconf 83' lang='lat' dir='ltr'>S</span> 
     </span>
    </p>
   </div>
  </div>
 </body>
</html>
