1840 3225
215 188 294 226 292
807 184 1074 229 PLATole
1586 189 1684 243 [637

217 300 302 331 esse,
313 289 348 322 in
360 289 452 323 rebus
472 290 610 333 publicis
625 295 660 322 ut
675 290 788 329 verbis,
804 292 850 323 ita
868 296 901 323 et
915 302 948 324 re
971 292 1054 334 ipsa,
1068 291 1210 334 undique
1235 295 1336 325 tutum
1359 291 1482 334 aliquid
1503 297 1684 334 certumqu-

220 344 385 376 inducere.
406 355 479 376 nam
494 344 757 388 quemadmodum
771 346 806 377 in
830 346 1011 388 corporibus
1029 346 1096 377 fieri
1109 355 1174 376 non
1195 351 1310 387 potest,
1323 351 1359 377 ut
1372 346 1502 388 aliquod
1518 357 1617 378 unum
1629 347 1686 378 uni

219 398 344 439 corpori
359 399 497 430 studium
512 399 776 437 accommodetur,
792 401 876 442 quod
892 400 961 431 aliis
981 400 1142 441 prodesse,
1158 400 1229 431 aliis
1241 400 1352 431 obesse
1366 400 1469 432 eidem
1485 400 1611 442 corpori
1621 410 1687 431 non

220 451 387 484 videatur:
412 453 455 485 sic
471 459 503 484 et
522 454 555 484 in
571 454 710 485 civitate.
732 465 847 496 nempe
873 454 1114 485 exercitationes
1134 455 1184 485 hae
1210 454 1547 496 commessationesque
1571 453 1613 484 ad
1627 453 1690 484 alia

220 506 351 548 quidem
368 507 545 539 civitatibus
560 508 744 539 conferunt:
759 507 801 540 ad
815 508 983 540 seditiones
999 514 1103 539 autem
1119 509 1233 540 obsunt
1241 509 1381 540 omnino.
1402 509 1491 550 cujus
1506 507 1552 539 rei
1565 507 1689 539 Milesii

220 565 255 591 et
282 561 399 592 Boeotii
422 566 455 592 et
475 561 583 593 Thurii
608 562 700 593 nobis
722 562 868 604 exemplo
890 568 973 593 sunt.
995 562 1083 603 atqui
1108 561 1212 594 studia
1237 564 1304 595 haec
1332 562 1435 604 prisca
1457 572 1495 593 ex
1510 561 1582 603 lege
1597 561 1690 594 nobis

222 620 377 646 consueta
391 620 475 653 sunt,
490 616 696 658 videnturque
720 617 880 648 naturales
898 608 1101 647 venereorum
1117 617 1302 658 voluptates,
1318 626 1382 647 non
1397 617 1431 647 in
1446 616 1625 647 hominibus
1639 627 1689 648 so-

220 669 300 706 lum,
315 669 373 700 sed
386 670 420 700 in
434 670 554 708 bestiis,
570 671 767 712 pervertisse.
789 681 850 712 qua
864 671 898 702 in
918 681 952 702 re
976 670 1085 712 primae
1108 671 1250 703 civitates
1265 676 1376 702 vestrae
1397 675 1526 712 possent
1538 671 1692 708 accusari,

220 728 255 754 et
269 723 340 754 aliae
355 734 474 761 omnes,
489 724 602 766 quibus
622 725 756 756 maxime
778 734 851 756 cura
865 726 1129 767 gymnasticamm
1144 725 1402 757 exercitationum
1420 731 1479 756 est.
1500 735 1538 756 ac
1551 734 1610 756 seu
1615 724 1691 768 joco

220 777 290 809 sive
305 778 385 809 serio
400 778 579 820 intelligere
600 784 737 821 oportet,
752 779 994 820 intelligendum
1009 785 1058 810 est
1079 779 1175 821 quod,
1192 790 1264 811 cum
1285 779 1403 811 femina
1421 784 1455 810 et
1478 779 1633 810 masculus
1648 779 1691 810 ad

219 831 435 873 generandum
451 832 653 869 conveniunt,
669 838 841 864 conventus
852 833 1064 876 hujuscemodi
1075 833 1219 875 voluptas
1230 834 1402 865 secundum
1416 838 1562 864 naturam
1570 832 1620 864 his
1635 832 1691 863 tri-

220 885 297 916 buta
309 886 444 918 videtur.
467 887 614 927 quotiens
626 892 732 918 autem
750 897 853 918 mares
864 887 1001 918 maribus
1015 893 1069 918 aut
1085 888 1210 918 feminae
1225 887 1351 918 feminis
1365 888 1616 923 commiscentur,
1632 897 1689 918 vo·

220 939 326 980 luptas
340 950 380 970 ea
389 945 501 981 praeter
514 947 656 971 naturam
672 952 679 971 z
705 946 738 972 et
752 941 807 982 qui
829 942 964 982 primum
978 941 1042 972 tale
1069 941 1190 972 facinus
1210 942 1276 972 ausi
1298 946 1379 977 sunt,
1395 941 1565 983 voluptatis
1578 942 1690 973 incon-

219 992 356 1024 tinentia
370 993 404 1024 id
418 994 571 1025 fecerunt.
594 1004 704 1026 omnes
727 1005 817 1036 porro
841 994 1041 1026 Cretensium
1060 994 1198 1025 fabulam
1220 994 1260 1025 de
1284 994 1472 1038 Ganymede
1485 995 1690 1026 vehementer

221 1046 397 1087 culpamus,
412 1048 497 1089 quod
517 1047 663 1079 adversus
688 1048 801 1080 Jovem
828 1047 902 1079 ficta
926 1048 977 1084 sit,
993 1054 1028 1078 ut
1047 1058 1117 1078 cum
1143 1048 1182 1078 ab
1209 1058 1248 1079 eo
1271 1049 1358 1090 leges
1378 1048 1515 1090 ipsorum
1536 1048 1691 1090 originem

219 1099 366 1132 habuisse
382 1102 560 1139 credantur,
581 1113 654 1134 eum
676 1102 784 1134 Deum
808 1102 978 1139 imitantes,
992 1102 1046 1144 qui
1065 1102 1154 1144 leges
1175 1101 1316 1138 tradidit,
1330 1103 1389 1133 hac
1409 1102 1506 1133 etiam
1527 1103 1690 1144 voluptate

218 1153 370 1187 fruantur.
395 1156 453 1187 sed
467 1157 573 1188 fabula
588 1157 718 1199 quidem
742 1158 858 1190 valeat.
880 1168 991 1188 eorum
1012 1162 1127 1194 autem,
1144 1158 1198 1199 qui
1217 1157 1258 1189 de
1274 1157 1396 1198 legibus
1411 1157 1622 1193 considerant,
1635 1167 1689 1188 co-

219 1208 332 1249 gitatio
348 1221 440 1251 paene
455 1212 557 1242 omnis
567 1211 607 1242 de
624 1211 836 1253 voluptatibus
848 1217 881 1242 et
902 1210 1063 1242 doloribus
1082 1217 1145 1241 tam
1162 1211 1247 1242 circa
1260 1211 1404 1252 publicos
1418 1221 1513 1252 quam
1527 1211 1610 1242 circa
1623 1212 1688 1252 pri-

218 1268 307 1294 vatos
322 1264 474 1306 cujusque
489 1275 590 1295 mores
605 1275 675 1296 esse
693 1265 800 1294 dehet.
823 1266 886 1296 duo
900 1275 1036 1307 namque
1048 1266 1079 1295 hi
1099 1265 1204 1296 fontes
1217 1272 1328 1296 natura
1342 1265 1525 1301 scaturiunt,
1540 1275 1558 1295 a
1572 1265 1690 1306 quibus

219 1316 275 1357 qui
292 1317 404 1354 haurit,
420 1318 515 1354 unde,
531 1317 658 1359 quando
683 1322 897 1359 quantumque
912 1323 1046 1359 oportet,
1062 1319 1138 1350 felix
1160 1324 1218 1355 est,
1233 1318 1370 1360 privatus
1389 1319 1511 1350 scilicet
1530 1324 1563 1349 et
1576 1319 1688 1350 civitas

220 1380 377 1413 omneque
393 1372 528 1402 animal:
553 1372 606 1413 qui
619 1376 723 1402 autem
744 1372 928 1413 insipienter
944 1378 977 1402 et
996 1378 1108 1414 praeter
1131 1373 1408 1414 opportunitatem,
1422 1379 1529 1404 contra
1543 1373 1623 1404 vivit
1638 1373 1686 1403 in-

219 1424 310 1456 felix.
343 1426 442 1457 Meo.
464 1425 568 1458 Recte
582 1426 644 1457 ista
664 1426 820 1461 dicuntur,
846 1436 866 1457 o
891 1427 1028 1467 hospes:
1052 1437 1126 1467 nec,
1141 1426 1217 1469 quid
1238 1426 1386 1458 adversus
1411 1427 1478 1458 haec
1494 1427 1558 1458 dici
1574 1427 1689 1469 possit,

219 1478 376 1510 videmus.
397 1479 523 1511 videtur
542 1485 647 1511 autem
673 1480 749 1511 mihi
775 1479 1088 1511 Lacedaemoniarum
1112 1481 1214 1522 legum
1242 1480 1385 1512 conditor
1407 1487 1504 1517 recte,
1519 1481 1689 1522 fugiendas

219 1543 290 1564 esse
303 1535 494 1576 voluptates,
510 1534 651 1577 jussisse.
684 1534 814 1566 Gnosiis
837 1540 940 1566 autern
966 1535 1089 1576 legibus
1112 1535 1217 1566 Clinia
1238 1535 1301 1572 hic,
1317 1536 1345 1566 si
1359 1534 1453 1571 volet,
1469 1535 1688 1576 opitulabitur.

220 1597 294 1618 narn
307 1588 393 1630 apud
415 1590 596 1630 SpartiataS‚
616 1589 716 1631 [637]
742 1600 811 1631 quae
835 1589 876 1619 ad
898 1589 1076 1631 voluptates
1098 1590 1271 1631 pertinent,
1287 1590 1405 1631 optime
1422 1589 1560 1620 omnium
1577 1589 1685 1631 dispo-

219 1641 283 1672 sita
295 1652 364 1673 esse
381 1643 519 1674 arbitror.
543 1654 605 1685 quo
621 1644 706 1674 enim
721 1654 830 1674 omnes
853 1644 996 1675 homines
1020 1654 1217 1686 summopere
1232 1645 1266 1675 in
1281 1644 1459 1685 voluptates
1471 1644 1684 1676 vehementis-

219 1695 315 1727 simas
329 1697 601 1740 petulantiamque
623 1703 656 1729 et
675 1698 829 1729 insaniam
855 1698 1010 1735 incidunt,
1025 1698 1058 1730 id
1078 1699 1116 1730 ab
1131 1699 1276 1730 universa
1295 1699 1423 1740 regione
1438 1700 1491 1729 lex
1505 1704 1616 1730 nostra
1629 1709 1684 1730 ex-

219 1751 411 1789 terminavit,
423 1763 482 1783 nec
504 1753 537 1783 in
564 1753 645 1794 agris
664 1753 770 1784 necin
796 1753 933 1790 urbibus,
952 1764 1031 1795 quas
1052 1754 1217 1795 Spartiatae
1234 1753 1421 1795 gubernant,
1437 1753 1685 1795 compotationes

219 1804 342 1836 videbis
355 1817 363 1844 3
388 1807 442 1838 sed
458 1817 518 1838 nec
534 1807 818 1848 compotationibus
830 1808 1008 1849 conjuncta,
1019 1809 1132 1850 quibus
1147 1808 1188 1838 ad
1203 1818 1310 1839 omnes
1325 1808 1502 1849 voluptates
1515 1818 1684 1839 movemur.

218 1868 279 1890 nec
303 1860 386 1891 ullus
411 1866 469 1897 est,
491 1862 543 1902 qui
566 1861 689 1892 cuidam
714 1862 863 1893 ebrietate
878 1863 1055 1894 lascivienti
1079 1863 1204 1894 obviam
1223 1862 1322 1893 factus
1345 1872 1409 1893 non
1430 1861 1569 1893 maximo
1579 1861 1683 1903 ipsum

217 1913 376 1954 supplicio
392 1915 496 1945 statim
509 1916 646 1947 afficiat:
670 1926 774 1957 neque
797 1917 1043 1948 Bacchanalium
1067 1917 1189 1948 occasio
1205 1917 1306 1958 ipsum
1326 1917 1456 1947 liberet:
1481 1915 1684 1958 quemadmo-

219 1966 293 1997 dum
311 1968 397 2008 apud
413 1979 467 1999 vos
481 1969 515 2000 in
541 1971 680 2001 curribus
694 1971 761 2001 vidi
777 1976 810 2002 et
835 1972 918 2013 apud
941 1972 1139 2009 Tarentinos,
1155 1971 1209 2013 qui
1224 1971 1321 2002 nostri
1337 1971 1440 2002 coloni
1455 1979 1539 2007 sunt,
1554 1980 1683 2001 omnem

216 2020 251 2051 in
276 2021 528 2054 Bacchanalibus
543 2024 659 2055 ebriam
677 2024 845 2056 civitatem.
860 2027 943 2068 apud
955 2037 1014 2057 nos
1030 2032 1135 2057 autem
1148 2027 1227 2057 nihil
1243 2026 1305 2057 tale
1319 2025 1520 2067 conspicitur.
1542 2025 1683 2057 Arnen.

217 2074 396 2106 Laudanda
410 2077 477 2107 haec
501 2079 606 2108 omnia
629 2084 714 2114 sunt,
728 2089 747 2109 o
769 2080 882 2120 hospes
905 2081 1157 2117 Lacedaemonio,
1172 2080 1225 2111 ubi
1246 2080 1439 2110 coutinentia
1455 2079 1599 2120 quaedam
1615 2084 1683 2110 est:

219 2129 273 2159 ubi
290 2135 392 2160 autem
419 2131 546 2162 omnino
569 2133 800 2172 permittuntur,
816 2134 995 2164 emolliunt.
1018 2134 1081 2165 cito
1107 2135 1193 2164 enim
1214 2134 1368 2175 quispiam
1390 2138 1495 2163 nostra
1507 2132 1682 2163 defendens

218 2187 252 2213 te
267 2184 489 2225 reprehendat,
505 2185 532 2214 si
546 2186 708 2216 mulierum
732 2186 817 2227 apud
838 2197 893 2216 vos
914 2187 1072 2217 licentiam
1097 2189 1265 2228 aperuerit.
1287 2197 1350 2217 una
1370 2193 1453 2218 certe
1475 2186 1509 2217 in
1535 2186 1682 2217 omnibus

217 2236 288 2268 istis
303 2242 336 2268 et
357 2237 543 2269 Tarentinos
555 2244 587 2269 et
602 2249 670 2274 nos,
685 2239 780 2270 immo
793 2250 866 2271 vero
880 2246 911 2270 et
927 2251 981 2271 vos
998 2241 1158 2282 responsio
1175 2241 1297 2276 liberat,
1313 2241 1398 2282 quod
1410 2241 1477 2270 haec
1490 2240 1602 2281 probe,
1613 2250 1680 2271 non

216 2290 359 2333 improbe
372 2302 406 2322 se
427 2292 574 2323 habeant.
595 2293 725 2334 quisque
750 2294 835 2324 enim
851 2294 1016 2335 peregrino
1043 2294 1221 2331 admiranti,
1235 2294 1320 2336 quod
1340 2295 1468 2325 insolita
1480 2294 1599 2330 videat,
1614 2305 1680 2325 res-

217 2345 359 2387 pondere
385 2347 501 2388 poterit
514 2358 520 2377 :
545 2347 611 2378 noli
626 2348 741 2384 mirari,
757 2358 776 2378 o
799 2349 929 2389 hospes:
955 2349 1022 2379 ha‘c
1038 2348 1123 2390 apud
1137 2359 1196 2379 nos
1209 2354 1314 2378 exstat
1326 2349 1389 2378 lex.
1404 2347 1489 2389 apud
1505 2358 1560 2379 vos
1573 2354 1680 2380 autem

215 2399 333 2430 iisdem
347 2400 387 2431 de
410 2401 502 2431 rebus
527 2401 628 2432 forsan
646 2403 707 2432 alia
727 2403 778 2433 lcx
805 2408 864 2433 est.
891 2402 981 2432 nobis
1004 2413 1080 2434 vero
1107 2403 1138 2433 in
1154 2402 1332 2444 praesentia,
1347 2412 1366 2433 o
1388 2402 1593 2433 amantissimi
1610 2403 1682 2440 viri,

216 2463 280 2484 non
296 2455 336 2484 de
351 2454 528 2486 hominibus
540 2456 611 2486 aliis
624 2466 726 2487 sermo
741 2462 799 2494 est,
811 2456 866 2488 sed
879 2456 918 2487 de
929 2456 1124 2488 conditorum
1134 2457 1272 2498 ipsorum
1288 2455 1399 2488 virtute
1415 2466 1452 2488 ac
1467 2457 1556 2488 vitio.
1568 2467 1678 2488 verum

215 2507 312 2538 latius
328 2508 367 2540 de
379 2509 522 2540 universa
534 2510 687 2541 ebrietate
714 2512 864 2543 dicamus.
890 2522 953 2542 non
970 2512 1054 2542 enim
1076 2512 1189 2552 exigua
1203 2521 1253 2541 res
1269 2516 1327 2546 est,
1343 2521 1446 2552 neque
1461 2511 1502 2542 ad
1518 2509 1677 2551 abjectum

214 2571 372 2603 quemque
385 2563 452 2605 ejus
465 2570 589 2605 spectat
598 2564 762 2607 judicium.
785 2576 847 2596 non
862 2565 943 2602 dico,
970 2572 1073 2596 utrum
1095 2565 1265 2597 bibendum
1281 2565 1322 2596 sit
1335 2565 1444 2596 vinum
1468 2574 1570 2596 necne
1586 2575 1593 2593 :
1618 2564 1677 2595 sed

214 2615 256 2645 de
272 2615 423 2648 ebrietate
445 2618 658 2659 quaerendum,
673 2619 812 2661 inquam,
825 2625 928 2650 utrum
950 2619 995 2650 ita
1018 2620 1170 2650 utendum
1195 2620 1247 2655 sit,
1262 2618 1525 2660 quemadmodum
1547 2618 1675 2660 Scythae

212 2678 251 2700 ac
278 2669 382 2700 Persae
399 2676 537 2708 utuntur,
553 2672 817 2714 Carthaginenses
839 2678 990 2715 praeterea
1017 2680 1049 2705 et
1073 2673 1225 2705 Celtiberi
1251 2680 1283 2704 et
1306 2672 1455 2707 Thraces,
1471 2681 1541 2713 quae
1565 2682 1677 2703 omnes

214 2727 325 2764 gentes
342 2723 587 2756 bellicosissimae
615 2733 688 2758 sunt
703 2739 709 2757 :
728 2728 779 2759 vel
795 2727 1061 2769 quemadmodum
1076 2738 1140 2764 vos,
1154 2728 1218 2770 qui,
1231 2733 1266 2758 ut
1289 2727 1346 2762 ais,
1361 2726 1488 2757 omnino
1500 2726 1676 2758 abstinetis.

209 2777 335 2820 Scythae
348 2788 421 2809 vero
434 2789 470 2810 ac
492 2780 629 2812 Thraces
653 2792 738 2813 mero
763 2782 891 2824 penitus
916 2788 1055 2818 utuntur,
1080 2788 1145 2814 tam
1161 2782 1218 2813 viri
1233 2791 1328 2823 quam
1343 2780 1488 2811 mulieres
1503 2791 1509 2808 :
1534 2790 1570 2811 nc
1584 2790 1675 2812 mero

209 2837 312 2862 vestes
326 2831 527 2874 perfundunt,
544 2836 724 2875 praeclarum
745 2837 806 2868 hoc
820 2843 853 2868 ct
874 2837 1000 2869 beatum
1025 2838 1096 2868 vitae
1121 2847 1218 2879 genus
1232 2835 1455 2867 existimantes.
1477 2833 1581 2865 Persae
1596 2844 1674 2865 vero

208 2885 279 2918 aliis
292 2896 420 2930 quoque
435 2885 567 2926 deliciis,
580 2900 658 2931 quas
682 2901 738 2923 vos
753 2891 909 2934 spernitis,
925 2893 1017 2926 valde
1040 2896 1178 2929 utuntur,
1194 2890 1334 2934 quamvis
1357 2887 1556 2926 moderatius,
1571 2897 1669 2930 quam
