1840 3225
154 214 252 265 834]
609 216 682 255 DE
715 215 945 254 LEGIBUS
977 216 1077 256 LIB.
1108 215 1220 254 VIII.
1547 214 1624 252 385

149 326 222 357 quae
237 316 278 348 ad
294 317 408 348 bellum
426 318 615 355 conducunt,
631 325 735 351 cetera
751 319 958 350 dimittantur.
982 318 1038 349 sed
1053 329 1121 360 quae
1138 319 1197 350 ista
1211 322 1294 354 sunt,
1311 328 1328 348 a
1344 315 1499 358 principio
1511 326 1620 347 recen-

151 371 250 401 senda
264 377 337 402 sur-t
353 380 385 402 et
401 372 521 413 legibus
535 374 705 405 sancienda
719 385 725 404 :
743 379 776 404 et
785 373 895 415 primo,
906 383 974 414 quae
989 373 1030 403 ad
1042 384 1166 404 cursum
1178 372 1440 412 velocitatemque
1452 371 1622 412 pertinent.

152 426 281 456 nonne?
328 426 404 458 Cu.
427 427 565 458 Omnino
581 428 770 460 faciendum.
819 427 894 458 Arri
902 438 957 458 EN.
981 427 1129 458 Omnium
1153 427 1249 468 igitur
1263 427 1398 457 maxime
1414 425 1538 466 agilitas
1553 435 1620 456 cor-

151 479 247 520 poris,
272 480 369 511 altera
393 481 521 522 pedum,
549 482 648 512 altera
671 493 831 517 manuum,
848 481 889 512 ad
904 481 1022 512 bellum
1036 481 1186 512 conducit
1203 492 1209 510 :
1235 481 1275 510 ad
1291 480 1474 522 fugiendum
1489 479 1616 521 quidem

150 533 445 576 insequendumque
469 535 598 577 pedum,
623 536 720 579 [833]
746 537 778 566 in
801 535 971 577 pugnando
995 541 1101 566 autem
1115 536 1328 576 luctandoque
1344 544 1496 565 manuum
1510 534 1621 565 robore

150 587 306 630 indigens.
351 588 428 621 CLr.
451 589 556 621 Certe.
601 589 740 621 Arnen.
763 590 888 621 Neutra
912 595 1019 621 tamen
1049 591 1166 631 absque
1198 589 1290 619 armis
1319 598 1432 629 magno
1461 588 1531 618 usui
1561 593 1621 620 est.

147 642 226 674 cm.
250 642 343 675 Vere.
385 643 461 674 Arfl
468 655 523 675 EN.
547 644 691 675 Stadium
706 655 780 687 ergo
791 655 963 680 cursurum,
975 643 1241 686 quemadmodum
1256 653 1340 673 nunc
1353 643 1385 672 in
1398 641 1621 672 certaminibus

148 696 194 733 fit,
207 707 310 738 praeco
324 697 459 738 primum
475 705 566 730 vocet
583 711 590 730 :
613 699 667 730 ille
684 710 756 731 vero
769 710 838 730 cum
856 699 948 730 armis
964 698 1166 740 ingrediatur.
1188 709 1260 729 nam
1292 698 1378 727 nudo
1393 696 1510 737 absque
1526 695 1620 726 armis

148 751 295 782 certatori
317 752 445 793 praemia
471 763 530 783 nos
549 753 677 785 minime
706 754 862 795 ponimus.
907 754 1029 785 Primus
1054 753 1148 794 igitur
1169 752 1306 784 stadium
1319 761 1471 786 cursurus,
1489 755 1623 780 armatus

149 805 352 846 ingrediatur,
369 806 485 838 deinde
501 808 554 849 qui
571 808 725 850 dianium,
739 809 850 839 tertius
865 808 919 850 qui
935 808 1035 849 equis,
1050 812 1178 848 quartus
1191 807 1244 848 qui
1258 806 1407 841 dolicum,
1422 805 1550 846 quintus
1568 805 1621 845 qui

146 860 256 891 leviori
282 866 437 892 armatura
460 868 605 893 ornatus:
631 873 722 904 quem
750 864 883 905 primum
908 863 1073 903 sexaginta
1102 861 1271 892 stadiorum
1300 860 1401 901 spatio
1428 858 1468 889 ad
1493 858 1622 898 aliquod

145 914 297 956 templum
323 916 436 947 Martis
454 923 676 957 perventurum
691 918 907 948 immittemus.
933 918 1023 953 alim,
1039 916 1133 947 etiam
1150 915 1288 957 graviore
1304 919 1438 944 armatus
1455 918 1622 948 armatura,

145 968 270 999 brevius
283 979 320 1000 ac
332 970 457 1010 planius
472 972 608 1012 spatium
621 982 776 1002 cursurus.
800 972 878 1002 alius
895 971 1084 1012 sagittariu5‚
1101 970 1187 1001 omni
1203 980 1329 1000 arcuum
1344 974 1454 999 ornatu
1469 966 1621 1005 munitus,

145 1027 274 1054 centum
296 1024 398 1056 stadia
424 1036 479 1066 per
500 1032 624 1056 montes
649 1027 829 1067 variamque
854 1026 991 1067 regionis
1015 1031 1159 1055 naturam
1188 1025 1226 1054 ad
1256 1023 1418 1065 Apollinis
1442 1022 1624 1062 Dianaeque

144 1077 300 1118 templum
321 1083 446 1109 certans
458 1079 632 1119 perveniat.
653 1081 824 1111 certamine
850 1080 942 1121 igitur
957 1079 1139 1115 constituto,
1157 1088 1320 1119 quousque
1334 1077 1474 1111 veniant,
1491 1085 1625 1116 exspec-

144 1131 293 1168 tabimus,
308 1137 342 1162 et
356 1132 526 1163 victoribus
541 1133 671 1173 singulis
687 1134 816 1174 praemia
832 1134 984 1164 dabimus.
1031 1133 1107 1165 Cm.
1131 1132 1245 1163 Recte.
1282 1132 1428 1162 ‘Ames-
1451 1129 1625 1171 Tripartito

145 1186 215 1217 haec
231 1186 403 1217 certamina
428 1186 677 1227 distinguamus:
701 1197 800 1218 unum
822 1197 998 1228 puerorum,
1028 1188 1159 1218 alterum
1185 1186 1382 1223 imberbium,
1410 1183 1543 1215 virorum
1560 1189 1624 1214 ter-

144 1239 237 1271 tium.
252 1245 286 1271 et
306 1240 498 1272 imberbibus
510 1241 639 1282 quidem
655 1241 735 1272 duas
750 1252 858 1272 cursus
883 1240 922 1271 de
949 1241 1050 1272 tribus
1069 1246 1176 1282 partes
1191 1251 1345 1281 ponemus
1359 1251 1366 1270 ι
1391 1239 1496 1280 pueris
1510 1239 1623 1269 harum

148 1293 307 1325 dimidias.
329 1295 362 1326 hi
388 1305 456 1326 curn
484 1296 654 1337 sagittariis
675 1295 849 1337 ceterisque
873 1295 1001 1326 armatis
1017 1300 1208 1326 concertent.
1253 1294 1390 1325 Feminis
1406 1304 1490 1329 vero,
1506 1293 1626 1334 puellis

146 1347 276 1389 quidem
290 1349 431 1380 nondum
445 1350 686 1391 pubescentibus
701 1351 796 1381 nudis
813 1350 947 1381 stadium
964 1360 1129 1391 ponemus,
1145 1355 1177 1380 et
1193 1349 1334 1379 diaulum
1349 1354 1382 1379 et
1397 1352 1574 1389 equestrem
1589 1352 1624 1378 et

147 1401 320 1441 dolichum,
347 1414 416 1445 quae
441 1405 475 1435 in
502 1405 572 1446 ipso
595 1415 686 1436 cursu
713 1409 918 1436 concertent:
943 1404 1024 1435 ultra
1046 1414 1120 1435 vero
1141 1402 1271 1434 tertium
1297 1414 1332 1433 ac
1349 1402 1506 1433 decimum
1520 1401 1623 1432 aetatis

147 1467 277 1494 annum,
301 1457 403 1490 donec
425 1460 600 1500 nupserint,
627 1470 692 1491 non
715 1460 841 1501 longius
865 1458 1016 1500 vigesimo
1031 1469 1092 1489 nec
1107 1458 1231 1488 brevius
1248 1458 1371 1488 decimo
1388 1461 1482 1498 atque
1496 1461 1622 1493 octavo,

146 1512 186 1543 ad
203 1517 362 1544 certamen
378 1524 486 1544 cursus
502 1513 708 1546 descendant.
731 1524 801 1556 quae
819 1513 947 1556 quidem
959 1523 1098 1554 congruo
1114 1517 1242 1543 utantur
1257 1512 1383 1543 vestitu.
1394 1512 1462 1541 haec
1479 1511 1519 1541 de
1535 1520 1626 1541 cursu

147 1570 181 1597 et
191 1566 327 1598 virorum
341 1572 375 1598 et
388 1567 553 1599 mulierum
570 1568 655 1600 dicta
671 1569 745 1600 sint.
762 1568 803 1599 ad
818 1568 912 1599 robur
923 1578 997 1599 vero
1013 1568 1204 1608 augendum,
1218 1565 1398 1597 luctationis
1414 1564 1625 1605 similiumque

146 1620 229 1657 loco,
254 1631 324 1662 quae
342 1632 427 1653 nunc
450 1622 614 1659 habentur,
643 1623 784 1664 graviora
799 1623 973 1664 capiantur.
996 1627 1029 1653 et
1042 1622 1136 1652 unius
1151 1621 1191 1652 ad
1207 1631 1314 1656 unum,
1329 1620 1461 1651 duorum
1477 1620 1515 1650 ad
1533 1618 1625 1655 duos,

147 1680 181 1706 et
208 1685 307 1717 usque
323 1675 434 1708 decem
450 1677 489 1707 ad
506 1677 616 1708 decern
633 1678 726 1708 armis
739 1688 846 1718 pugna
861 1677 927 1708 fiat.
950 1687 1020 1718 quae
1043 1686 1118 1707 vero
1134 1680 1273 1717 quotque
1288 1675 1393 1705 facere
1409 1678 1463 1704 aut
1478 1683 1541 1704 non
1557 1672 1624 1713 pati

147 1729 300 1760 victorem
311 1735 465 1771 oporteat,
481 1731 562 1762 sicut
572 1732 667 1762 modo
679 1732 711 1762 in
723 1732 871 1773 palaestra
882 1730 1127 1762 determinatum
1140 1735 1189 1761 est
1202 1740 1220 1760 a
1232 1729 1388 1770 praefectis
1401 1727 1623 1763 luctaffionum,

149 1784 228 1826 quid
256 1785 297 1815 sit
322 1785 403 1815 bene
430 1791 485 1816 aut
509 1796 573 1817 non
596 1786 679 1817 bene
704 1786 854 1817 luctantis
878 1796 982 1828 opus:
1007 1785 1052 1816 ita
1067 1791 1098 1816 et
1113 1785 1148 1815 in
1165 1785 1213 1815 his
1229 1794 1382 1814 armorum
1398 1781 1623 1813 certaminibus

149 1839 243 1880 periti
266 1839 439 1870 inducendi
465 1846 548 1876 sunt,
574 1849 610 1871 ut
633 1841 704 1882 lege
729 1841 883 1876 sanciant,
908 1840 985 1882 quid
1000 1840 1113 1881 aliquis
1127 1850 1191 1870 non
1206 1839 1331 1880 patiens
1346 1843 1399 1868 aut
1413 1836 1491 1878 quid
1505 1836 1626 1868 faciens

149 1893 255 1925 vincat
270 1904 279 1932 3
303 1899 336 1925 et
361 1895 480 1926 victum
505 1895 649 1926 similiter
665 1896 810 1936 quisnam
827 1895 902 1926 ordo
919 1894 1086 1925 discernat.
1111 1893 1208 1935 [834]
1233 1893 1356 1924 Eadem
1369 1893 1434 1922 haec
1450 1892 1490 1921 de
1503 1890 1630 1921 feminis

148 1957 284 1989 quoque,
311 1949 353 1979 ad
382 1955 507 1981 aetatem
535 1960 635 1991 usque
660 1950 811 1985 nubilem,
841 1950 912 1990 lege
935 1949 1055 1980 sancita
1080 1948 1310 1989 intelligantur.
1355 1945 1527 1977 Peltastica
1552 1955 1629 1975 vero

149 2003 293 2033 universa
319 2014 434 2045 pugnae
465 2005 675 2045 pancratiacae
700 2009 898 2045 opponatur:
925 2008 1122 2044 certeturque
1133 2000 1630 2044 arcu,pelta,lanceis]apidum·

150 2067 212 2098 que
229 2067 323 2088 manu
337 2063 371 2088 et
385 2058 484 2089 funda
498 2058 705 2100 projectione.
727 2064 761 2090 et
783 2059 837 2100 qui
859 2069 894 2089 se
917 2058 1035 2099 optime
1051 2057 1085 2088 in
1102 2058 1152 2088 his
1167 2067 1293 2098 quoque
1309 2055 1453 2097 gesserit,
1468 2054 1541 2085 huic
1555 2054 1628 2095 lege

150 2111 286 2143 honores
312 2112 446 2144 victoriae
471 2111 657 2144 tribuantur.
679 2124 764 2144 nunc
791 2113 831 2144 de
856 2123 1004 2154 equorum
1029 2111 1252 2143 certaminibus
1279 2110 1455 2141 videamus.
1478 2118 1628 2150 equorum

150 2175 226 2196 usus
241 2166 275 2197 in
290 2166 385 2198 Creta
408 2177 541 2208 magnus
566 2178 630 2198 non
659 2173 718 2199 est.
741 2178 838 2209 quare
854 2177 985 2198 necesse
1001 2172 1050 2198 est
1065 2166 1201 2197 studium
1217 2166 1251 2196 in
1265 2164 1444 2196 nutriendis
1459 2163 1549 2204 equis
1562 2172 1630 2193 cer·

150 2220 311 2262 tandoque
326 2230 398 2251 cum
413 2220 458 2251 eis
471 2221 584 2252 minori
600 2231 681 2252 curae
699 2220 907 2252 Cretensibus
923 2231 1003 2252 esse.
1027 2230 1103 2251 nam
1117 2230 1224 2251 currus
1239 2218 1367 2261 quidem
1383 2227 1476 2249 nemo
1491 2221 1630 2247 vestrum

150 2277 382 2316 tenettffieque
403 2275 435 2306 in
451 2276 511 2306 hoc
527 2286 653 2317 operam
673 2286 792 2318 ponere
818 2276 1001 2318 praeclarum
1018 2285 1085 2306 esse
1102 2274 1227 2306 ducitis.
1252 2285 1322 2304 cum
1336 2272 1430 2314 igitur
1444 2275 1627 2302 consuetum

150 2326 185 2357 id
211 2337 276 2359 non
299 2329 351 2365 sit,
376 2334 544 2360 certatores
559 2329 741 2371 hujusmodi
755 2332 826 2372 lege
843 2335 981 2362 statuere
997 2329 1156 2360 dementis
1171 2339 1240 2360 esse
1253 2327 1389 2358 videtur.
1426 2325 1506 2356 Solis
1523 2329 1630 2354 autem

155 2381 245 2423 equis
258 2382 418 2424 pullisque
436 2389 603 2425 antequam
619 2385 810 2426 cognitorem
826 2384 1041 2427 produxerint,
1057 2390 1089 2415 et
1101 2383 1211 2415 mediis
1227 2381 1436 2424 perfectisque
1452 2384 1632 2421 equestrem

157 2434 266 2467 ludum
277 2446 333 2477 pro
343 2436 481 2477 regionis
493 2443 604 2468 natura
616 2438 750 2470 tribuere
763 2440 851 2476 licet,
875 2438 1069 2480 Hujusmodi
1083 2448 1158 2479 ergo
1170 2442 1331 2468 certamen
1345 2433 1515 2466 secundum
1526 2433 1628 2473 legem

155 2489 215 2520 sit:
240 2490 272 2520 in
287 2500 389 2532 eoque
407 2490 563 2532 judicium
578 2493 732 2533 magistris
747 2493 890 2535 equitum
906 2499 939 2523 et
953 2492 1097 2528 tribunis,
1114 2498 1176 2522 tam
1195 2490 1234 2521 de
1250 2490 1336 2521 omni
1352 2499 1442 2520 cursu
1466 2497 1631 2529 equorum,

157 2553 253 2585 quam
267 2545 308 2574 de
323 2545 372 2575 his
385 2545 440 2585 qui
454 2556 527 2576 cum
539 2546 633 2577 armis
648 2546 857 2583 descendunt,
873 2547 1079 2579 communiter
1091 2546 1252 2576 tribuatur.
1273 2554 1338 2574 non
1353 2542 1479 2574 armatis
1490 2552 1563 2573 vero
1574 2551 1632 2572 ne-

156 2608 220 2639 que
234 2598 268 2628 in
283 2599 485 2641 gymnasticis
502 2599 584 2631 ludis
600 2610 704 2642 neque
717 2601 768 2632 hic
785 2606 944 2632 certarnen
962 2601 1188 2642 praemiumque
1205 2598 1406 2640 imponimus.
1430 2597 1486 2628 sed
1503 2606 1566 2628 non
1582 2600 1633 2626 est

159 2652 263 2684 Cretae
275 2653 408 2690 inutilis,
422 2654 477 2695 qui
493 2654 638 2695 sagittam
656 2663 710 2686 aut
719 2655 860 2697 jaculum
875 2667 913 2687 ex
928 2666 1010 2697 equo
1025 2655 1177 2686 immittit.
1199 2658 1389 2695 quapropter
1402 2652 1433 2682 in
1448 2652 1507 2682 hoc
1523 2650 1633 2686 etiam,

161 2706 292 2738 ludendi
316 2708 427 2749 gratia,
449 2709 610 2740 contentio
637 2710 892 2752 concertatioque
919 2705 1083 2741 habeatur.
1106 2708 1146 2739 ad
1169 2709 1236 2739 haec
1252 2711 1354 2738 autem
1370 2706 1494 2748 legibus
1509 2704 1635 2735 ferninae

163 2761 313 2801 cogendae
328 2772 393 2793 non
409 2768 482 2793 sunt
500 2775 506 2792 :
531 2774 640 2794 verum
654 2764 679 2794 si
695 2763 791 2805 priori
805 2764 975 2806 disciplina
991 2762 1279 2803 consuetudineque
1295 2761 1419 2803 puellas
1434 2760 1634 2801 virginesque

165 2819 276 2846 natura.
302 2816 440 2847 concitat
452 2817 493 2847 ad
509 2818 590 2854 haec,
607 2818 744 2860 facitque
761 2829 801 2850 ne
816 2819 1013 2853 abhorreant,
1029 2817 1234 2848 admittendae
1250 2820 1331 2847 sunt.
1355 2814 1412 2846 sed
1425 2815 1465 2845 de
1481 2813 1635 2844 exercita-

167 2868 251 2900 tione
278 2868 508 2913 disciplinaque
525 2874 734 2914 gymnastica,
751 2874 815 2904 sive
832 2883 901 2914 quae
917 2873 949 2904 in
964 2872 1186 2903 certaminibus
1200 2870 1408 2912 exsequimur,
1425 2878 1479 2899 seu
1496 2877 1565 2908 quae
1581 2864 1638 2896 sub

166 2921 322 2964 magistris
345 2925 486 2965 quotidie
511 2937 712 2959 exercemus:
749 2928 825 2960 satis
850 2927 918 2970 jam
948 2928 1105 2959 diximus:
1129 2925 1169 2958 de
1195 2924 1314 2957 musica
1340 2923 1433 2954 etiam
1465 2919 1571 2961 majori
1599 2928 1638 2949 ex

264 2977 353 3009 Plut.
366 2978 420 3010 Tr.
941 2981 986 3013 Π,
1490 2978 1509 3005 3
1526 2972 1553 3005 C
