1840 3225
157 240 257 292 948]
611 239 687 278 DE
716 237 947 276 LEGIBUS
989 238 1088 280 LIB.
1119 241 1212 279 XII.
1539 243 1618 282 439

158 342 295 379 fuemnt,
310 342 374 374 Soli
390 348 484 384 atque
509 342 654 385 Apollini
670 342 826 374 dedicato.
841 348 874 374 et
893 348 960 374 tum
974 353 1030 384 per
1041 354 1074 375 se
1091 346 1191 376 solum
1207 345 1350 386 quilibet,
1365 350 1432 376 tum
1447 346 1622 376 communi—

155 402 204 427 ter
231 397 375 428 omnibus
398 397 566 439 diligenter
588 398 781 439 perquisitis,
798 397 838 428 de
864 398 995 439 singulis
1017 399 1247 440 magistratibus
1269 400 1392 441 publice
1414 400 1620 441 perscribant,

157 450 236 492 quid
252 451 318 492 pati
354 462 409 482 eos
444 451 559 483 dareve
599 462 635 482 ex
673 451 916 493 repetundarum
940 452 1087 493 judicum
1112 455 1271 484 sententia
1297 454 1420 486 deceat.
1459 465 1495 484 ac
1525 454 1622 496 siquis

159 506 355 546 magistratus
385 506 495 536 horum
516 505 640 545 judicio
665 516 727 537 non
757 511 843 538 recte
875 505 1057 538 damnatum
1083 517 1152 538 esse
1179 518 1212 538 se
1240 509 1389 548 queritur,
1416 509 1454 539 ad
1486 508 1621 539 electum

151 558 313 600 judicium
339 560 583 601 repetundarum
607 559 732 601 judices
759 560 906 591 deferat:
929 566 962 591 et
981 561 1007 591 si
1031 562 1175 597 evaserit,
1199 567 1323 592 accuset
1343 572 1407 598 eos,
1424 562 1447 591 si
1463 562 1550 593 velit.
1573 562 1623 592 sin

157 619 263 645 autem
288 615 331 645 ibi
352 624 476 655 quoque
499 613 675 650 damnetur,
700 620 794 656 atque
821 620 915 645 antea
939 615 978 645 ab
1003 615 1080 656 ipsis
1096 617 1335 656 repetundarum
1350 616 1510 657 judicibus
1526 623 1623 648 morte

156 667 252 699 fuer-it
266 667 492 699 condemnatus
505 678 513 705 3
537 668 800 709 quemadmodum
818 669 988 700 necessitas
1003 669 1114 710 exigit,
1129 670 1289 700 moriatur.
1312 670 1395 711 quod
1412 670 1438 700 si
1453 680 1491 700 ea
1506 670 1625 701 mulcta

159 721 199 752 ab
214 722 279 753 illis
289 723 456 753 damnatus
476 722 582 759 fuerit,
598 733 668 764 quae
684 722 781 763 dupla
801 722 839 753 ab
854 722 924 763 ipso
939 723 1078 764 persolvi
1093 729 1208 763 potest,
1225 723 1352 764 duplam
1378 723 1545 764 persolvat.
1569 724 1625 754 sed

151 776 221 818 jam
236 776 427 807 audiendum
441 782 501 813 est,
518 787 588 818 quae
603 777 713 808 horum
730 778 770 808 de
786 777 970 818 repetundis
984 778 1159 814 sententiae‚
1177 783 1208 808 et
1223 777 1382 819 quomodo
1397 778 1535 808 serendae
1551 777 1627 807 sint.

155 829 205 860 his
233 829 341 871 igitur,
366 830 421 872 qui
448 831 544 862 totius
568 830 703 862 civitatis
730 840 886 862 consensu
915 831 1061 862 omnibus
1086 832 1240 873 propositi
1265 838 1350 868 sunt,
1387 831 1483 873 [947]
1521 832 1627 862 donec

155 882 299 921 vixerint,
327 885 420 925 primi
447 896 611 916 consessus
627 896 749 926 semper
766 886 796 916 in
813 886 960 916 omnibus
979 886 1229 917 solemnitatibus
1245 887 1452 927 pra-beantur.
1475 891 1509 916 et
1524 895 1627 927 quan-

154 935 322 978 docunque
335 939 374 969 ad
391 940 569 970 communia
581 939 764 971 Graecorum
776 941 958 981 spectacula
969 941 1182 982 sacrificiaque
1193 940 1276 971 mitti
1286 940 1415 981 judices
1426 951 1462 971 ac
1475 940 1629 981 praesides

157 991 282 1033 aliquos
304 1002 323 1022 a
335 992 464 1024 civitate
485 1004 616 1025 necesse
641 1000 700 1030 est,
721 1004 760 1025 ex
785 994 854 1026 istis
868 995 1050 1026 mittantur:
1075 996 1106 1025 hi
1125 995 1183 1025 soli
1197 995 1230 1025 in
1247 995 1375 1026 civitate
1392 1004 1507 1025 corona
1520 995 1629 1024 laurea

155 1051 355 1077 coronentur.
378 1047 412 1076 hi
424 1047 506 1078 Solis
528 1053 562 1078 et
582 1046 747 1089 Apollinis
761 1049 943 1080 sacerdotes
959 1049 1021 1080 sint
1037 1060 1044 1078 ε
1069 1048 1217 1090 pontifex
1231 1049 1329 1079 etiarn
1344 1059 1483 1079 summus
1500 1047 1631 1087 singulis

157 1099 250 1129 annis
264 1108 302 1129 ex
316 1099 384 1130 istis
399 1100 454 1131 ille
471 1102 522 1137 sit,
538 1101 593 1142 qui
608 1102 760 1143 superiori
775 1112 858 1134 anno
873 1104 985 1134 ceteris
1001 1102 1186 1134 excelluisse
1202 1103 1419 1134 sacerdotibus
1433 1101 1633 1144 judicabitur.

159 1153 268 1184 horum
283 1154 474 1191 nominibus,
500 1166 664 1197 quousque
687 1156 800 1187 civitas
824 1157 1026 1193 habitabitur,
1045 1162 1185 1198 tempore
1207 1156 1450 1197 distinguantur.
1474 1155 1633 1186 defunctis

159 1212 266 1238 autem
292 1208 401 1239 funera
426 1214 460 1239 et
488 1211 631 1251 sepulcra
661 1211 879 1248 excellentius,
905 1222 1001 1252 quam
1031 1211 1143 1242 ceteris
1170 1211 1300 1245 civibus,
1325 1210 1413 1240 fiant.
1446 1209 1633 1240 indumenta

158 1262 308 1304 quaelibet
333 1262 405 1293 alba
431 1263 519 1294 sint:
546 1264 647 1294 luctus
668 1266 871 1305 ploratusque
900 1265 991 1294 absit.
1014 1265 1100 1295 chori
1125 1275 1248 1304 quoque
1276 1264 1349 1300 duo,
1364 1274 1444 1294 unus
1454 1265 1631 1304 puellarum

158 1317 351 1357 quindecim,
367 1317 447 1348 alter
462 1318 596 1349 totidem
609 1328 786 1359 puerorum,
802 1317 917 1347 feretro
935 1318 1076 1356 undique
1091 1318 1293 1352 circumdato,
1307 1317 1442 1348 vicissim
1453 1319 1633 1349 sacerdotes

158 1371 349 1402 carminibus
375 1372 515 1407 laudent,
538 1372 787 1412 felicitatemque
813 1370 879 1411 ejus
895 1380 952 1411 per
969 1376 1071 1401 totum
1087 1370 1173 1400 diem
1188 1371 1371 1403 decantent.
1393 1381 1487 1402 mane
1503 1381 1576 1402 vero
1590 1372 1631 1402 ad

159 1432 401 1456 monumentum
421 1426 572 1456 feretrum
596 1425 737 1467 juniores
761 1426 873 1460 serant,
901 1425 954 1466 qui
981 1425 1152 1467 gymnasiis
1177 1435 1303 1465 operam
1329 1425 1531 1466 impendunt,
1553 1435 1633 1466 quos

161 1478 305 1510 defuncti
330 1480 466 1510 hominis
492 1480 731 1521 propinquiores
753 1478 948 1520 delegerint:
972 1478 1130 1519 primique
1154 1479 1294 1514 coelibes,
1317 1480 1403 1520 quasi
1429 1480 1468 1510 ad
1492 1489 1633 1521 pugnam

162 1535 284 1573 armati,
315 1534 509 1576 praecedant,
539 1545 612 1565 cum
638 1534 725 1575 equis
748 1533 885 1574 equites,
907 1538 940 1563 et
956 1543 1027 1563 cum
1050 1533 1171 1563 levibus
1197 1533 1291 1563 armis
1313 1533 1448 1575 pedites,
1473 1534 1632 1575 ceterique

161 1589 319 1620 similiter.
341 1589 433 1629 pueri
454 1599 529 1619 vero
555 1594 629 1619 ante
644 1589 804 1624 feretrum.
817 1587 953 1628 patrium
969 1593 1095 1618 cantum
1112 1587 1291 1623 concinant,
1309 1593 1343 1618 et
1353 1588 1469 1629 puellae
1481 1594 1554 1630 post
1566 1599 1633 1625 eos,

162 1651 199 1672 ac
212 1643 435 1685 mulieresjam
449 1642 562 1673 effoetae
575 1648 757 1683 sequantur.
773 1650 928 1682 postremo
941 1642 1101 1682 utriusque
1118 1642 1240 1682 generis
1255 1642 1424 1682 antistites,
1436 1643 1578 1684 quamvis
1593 1643 1633 1673 ab

159 1696 232 1731 aliis
256 1696 467 1727 monumentis
491 1702 665 1732 arceantur,
680 1703 787 1726 tamen
803 1696 829 1725 si
844 1696 980 1738 Pythius
993 1706 1117 1737 quoque
1133 1696 1375 1733 confirmaverit,
1392 1696 1433 1727 ad
1453 1698 1511 1728 hoc
1525 1697 1633 1738 sepul-

160 1760 258 1786 crum,
274 1751 365 1792 quasi
376 1761 488 1792 purum
500 1751 650 1791 quiddam
662 1750 712 1786 sit,
728 1750 771 1780 nil
789 1750 934 1791 prohibet
947 1750 1111 1781 devenire.
1133 1756 1372 1781 monumentum
1387 1751 1459 1782 huic
1476 1751 1533 1782 sub
1552 1757 1634 1782 terra

159 1805 200 1835 sit
223 1805 322 1836 fornix
348 1805 495 1846 quaedam
518 1805 641 1846 longior
661 1815 699 1835 ex
720 1804 889 1834 durissimis
913 1805 1115 1846 pulchrisque
1140 1805 1309 1846 lapidibus,
1322 1805 1377 1836 ubi
1393 1805 1510 1846 lapidei
1523 1805 1634 1836 lectuli

160 1859 308 1900 utrinque
331 1860 406 1890 sint.
430 1860 481 1890 liic
496 1859 625 1890 beatum
650 1859 744 1890 illum
766 1859 934 1901 sepeliant,
959 1860 1146 1900 arboresque
1175 1859 1208 1889 in
1235 1859 1370 1890 circuitu
1390 1860 1548 1900 plantent,
1572 1869 1636 1890 una

159 1921 298 1955 excepta
327 1914 521 1945 solummodo
544 1919 643 1955 parte,
666 1919 704 1944 ut
729 1914 788 1945 hoc
813 1914 993 1955 sepulcrum
1008 1914 1115 1954 augeri
1129 1914 1241 1954 possit.
1263 1913 1379 1944 deinde
1395 1914 1528 1954 singulis
1544 1913 1634 1944 annis

161 1968 292 2003 musico,
308 1969 454 2010 gymnico
469 1969 669 2009 equestrique
680 1968 852 1999 certamine
865 1969 922 1998 hos
933 1968 1016 1998 viros
1029 1969 1194 1998 honorent.
1206 1968 1272 1998 haec
1285 1967 1414 2008 praemia
1423 1967 1488 1998 illis
1498 1965 1635 1998 reddan-

162 2026 224 2057 tur,
251 2031 385 2063 quorum
407 2023 447 2053 de
474 2023 580 2053 relatis
610 2023 786 2053 rationibus
797 2022 920 2064 judicia
935 2021 1084 2052 damnata
1094 2032 1157 2052 non
1175 2028 1259 2052 sunt.
1274 2022 1301 2052 si
1317 2022 1386 2063 quis
1403 2027 1506 2053 autern
1523 2022 1635 2052 horum

158 2075 282 2117 judicio
297 2076 471 2112 confidens,
485 2086 547 2117 quo
559 2076 706 2117 praelatus
719 2076 790 2112 fuit,
803 2081 921 2106 naturae
934 2076 1077 2106 humanae
1087 2076 1231 2116 fragilem
1242 2076 1459 2106 conditionem
1469 2075 1636 2111 detexerit,

165 2131 272 2171 lapsus
295 2130 447 2161 videlicet
470 2130 502 2161 in
528 2140 672 2167 errorem,
700 2136 871 2172 postquam
893 2131 1037 2171 egregius
1055 2130 1180 2160 habitus
1201 2136 1269 2160 est:
1296 2130 1453 2160 sanciatur
1468 2130 1551 2171 lege,
1568 2135 1602 2160 ut
1617 2139 1636 2160 a

163 2185 291 2215 volente
317 2185 460 2226 quolibet
484 2190 657 2215 accusetur.
682 2184 779 2226 [948]
800 2183 1020 2225 judiciumque
1041 2184 1081 2214 de
1107 2184 1176 2224 ipso
1196 2183 1242 2214 sic
1271 2188 1390 2224 agatur.
1415 2183 1514 2224 primo
1529 2184 1635 2224 legum

165 2239 314 2269 custodes
343 2238 457 2275 adsint,
481 2239 597 2269 deinde
622 2238 761 2269 accusati
786 2239 886 2280 ipsius
914 2239 1056 2280 collegae,
1081 2237 1175 2269 electi
1198 2242 1351 2279 prazterea
1370 2237 1483 2279 judicii
1501 2237 1637 2279 judices.

155 2279 304 2324 'adducat
314 2299 416 2323 autem
433 2298 597 2324 accusator
612 2292 778 2334 indignum
793 2303 861 2324 esse
875 2293 974 2328 illum,
988 2293 1041 2333 qui
1054 2298 1228 2328 accusatur,
1242 2297 1273 2324 et
1286 2292 1467 2332 magistratu
1479 2297 1510 2322 et
1521 2292 1637 2332 magis-

167 2350 268 2377 tratus
285 2347 432 2387 praemiis.
457 2347 482 2377 si
498 2357 573 2389 ergo
588 2346 798 2383 damnabitur,
815 2347 1009 2388 magistratu,
1025 2347 1169 2388 sepulcro
1185 2346 1360 2386 ceterisque
1377 2345 1423 2376 illi
1442 2345 1638 2386 magistratui

165 2401 419 2441 competentibus
440 2402 577 2441 praemiis
600 2402 751 2442 privetur.
774 2401 823 2432 sin
844 2411 920 2432 vero
945 2407 1107 2432 accusator
1122 2401 1263 2442 quintam
1280 2399 1501 2440 suffrag-iorum
1513 2406 1635 2441 partem

164 2464 229 2485 non
251 2455 405 2491 habuerit,
431 2455 485 2495 qui
507 2456 602 2496 primi
616 2466 728 2486 census
743 2461 801 2492 est,
817 2455 984 2487 duodecim
1002 2467 1011 2495 ς
1035 2456 1089 2496 qui
1110 2455 1253 2491 secundi,
1269 2461 1340 2486 octo
1355 2465 1364 2494 ;
1389 2455 1443 2495 qui
1456 2454 1552 2490 tertii,
1563 2464 1636 2493 sex3

162 2508 217 2550 qui
233 2509 350 2550 quarti,
365 2510 442 2539 duas
459 2509 560 2539 minas
571 2510 740 2550 persolvat.
786 2511 907 2552 Magna
923 2516 1029 2541 autem
1046 2509 1265 2551 injudicando
1281 2509 1488 2540 admiratione
1502 2509 1635 2550 dignum

164 2562 262 2593 fuisse
290 2562 570 2594 Rhadamanthum
593 2564 696 2595 video.
717 2564 774 2595 ille
801 2564 954 2606 siquidem
979 2563 1190 2606 perspiciebat
1206 2564 1240 2594 in
1254 2564 1319 2594 illis
1332 2563 1534 2604 temporibus,
1549 2562 1635 2594 Deos

167 2626 238 2647 esse
252 2626 363 2647 omnes
378 2627 442 2647 uno
454 2627 505 2648 ore
521 2618 664 2648 homines
678 2618 834 2650 confiteri.
857 2629 962 2661 neque
979 2619 1012 2649 id
1031 2619 1152 2661 injuria,
1168 2629 1238 2649 cum
1252 2618 1346 2649 multi
1360 2618 1394 2648 in
1409 2617 1472 2648 illis
1487 2617 1638 2659 tempori-

170 2671 232 2701 bus
254 2681 292 2702 ex
317 2670 389 2701 Diis
412 2672 571 2713 progeniti
598 2678 718 2709 essent,
743 2683 877 2714 quorum
898 2674 932 2704 in
956 2683 1088 2704 nurnero
1109 2673 1178 2714 ipse
1204 2672 1298 2704 etiam
1325 2671 1509 2703 habebatur.
1530 2672 1638 2713 itaque

167 2724 295 2756 videtur
308 2731 450 2767 putasse,
465 2726 551 2762 Diis,
564 2736 625 2757 non
637 2727 816 2758 hominibus
824 2737 895 2758 esse
904 2727 1028 2769 judicia
1039 2727 1276 2758 committenda.
1301 2726 1446 2768 quocirca
1455 2725 1640 2767 simpliciter

166 2779 378 2822 velociterque
390 2780 515 2822 judicia
528 2781 709 2822 peragebat.
723 2791 795 2812 narn
806 2782 1012 2824 jurejurando
1036 2782 1069 2812 in
1098 2782 1234 2823 singulis
1264 2780 1370 2812 causis
1398 2790 1418 2811 a
1441 2778 1637 2820 litigantibus

166 2833 334 2874 requisito,
347 2835 410 2866 cito
424 2835 519 2866 simul
534 2846 570 2867 ac
585 2841 652 2866 tuto
663 2835 807 2877 judicare
823 2836 958 2867 solebat.
979 2846 1064 2867 nunc
1077 2846 1149 2867 vero
1164 2835 1219 2866 alii
1245 2835 1335 2866 Deos
1350 2845 1421 2866 esse
1437 2839 1564 2874 negant,
1581 2831 1636 2862 alii

167 2897 218 2918 res
231 2888 382 2920 humanas
407 2900 513 2921 curare
537 2901 601 2921 non
626 2895 738 2932 putant
752 2901 760 2929 3
786 2890 911 2932 plurimi
938 2901 1010 2922 vcro
1025 2896 1057 2921 et
1071 2889 1200 2932 pessimi
1215 2890 1328 2921 vilibus
1343 2889 1453 2920 hostiis
1469 2887 1637 2928 multisque

170 2941 334 2974 blanditiis
355 2943 400 2975 ita
426 2945 586 2977 conciliari
612 2944 669 2977 sibi
697 2956 750 2977 eos
775 2945 965 2983 existimant,
990 2950 1026 2976 ut
1047 2945 1174 2987 impune
1190 2944 1284 2977 liceat
1306 2943 1453 2985 grandem
1470 2940 1636 2984 pecuniam
