<?xml version="1.0" encoding="UTF-8"?>
<!DOCTYPE html PUBLIC "-//W3C//DTD XHTML 1.0 Transitional//EN"
    "http://www.w3.org/TR/xhtml1/DTD/xhtml1-transitional.dtd">
<html xmlns="http://www.w3.org/1999/xhtml" xml:lang="en" lang="en">
 <head>
  <title>
</title>
<meta http-equiv="Content-Type" content="text/html;charset=utf-8" />
  <meta name='ocr-system' content='tesseract 3.04.00' />
  <meta name='ocr-capabilities' content='ocr_page ocr_carea ocr_par ocr_line ocrx_word'/>
</head>
<body>
  <div class='ocr_page' id='page_1' title='image "./platonisetquaeve11plat_0404.png"; bbox 0 0 1840 3225; ppageno 0'>
   <div class='ocr_carea' id='block_1_1' title="bbox 227 176 1689 232">
    <p class='ocr_par' dir='ltr' id='par_1_1' title="bbox 227 176 1689 232">
     <span class='ocr_line' id='line_1_1' title="bbox 227 176 1689 232; baseline -0.001 -14"><span class='ocrx_word' id='word_1_1' title='bbox 227 181 304 218; x_wconf 76' lang='lat'>388</span> <span class='ocrx_word' id='word_1_2' title='bbox 829 177 1094 217; x_wconf 80' lang='lat' dir='ltr'>PLATONIS</span> <span class='ocrx_word' id='word_1_3' title='bbox 1589 176 1689 232; x_wconf 46' lang='lat'><strong>[8⁴39</strong></span> 
     </span>
    </p>
   </div>
   <div class='ocr_carea' id='block_1_2' title="bbox 228 281 1735 2928">
    <p class='ocr_par' dir='ltr' id='par_1_2' title="bbox 228 281 1735 2928">
     <span class='ocr_line' id='line_1_2' title="bbox 228 281 1692 325; baseline 0.001 -12"><span class='ocrx_word' id='word_1_4' title='bbox 228 282 351 322; x_wconf 80' lang='lat' dir='ltr'>assequi</span> <span class='ocrx_word' id='word_1_5' title='bbox 362 282 488 323; x_wconf 87' lang='lat' dir='ltr'>poterit,</span> <span class='ocrx_word' id='word_1_6' title='bbox 504 289 538 313; x_wconf 87' lang='lat' dir='ltr'>ut</span> <span class='ocrx_word' id='word_1_7' title='bbox 552 281 686 313; x_wconf 76' lang='lat' dir='ltr'>libenter</span> <span class='ocrx_word' id='word_1_8' title='bbox 701 282 787 313; x_wconf 89' lang='lat' dir='ltr'>idem</span> <span class='ocrx_word' id='word_1_9' title='bbox 800 291 909 313; x_wconf 84' lang='lat' dir='ltr'>omnes</span> <span class='ocrx_word' id='word_1_10' title='bbox 925 281 1118 324; x_wconf 86' lang='lat' dir='ltr'>praediccnt?</span> <span class='ocrx_word' id='word_1_11' title='bbox 1165 281 1304 313; x_wconf 61' lang='lat' dir='ltr'>Arnas.</span> <span class='ocrx_word' id='word_1_12' title='bbox 1328 281 1433 314; x_wconf 84' lang='lat' dir='ltr'>Probe</span> <span class='ocrx_word' id='word_1_13' title='bbox 1448 281 1602 325; x_wconf 81' lang='lat' dir='ltr'>objecisti.</span> <span class='ocrx_word' id='word_1_14' title='bbox 1616 282 1692 315; x_wconf 84' lang='lat' dir='ltr'>ideo</span> 
     </span>
     <span class='ocr_line' id='line_1_3' title="bbox 230 335 1694 377; baseline 0.001 -11"><span class='ocrx_word' id='word_1_15' title='bbox 230 336 316 366; x_wconf 91' lang='lat' dir='ltr'>enim</span> <span class='ocrx_word' id='word_1_16' title='bbox 339 346 357 366; x_wconf 87' lang='lat' dir='ltr'>a</span> <span class='ocrx_word' id='word_1_17' title='bbox 380 347 429 367; x_wconf 89' lang='lat' dir='ltr'>me</span> <span class='ocrx_word' id='word_1_18' title='bbox 452 336 569 367; x_wconf 87' lang='lat' dir='ltr'>dictum</span> <span class='ocrx_word' id='word_1_19' title='bbox 586 343 644 371; x_wconf 82' lang='lat' dir='ltr'>est,</span> <span class='ocrx_word' id='word_1_20' title='bbox 659 342 758 368; x_wconf 67' lang='lat' dir='ltr'>artem</span> <span class='ocrx_word' id='word_1_21' title='bbox 774 347 825 367; x_wconf 87' lang='lat' dir='ltr'>me</span> <span class='ocrx_word' id='word_1_22' title='bbox 839 337 879 368; x_wconf 86' lang='lat' dir='ltr'>ad</span> <span class='ocrx_word' id='word_1_23' title='bbox 895 337 975 367; x_wconf 85' lang='lat' dir='ltr'>hanc</span> <span class='ocrx_word' id='word_1_24' title='bbox 992 336 1092 377; x_wconf 84' lang='lat' dir='ltr'>legem</span> <span class='ocrx_word' id='word_1_25' title='bbox 1107 335 1234 372; x_wconf 85' lang='lat' dir='ltr'>babere,</span> <span class='ocrx_word' id='word_1_26' title='bbox 1249 341 1285 366; x_wconf 92' lang='lat' dir='ltr'>ut</span> <span class='ocrx_word' id='word_1_27' title='bbox 1307 337 1483 368; x_wconf 87' lang='lat' dir='ltr'>seeundum</span> <span class='ocrx_word' id='word_1_28' title='bbox 1495 342 1636 368; x_wconf 80' lang='lat' dir='ltr'>naturam</span> <span class='ocrx_word' id='word_1_29' title='bbox 1652 336 1694 368; x_wconf 81' lang='lat' dir='ltr'>ad</span> 
     </span>
     <span class='ocr_line' id='line_1_4' title="bbox 232 390 1697 432; baseline 0.001 -12"><span class='ocrx_word' id='word_1_30' title='bbox 232 390 480 431; x_wconf 74' lang='lat' dir='ltr'>procreationem</span> <span class='ocrx_word' id='word_1_31' title='bbox 505 390 629 422; x_wconf 85' lang='lat' dir='ltr'>Venere</span> <span class='ocrx_word' id='word_1_32' title='bbox 645 391 789 422; x_wconf 82' lang='lat' dir='ltr'>homines</span> <span class='ocrx_word' id='word_1_33' title='bbox 804 397 941 422; x_wconf 83' lang='lat' dir='ltr'>utantur.</span> <span class='ocrx_word' id='word_1_34' title='bbox 965 391 1188 422; x_wconf 87' lang='lat' dir='ltr'>abstinendum</span> <span class='ocrx_word' id='word_1_35' title='bbox 1201 390 1296 432; x_wconf 83' lang='lat' dir='ltr'>igitur</span> <span class='ocrx_word' id='word_1_36' title='bbox 1311 400 1330 421; x_wconf 92' lang='lat' dir='ltr'>a</span> <span class='ocrx_word' id='word_1_37' title='bbox 1346 391 1482 422; x_wconf 83' lang='lat' dir='ltr'>maribus</span> <span class='ocrx_word' id='word_1_38' title='bbox 1492 390 1602 432; x_wconf 87' lang='lat' dir='ltr'>jubeo.</span> <span class='ocrx_word' id='word_1_39' title='bbox 1623 401 1697 422; x_wconf 85' lang='lat' dir='ltr'>nam</span> 
     </span>
     <span class='ocr_line' id='line_1_5' title="bbox 233 444 1699 487; baseline 0.001 -12"><span class='ocrx_word' id='word_1_40' title='bbox 233 444 287 485; x_wconf 87' lang='lat' dir='ltr'>qui</span> <span class='ocrx_word' id='word_1_41' title='bbox 302 445 370 475; x_wconf 84' lang='lat' dir='ltr'>istis</span> <span class='ocrx_word' id='word_1_42' title='bbox 384 449 523 481; x_wconf 87' lang='lat' dir='ltr'>utuntur,</span> <span class='ocrx_word' id='word_1_43' title='bbox 540 456 638 487; x_wconf 82' lang='lat' dir='ltr'>genus</span> <span class='ocrx_word' id='word_1_44' title='bbox 652 446 811 476; x_wconf 88' lang='lat' dir='ltr'>hominum</span> <span class='ocrx_word' id='word_1_45' title='bbox 828 444 937 476; x_wconf 83' lang='lat' dir='ltr'>dedita</span> <span class='ocrx_word' id='word_1_46' title='bbox 950 456 1046 486; x_wconf 84' lang='lat' dir='ltr'>opera</span> <span class='ocrx_word' id='word_1_47' title='bbox 1060 445 1264 487; x_wconf 87' lang='lat' dir='ltr'>interficiunt,</span> <span class='ocrx_word' id='word_1_48' title='bbox 1284 445 1319 475; x_wconf 87' lang='lat' dir='ltr'>in</span> <span class='ocrx_word' id='word_1_49' title='bbox 1342 444 1478 486; x_wconf 79' lang='lat' dir='ltr'>lapidem</span> <span class='ocrx_word' id='word_1_50' title='bbox 1495 445 1699 482; x_wconf 53' lang='lat' dir='ltr'>seminantem</span> 
     </span>
     <span class='ocr_line' id='line_1_6' title="bbox 235 497 1698 542; baseline 0.001 -14"><span class='ocrx_word' id='word_1_51' title='bbox 235 497 289 528; x_wconf 90' lang='lat' dir='ltr'>ubi</span> <span class='ocrx_word' id='word_1_52' title='bbox 304 499 424 530; x_wconf 83' lang='lat' dir='ltr'>radices</span> <span class='ocrx_word' id='word_1_53' title='bbox 437 509 540 540; x_wconf 85' lang='lat' dir='ltr'>agere.</span> <span class='ocrx_word' id='word_1_54' title='bbox 557 500 639 541; x_wconf 89' lang='lat' dir='ltr'>quod</span> <span class='ocrx_word' id='word_1_55' title='bbox 655 501 774 536; x_wconf 88' lang='lat' dir='ltr'>seritur,</span> <span class='ocrx_word' id='word_1_56' title='bbox 790 510 951 542; x_wconf 88' lang='lat' dir='ltr'>nunquam</span> <span class='ocrx_word' id='word_1_57' title='bbox 965 500 1088 541; x_wconf 88' lang='lat' dir='ltr'>poterit.</span> <span class='ocrx_word' id='word_1_58' title='bbox 1113 499 1211 542; x_wconf 87' lang='lat'>[839]</span> <span class='ocrx_word' id='word_1_59' title='bbox 1235 499 1456 531; x_wconf 77' lang='lat' dir='ltr'>abstinendum</span> <span class='ocrx_word' id='word_1_60' title='bbox 1472 510 1599 542; x_wconf 89' lang='lat' dir='ltr'>quoque</span> <span class='ocrx_word' id='word_1_61' title='bbox 1611 504 1645 530; x_wconf 83' lang='lat' dir='ltr'>et</span> <span class='ocrx_word' id='word_1_62' title='bbox 1658 499 1698 530; x_wconf 84' lang='lat' dir='ltr'>ab</span> 
     </span>
     <span class='ocr_line' id='line_1_7' title="bbox 237 553 1702 596; baseline 0.002 -14"><span class='ocrx_word' id='word_1_63' title='bbox 237 562 311 593; x_wconf 85' lang='lat' dir='ltr'>agro</span> <span class='ocrx_word' id='word_1_64' title='bbox 330 553 385 584; x_wconf 86' lang='lat' dir='ltr'>illo</span> <span class='ocrx_word' id='word_1_65' title='bbox 399 553 562 590; x_wconf 85' lang='lat' dir='ltr'>feminino,</span> <span class='ocrx_word' id='word_1_66' title='bbox 581 554 632 584; x_wconf 89' lang='lat' dir='ltr'>ubi</span> <span class='ocrx_word' id='word_1_67' title='bbox 648 563 754 585; x_wconf 75' lang='lat' dir='ltr'>semen</span> <span class='ocrx_word' id='word_1_68' title='bbox 770 555 908 596; x_wconf 76' lang='lat' dir='ltr'><strong>germine</strong></span> <span class='ocrx_word' id='word_1_69' title='bbox 923 556 1003 585; x_wconf 89' lang='lat' dir='ltr'>nolit</span> <span class='ocrx_word' id='word_1_70' title='bbox 1016 554 1198 596; x_wconf 88' lang='lat' dir='ltr'>producere.</span> <span class='ocrx_word' id='word_1_71' title='bbox 1222 555 1290 586; x_wconf 80' lang='lat' dir='ltr'>liaec</span> <span class='ocrx_word' id='word_1_72' title='bbox 1302 555 1351 585; x_wconf 87' lang='lat' dir='ltr'>lex</span> <span class='ocrx_word' id='word_1_73' title='bbox 1366 554 1391 585; x_wconf 86' lang='lat' dir='ltr'>si</span> <span class='ocrx_word' id='word_1_74' title='bbox 1407 559 1559 596; x_wconf 85' lang='lat' dir='ltr'>perpetuo</span> <span class='ocrx_word' id='word_1_75' title='bbox 1571 554 1607 585; x_wconf 85' lang='lat' dir='ltr'>in</span> <span class='ocrx_word' id='word_1_76' title='bbox 1621 554 1702 590; x_wconf 88' lang='lat' dir='ltr'>aliis,</span> 
     </span>
     <span class='ocr_line' id='line_1_8' title="bbox 236 606 1703 650; baseline 0.002 -14"><span class='ocrx_word' id='word_1_77' title='bbox 236 606 317 636; x_wconf 78' lang='lat' dir='ltr'>sicut</span> <span class='ocrx_word' id='word_1_78' title='bbox 337 606 370 637; x_wconf 87' lang='lat' dir='ltr'>in</span> <span class='ocrx_word' id='word_1_79' title='bbox 393 608 624 639; x_wconf 80' lang='lat' dir='ltr'>necessitudine</span> <span class='ocrx_word' id='word_1_80' title='bbox 648 614 789 650; x_wconf 86' lang='lat' dir='ltr'>paterna,</span> <span class='ocrx_word' id='word_1_81' title='bbox 813 610 1055 646; x_wconf 82' lang='lat' dir='ltr'>conservabitur,</span> <span class='ocrx_word' id='word_1_82' title='bbox 1086 610 1315 640; x_wconf 86' lang='lat' dir='ltr'>innumerorum</span> <span class='ocrx_word' id='word_1_83' title='bbox 1342 609 1402 640; x_wconf 83' lang='lat' dir='ltr'>erit</span> <span class='ocrx_word' id='word_1_84' title='bbox 1429 610 1584 641; x_wconf 87' lang='lat' dir='ltr'>bonorum</span> <span class='ocrx_word' id='word_1_85' title='bbox 1598 617 1703 640; x_wconf 78' lang='lat' dir='ltr'>causa.</span> 
     </span>
     <span class='ocr_line' id='line_1_9' title="bbox 241 661 1705 704; baseline 0.001 -13"><span class='ocrx_word' id='word_1_86' title='bbox 241 670 315 691; x_wconf 88' lang='lat' dir='ltr'>nam</span> <span class='ocrx_word' id='word_1_87' title='bbox 337 661 437 702; x_wconf 87' lang='lat' dir='ltr'>primo</span> <span class='ocrx_word' id='word_1_88' title='bbox 459 662 630 693; x_wconf 90' lang='lat' dir='ltr'>secundum</span> <span class='ocrx_word' id='word_1_89' title='bbox 655 669 794 694; x_wconf 87' lang='lat' dir='ltr'>naturam</span> <span class='ocrx_word' id='word_1_90' title='bbox 819 669 937 694; x_wconf 83' lang='lat' dir='ltr'>statuta</span> <span class='ocrx_word' id='word_1_91' title='bbox 952 665 1010 694; x_wconf 89' lang='lat' dir='ltr'>erit</span> <span class='ocrx_word' id='word_1_92' title='bbox 1025 675 1031 693; x_wconf 92' lang='lat'><strong>:</strong></span> <span class='ocrx_word' id='word_1_93' title='bbox 1057 663 1172 694; x_wconf 89' lang='lat' dir='ltr'>deinde</span> <span class='ocrx_word' id='word_1_94' title='bbox 1189 664 1229 694; x_wconf 88' lang='lat' dir='ltr'>ab</span> <span class='ocrx_word' id='word_1_95' title='bbox 1245 664 1330 694; x_wconf 88' lang='lat' dir='ltr'>omni</span> <span class='ocrx_word' id='word_1_96' title='bbox 1346 673 1487 695; x_wconf 88' lang='lat' dir='ltr'>amorum</span> <span class='ocrx_word' id='word_1_97' title='bbox 1501 661 1590 694; x_wconf 80' lang='lat' dir='ltr'>rabie</span> <span class='ocrx_word' id='word_1_98' title='bbox 1606 667 1705 704; x_wconf 81' lang='lat' dir='ltr'>atque</span> 
     </span>
     <span class='ocr_line' id='line_1_10' title="bbox 241 714 1705 760; baseline 0.001 -15"><span class='ocrx_word' id='word_1_99' title='bbox 241 714 353 752; x_wconf 82' lang='lat' dir='ltr'>furore,</span> <span class='ocrx_word' id='word_1_100' title='bbox 381 717 545 747; x_wconf 79' lang='lat' dir='ltr'>adulteriis</span> <span class='ocrx_word' id='word_1_101' title='bbox 562 723 715 758; x_wconf 81' lang='lat' dir='ltr'>potusque</span> <span class='ocrx_word' id='word_1_102' title='bbox 734 724 766 748; x_wconf 91' lang='lat' dir='ltr'>et</span> <span class='ocrx_word' id='word_1_103' title='bbox 782 719 843 749; x_wconf 89' lang='lat' dir='ltr'>cibi</span> <span class='ocrx_word' id='word_1_104' title='bbox 859 719 958 749; x_wconf 91' lang='lat' dir='ltr'>nimio</span> <span class='ocrx_word' id='word_1_105' title='bbox 974 719 1050 749; x_wconf 81' lang='lat' dir='ltr'>luxu</span> <span class='ocrx_word' id='word_1_106' title='bbox 1064 719 1205 759; x_wconf 80' lang='lat' dir='ltr'>repellet.</span> <span class='ocrx_word' id='word_1_107' title='bbox 1228 718 1376 749; x_wconf 82' lang='lat' dir='ltr'>uxoribus</span> <span class='ocrx_word' id='word_1_108' title='bbox 1391 728 1516 760; x_wconf 86' lang='lat' dir='ltr'>quoque</span> <span class='ocrx_word' id='word_1_109' title='bbox 1530 717 1615 748; x_wconf 87' lang='lat' dir='ltr'>viros</span> <span class='ocrx_word' id='word_1_110' title='bbox 1628 727 1705 748; x_wconf 87' lang='lat' dir='ltr'>con·</span> 
     </span>
     <span class='ocr_line' id='line_1_11' title="bbox 241 769 1707 814; baseline 0.001 -14"><span class='ocrx_word' id='word_1_111' title='bbox 241 769 374 801; x_wconf 87' lang='lat' dir='ltr'>ciliabit.</span> <span class='ocrx_word' id='word_1_112' title='bbox 389 775 423 801; x_wconf 92' lang='lat' dir='ltr'>et</span> <span class='ocrx_word' id='word_1_113' title='bbox 437 771 498 801; x_wconf 89' lang='lat' dir='ltr'>alia</span> <span class='ocrx_word' id='word_1_114' title='bbox 507 771 639 812; x_wconf 87' lang='lat' dir='ltr'>plurima</span> <span class='ocrx_word' id='word_1_115' title='bbox 655 772 756 812; x_wconf 76' lang='lat' dir='ltr'>pariet</span> <span class='ocrx_word' id='word_1_116' title='bbox 772 773 867 808; x_wconf 91' lang='lat' dir='ltr'>bona,</span> <span class='ocrx_word' id='word_1_117' title='bbox 884 772 911 802; x_wconf 87' lang='lat' dir='ltr'>si</span> <span class='ocrx_word' id='word_1_118' title='bbox 927 774 1010 813; x_wconf 86' lang='lat' dir='ltr'>apud</span> <span class='ocrx_word' id='word_1_119' title='bbox 1027 783 1183 814; x_wconf 87' lang='lat' dir='ltr'>quemque</span> <span class='ocrx_word' id='word_1_120' title='bbox 1198 773 1292 804; x_wconf 86' lang='lat' dir='ltr'>fuerit</span> <span class='ocrx_word' id='word_1_121' title='bbox 1306 773 1455 803; x_wconf 83' lang='lat' dir='ltr'>stabilita.</span> <span class='ocrx_word' id='word_1_122' title='bbox 1478 773 1533 803; x_wconf 83' lang='lat' dir='ltr'>sed</span> <span class='ocrx_word' id='word_1_123' title='bbox 1547 772 1663 808; x_wconf 78' lang='lat' dir='ltr'>forsan,</span> <span class='ocrx_word' id='word_1_124' title='bbox 1679 771 1707 802; x_wconf 84' lang='lat' dir='ltr'>si</span> 
     </span>
     <span class='ocr_line' id='line_1_12' title="bbox 244 824 1708 868; baseline 0.003 -16"><span class='ocrx_word' id='word_1_125' title='bbox 244 824 414 855; x_wconf 78' lang='lat' dir='ltr'>vehemens</span> <span class='ocrx_word' id='word_1_126' title='bbox 426 825 538 866; x_wconf 89' lang='lat' dir='ltr'>aliquis</span> <span class='ocrx_word' id='word_1_127' title='bbox 549 825 687 866; x_wconf 89' lang='lat' dir='ltr'>juvenis,</span> <span class='ocrx_word' id='word_1_128' title='bbox 703 827 802 856; x_wconf 87' lang='lat' dir='ltr'>multo</span> <span class='ocrx_word' id='word_1_129' title='bbox 817 833 974 867; x_wconf 82' lang='lat' dir='ltr'>spermate</span> <span class='ocrx_word' id='word_1_130' title='bbox 990 828 1113 868; x_wconf 88' lang='lat' dir='ltr'>plenus,</span> <span class='ocrx_word' id='word_1_131' title='bbox 1129 828 1209 858; x_wconf 87' lang='lat' dir='ltr'>hanc</span> <span class='ocrx_word' id='word_1_132' title='bbox 1225 827 1325 868; x_wconf 86' lang='lat' dir='ltr'>legem</span> <span class='ocrx_word' id='word_1_133' title='bbox 1341 826 1415 857; x_wconf 82' lang='lat' dir='ltr'>ferri</span> <span class='ocrx_word' id='word_1_134' title='bbox 1430 826 1575 862; x_wconf 86' lang='lat' dir='ltr'>audierit,</span> <span class='ocrx_word' id='word_1_135' title='bbox 1590 827 1708 867; x_wconf 85' lang='lat' dir='ltr'>impro-</span> 
     </span>
     <span class='ocr_line' id='line_1_13' title="bbox 245 877 1708 922; baseline 0.001 -14"><span class='ocrx_word' id='word_1_136' title='bbox 245 877 331 908; x_wconf 86' lang='lat' dir='ltr'>babit</span> <span class='ocrx_word' id='word_1_137' title='bbox 352 880 503 919; x_wconf 86' lang='lat' dir='ltr'>protinus,</span> <span class='ocrx_word' id='word_1_138' title='bbox 527 886 558 910; x_wconf 89' lang='lat' dir='ltr'>et</span> <span class='ocrx_word' id='word_1_139' title='bbox 580 880 644 910; x_wconf 83' lang='lat' dir='ltr'>alta</span> <span class='ocrx_word' id='word_1_140' title='bbox 665 891 742 911; x_wconf 88' lang='lat' dir='ltr'>voce</span> <span class='ocrx_word' id='word_1_141' title='bbox 767 881 915 911; x_wconf 86' lang='lat' dir='ltr'>clamabit</span> <span class='ocrx_word' id='word_1_142' title='bbox 936 881 1143 922; x_wconf 86' lang='lat' dir='ltr'>impossibilia</span> <span class='ocrx_word' id='word_1_143' title='bbox 1167 881 1324 921; x_wconf 79' lang='lat' dir='ltr'>stultaque</span> <span class='ocrx_word' id='word_1_144' title='bbox 1347 891 1364 910; x_wconf 90' lang='lat' dir='ltr'>a</span> <span class='ocrx_word' id='word_1_145' title='bbox 1386 881 1482 911; x_wconf 85' lang='lat' dir='ltr'>nobis</span> <span class='ocrx_word' id='word_1_146' title='bbox 1495 881 1566 921; x_wconf 87' lang='lat' dir='ltr'>lege</span> <span class='ocrx_word' id='word_1_147' title='bbox 1582 879 1708 910; x_wconf 80' lang='lat' dir='ltr'>sanciri.</span> 
     </span>
     <span class='ocr_line' id='line_1_14' title="bbox 245 932 1711 974; baseline 0.001 -12"><span class='ocrx_word' id='word_1_148' title='bbox 245 932 330 972; x_wconf 89' lang='lat' dir='ltr'>quod</span> <span class='ocrx_word' id='word_1_149' title='bbox 352 933 480 973; x_wconf 89' lang='lat' dir='ltr'>quidem</span> <span class='ocrx_word' id='word_1_150' title='bbox 503 944 572 964; x_wconf 90' lang='lat' dir='ltr'>cum</span> <span class='ocrx_word' id='word_1_151' title='bbox 597 934 835 969; x_wconf 80' lang='lat' dir='ltr'>considerarem,</span> <span class='ocrx_word' id='word_1_152' title='bbox 859 934 922 964; x_wconf 89' lang='lat' dir='ltr'>dixi</span> <span class='ocrx_word' id='word_1_153' title='bbox 945 940 1043 964; x_wconf 84' lang='lat' dir='ltr'>artem</span> <span class='ocrx_word' id='word_1_154' title='bbox 1067 944 1119 963; x_wconf 91' lang='lat' dir='ltr'>me</span> <span class='ocrx_word' id='word_1_155' title='bbox 1141 934 1255 964; x_wconf 89' lang='lat' dir='ltr'>habere</span> <span class='ocrx_word' id='word_1_156' title='bbox 1271 932 1502 974; x_wconf 86' lang='lat' dir='ltr'>quodammodo</span> <span class='ocrx_word' id='word_1_157' title='bbox 1515 932 1711 969; x_wconf 80' lang='lat' dir='ltr'>facillimam,</span> 
     </span>
     <span class='ocr_line' id='line_1_15' title="bbox 245 986 1710 1028; baseline 0.001 -12"><span class='ocrx_word' id='word_1_158' title='bbox 245 987 475 1027; x_wconf 87' lang='lat' dir='ltr'>quodammodo</span> <span class='ocrx_word' id='word_1_159' title='bbox 504 988 599 1018; x_wconf 85' lang='lat' dir='ltr'>etiam</span> <span class='ocrx_word' id='word_1_160' title='bbox 626 987 852 1023; x_wconf 88' lang='lat' dir='ltr'>difficillimam,</span> <span class='ocrx_word' id='word_1_161' title='bbox 877 987 919 1018; x_wconf 90' lang='lat' dir='ltr'>ad</span> <span class='ocrx_word' id='word_1_162' title='bbox 949 988 1052 1028; x_wconf 83' lang='lat' dir='ltr'>legem</span> <span class='ocrx_word' id='word_1_163' title='bbox 1080 988 1162 1017; x_wconf 87' lang='lat' dir='ltr'>hanc</span> <span class='ocrx_word' id='word_1_164' title='bbox 1191 987 1429 1017; x_wconf 80' lang='lat' dir='ltr'>observandam.</span> <span class='ocrx_word' id='word_1_165' title='bbox 1456 986 1549 1017; x_wconf 87' lang='lat' dir='ltr'>facile</span> <span class='ocrx_word' id='word_1_166' title='bbox 1574 996 1710 1028; x_wconf 82' lang='lat' dir='ltr'>namque</span> 
     </span>
     <span class='ocr_line' id='line_1_16' title="bbox 244 1040 1710 1082; baseline 0 -11"><span class='ocrx_word' id='word_1_167' title='bbox 244 1041 408 1072; x_wconf 87' lang='lat' dir='ltr'>intellectu</span> <span class='ocrx_word' id='word_1_168' title='bbox 423 1046 479 1077; x_wconf 85' lang='lat' dir='ltr'>est,</span> <span class='ocrx_word' id='word_1_169' title='bbox 496 1043 653 1082; x_wconf 90' lang='lat' dir='ltr'>quomodo</span> <span class='ocrx_word' id='word_1_170' title='bbox 667 1042 699 1072; x_wconf 89' lang='lat' dir='ltr'>id</span> <span class='ocrx_word' id='word_1_171' title='bbox 716 1041 865 1082; x_wconf 85' lang='lat' dir='ltr'>possibile</span> <span class='ocrx_word' id='word_1_172' title='bbox 880 1048 939 1072; x_wconf 85' lang='lat' dir='ltr'>est.</span> <span class='ocrx_word' id='word_1_173' title='bbox 960 1051 1032 1071; x_wconf 89' lang='lat' dir='ltr'>nam</span> <span class='ocrx_word' id='word_1_174' title='bbox 1046 1052 1120 1072; x_wconf 90' lang='lat' dir='ltr'>cum</span> <span class='ocrx_word' id='word_1_175' title='bbox 1134 1041 1217 1082; x_wconf 89' lang='lat' dir='ltr'>apud</span> <span class='ocrx_word' id='word_1_176' title='bbox 1233 1051 1340 1071; x_wconf 88' lang='lat' dir='ltr'>omnes</span> <span class='ocrx_word' id='word_1_177' title='bbox 1356 1040 1494 1082; x_wconf 84' lang='lat' dir='ltr'>legitima</span> <span class='ocrx_word' id='word_1_178' title='bbox 1505 1041 1571 1072; x_wconf 83' lang='lat' dir='ltr'>haec</span> <span class='ocrx_word' id='word_1_179' title='bbox 1582 1045 1710 1071; x_wconf 87' lang='lat' dir='ltr'>senten-</span> 
     </span>
     <span class='ocr_line' id='line_1_17' title="bbox 247 1095 1714 1136; baseline 0.001 -11"><span class='ocrx_word' id='word_1_180' title='bbox 247 1095 291 1125; x_wconf 91' lang='lat' dir='ltr'>tia</span> <span class='ocrx_word' id='word_1_181' title='bbox 306 1095 453 1126; x_wconf 87' lang='lat' dir='ltr'>dedicata</span> <span class='ocrx_word' id='word_1_182' title='bbox 466 1095 571 1132; x_wconf 85' lang='lat' dir='ltr'>fuerit,</span> <span class='ocrx_word' id='word_1_183' title='bbox 587 1096 706 1127; x_wconf 88' lang='lat' dir='ltr'>animos</span> <span class='ocrx_word' id='word_1_184' title='bbox 721 1106 830 1127; x_wconf 87' lang='lat' dir='ltr'>omnes</span> <span class='ocrx_word' id='word_1_185' title='bbox 845 1095 995 1132; x_wconf 86' lang='lat' dir='ltr'>domabit,</span> <span class='ocrx_word' id='word_1_186' title='bbox 1009 1095 1184 1136; x_wconf 89' lang='lat' dir='ltr'>efficietque</span> <span class='ocrx_word' id='word_1_187' title='bbox 1196 1100 1232 1125; x_wconf 91' lang='lat' dir='ltr'>ut</span> <span class='ocrx_word' id='word_1_188' title='bbox 1247 1100 1333 1126; x_wconf 89' lang='lat' dir='ltr'>metu</span> <span class='ocrx_word' id='word_1_189' title='bbox 1348 1096 1420 1125; x_wconf 88' lang='lat' dir='ltr'>latis</span> <span class='ocrx_word' id='word_1_190' title='bbox 1435 1095 1557 1136; x_wconf 79' lang='lat' dir='ltr'>legibus</span> <span class='ocrx_word' id='word_1_191' title='bbox 1568 1099 1714 1136; x_wconf 82' lang='lat' dir='ltr'>pareant.</span> 
     </span>
     <span class='ocr_line' id='line_1_18' title="bbox 247 1149 1714 1191; baseline 0.001 -12"><span class='ocrx_word' id='word_1_192' title='bbox 247 1149 310 1180; x_wconf 89' lang='lat' dir='ltr'>Sed</span> <span class='ocrx_word' id='word_1_193' title='bbox 340 1160 379 1180; x_wconf 89' lang='lat' dir='ltr'>eo</span> <span class='ocrx_word' id='word_1_194' title='bbox 399 1150 466 1191; x_wconf 73' lang='lat' dir='ltr'>jam</span> <span class='ocrx_word' id='word_1_195' title='bbox 494 1161 541 1181; x_wconf 89' lang='lat' dir='ltr'>res</span> <span class='ocrx_word' id='word_1_196' title='bbox 569 1150 726 1191; x_wconf 88' lang='lat' dir='ltr'>pervenit,</span> <span class='ocrx_word' id='word_1_197' title='bbox 755 1156 790 1181; x_wconf 87' lang='lat' dir='ltr'>ut</span> <span class='ocrx_word' id='word_1_198' title='bbox 817 1161 976 1191; x_wconf 88' lang='lat' dir='ltr'>nunquam</span> <span class='ocrx_word' id='word_1_199' title='bbox 1002 1150 1084 1181; x_wconf 85' lang='lat' dir='ltr'>effici</span> <span class='ocrx_word' id='word_1_200' title='bbox 1106 1160 1197 1191; x_wconf 83' lang='lat' dir='ltr'>posse</span> <span class='ocrx_word' id='word_1_201' title='bbox 1219 1150 1381 1181; x_wconf 86' lang='lat' dir='ltr'>videatur:</span> <span class='ocrx_word' id='word_1_202' title='bbox 1407 1150 1488 1181; x_wconf 85' lang='lat' dir='ltr'>sicut</span> <span class='ocrx_word' id='word_1_203' title='bbox 1500 1160 1561 1181; x_wconf 88' lang='lat' dir='ltr'>nec</span> <span class='ocrx_word' id='word_1_204' title='bbox 1576 1149 1714 1181; x_wconf 84' lang='lat' dir='ltr'>convivii</span> 
     </span>
     <span class='ocr_line' id='line_1_19' title="bbox 248 1203 1712 1246; baseline 0 -12"><span class='ocrx_word' id='word_1_205' title='bbox 248 1204 374 1244; x_wconf 87' lang='lat' dir='ltr'>quidem</span> <span class='ocrx_word' id='word_1_206' title='bbox 387 1204 522 1235; x_wconf 89' lang='lat' dir='ltr'>studium</span> <span class='ocrx_word' id='word_1_207' title='bbox 540 1204 724 1236; x_wconf 86' lang='lat' dir='ltr'>credebatur</span> <span class='ocrx_word' id='word_1_208' title='bbox 738 1206 777 1236; x_wconf 91' lang='lat' dir='ltr'>ab</span> <span class='ocrx_word' id='word_1_209' title='bbox 791 1205 936 1235; x_wconf 86' lang='lat' dir='ltr'>universa</span> <span class='ocrx_word' id='word_1_210' title='bbox 949 1205 1076 1235; x_wconf 86' lang='lat' dir='ltr'>civitate</span> <span class='ocrx_word' id='word_1_211' title='bbox 1094 1209 1244 1246; x_wconf 84' lang='lat' dir='ltr'>perpetuo</span> <span class='ocrx_word' id='word_1_212' title='bbox 1256 1214 1346 1245; x_wconf 86' lang='lat' dir='ltr'>posse</span> <span class='ocrx_word' id='word_1_213' title='bbox 1357 1203 1532 1235; x_wconf 83' lang='lat' dir='ltr'>observari:</span> <span class='ocrx_word' id='word_1_214' title='bbox 1557 1209 1590 1234; x_wconf 89' lang='lat' dir='ltr'>et</span> <span class='ocrx_word' id='word_1_215' title='bbox 1604 1208 1712 1234; x_wconf 82' lang='lat' dir='ltr'>tamen</span> 
     </span>
     <span class='ocr_line' id='line_1_20' title="bbox 249 1256 1715 1300; baseline -0.001 -10"><span class='ocrx_word' id='word_1_216' title='bbox 249 1258 334 1300; x_wconf 86' lang='lat' dir='ltr'>apud</span> <span class='ocrx_word' id='word_1_217' title='bbox 348 1269 405 1289; x_wconf 88' lang='lat' dir='ltr'>nos</span> <span class='ocrx_word' id='word_1_218' title='bbox 420 1269 452 1289; x_wconf 88' lang='lat' dir='ltr'>re</span> <span class='ocrx_word' id='word_1_219' title='bbox 467 1260 537 1300; x_wconf 85' lang='lat' dir='ltr'>ipsa</span> <span class='ocrx_word' id='word_1_220' title='bbox 553 1259 620 1290; x_wconf 89' lang='lat' dir='ltr'>fieri</span> <span class='ocrx_word' id='word_1_221' title='bbox 635 1259 770 1295; x_wconf 86' lang='lat' dir='ltr'>videtur,</span> <span class='ocrx_word' id='word_1_222' title='bbox 785 1259 869 1300; x_wconf 91' lang='lat' dir='ltr'>quod</span> <span class='ocrx_word' id='word_1_223' title='bbox 884 1259 966 1289; x_wconf 88' lang='lat' dir='ltr'>inter</span> <span class='ocrx_word' id='word_1_224' title='bbox 980 1259 1124 1290; x_wconf 88' lang='lat' dir='ltr'>mulieres</span> <span class='ocrx_word' id='word_1_225' title='bbox 1138 1269 1197 1290; x_wconf 89' lang='lat' dir='ltr'>nec</span> <span class='ocrx_word' id='word_1_226' title='bbox 1212 1259 1246 1290; x_wconf 84' lang='lat' dir='ltr'>in</span> <span class='ocrx_word' id='word_1_227' title='bbox 1261 1259 1442 1291; x_wconf 86' lang='lat' dir='ltr'>civitatibus</span> <span class='ocrx_word' id='word_1_228' title='bbox 1457 1258 1585 1300; x_wconf 86' lang='lat' dir='ltr'>quidem</span> <span class='ocrx_word' id='word_1_229' title='bbox 1597 1256 1715 1289; x_wconf 82' lang='lat' dir='ltr'>vestris</span> 
     </span>
     <span class='ocr_line' id='line_1_21' title="bbox 248 1312 1709 1355; baseline -0.001 -11"><span class='ocrx_word' id='word_1_230' title='bbox 248 1313 314 1344; x_wconf 81' lang='lat' dir='ltr'>fieri</span> <span class='ocrx_word' id='word_1_231' title='bbox 330 1323 419 1354; x_wconf 79' lang='lat' dir='ltr'>posse</span> <span class='ocrx_word' id='word_1_232' title='bbox 436 1319 570 1354; x_wconf 88' lang='lat' dir='ltr'>putatur.</span> <span class='ocrx_word' id='word_1_233' title='bbox 596 1314 654 1345; x_wconf 90' lang='lat' dir='ltr'>hac</span> <span class='ocrx_word' id='word_1_234' title='bbox 678 1313 824 1354; x_wconf 81' lang='lat' dir='ltr'>equidem</span> <span class='ocrx_word' id='word_1_235' title='bbox 841 1313 958 1344; x_wconf 86' lang='lat' dir='ltr'>ratione</span> <span class='ocrx_word' id='word_1_236' title='bbox 974 1318 1102 1354; x_wconf 85' lang='lat' dir='ltr'>propter</span> <span class='ocrx_word' id='word_1_237' title='bbox 1129 1313 1223 1355; x_wconf 89' lang='lat' dir='ltr'>hujus</span> <span class='ocrx_word' id='word_1_238' title='bbox 1236 1313 1466 1344; x_wconf 78' lang='lat' dir='ltr'>incredulitatis</span> <span class='ocrx_word' id='word_1_239' title='bbox 1479 1313 1545 1343; x_wconf 85' lang='lat' dir='ltr'>vim</span> <span class='ocrx_word' id='word_1_240' title='bbox 1560 1312 1709 1343; x_wconf 87' lang='lat' dir='ltr'>difficilli-</span> 
     </span>
     <span class='ocr_line' id='line_1_22' title="bbox 249 1366 1713 1409; baseline 0.001 -12"><span class='ocrx_word' id='word_1_241' title='bbox 249 1378 337 1398; x_wconf 89' lang='lat' dir='ltr'>mum</span> <span class='ocrx_word' id='word_1_242' title='bbox 367 1377 436 1398; x_wconf 85' lang='lat' dir='ltr'>esse</span> <span class='ocrx_word' id='word_1_243' title='bbox 461 1367 539 1403; x_wconf 83' lang='lat' dir='ltr'>dixi,</span> <span class='ocrx_word' id='word_1_244' title='bbox 563 1369 631 1398; x_wconf 82' lang='lat' dir='ltr'>haec</span> <span class='ocrx_word' id='word_1_245' title='bbox 660 1373 789 1409; x_wconf 87' lang='lat' dir='ltr'>utraque</span> <span class='ocrx_word' id='word_1_246' title='bbox 817 1368 888 1408; x_wconf 85' lang='lat' dir='ltr'>lege</span> <span class='ocrx_word' id='word_1_247' title='bbox 914 1367 1040 1397; x_wconf 80' lang='lat' dir='ltr'>servari.</span> <span class='ocrx_word' id='word_1_248' title='bbox 1086 1368 1182 1398; x_wconf 66' lang='lat' dir='ltr'>Mne.</span> <span class='ocrx_word' id='word_1_249' title='bbox 1205 1367 1248 1398; x_wconf 84' lang='lat' dir='ltr'>Et</span> <span class='ocrx_word' id='word_1_250' title='bbox 1275 1372 1361 1398; x_wconf 90' lang='lat' dir='ltr'>recte</span> <span class='ocrx_word' id='word_1_251' title='bbox 1390 1366 1530 1408; x_wconf 82' lang='lat' dir='ltr'>quidem.</span> <span class='ocrx_word' id='word_1_252' title='bbox 1573 1366 1713 1398; x_wconf 69' lang='lat' dir='ltr'>Aruns.</span> 
     </span>
     <span class='ocr_line' id='line_1_23' title="bbox 252 1421 1714 1463; baseline 0 -12"><span class='ocrx_word' id='word_1_253' title='bbox 252 1421 347 1458; x_wconf 86' lang='lat' dir='ltr'>Quod</span> <span class='ocrx_word' id='word_1_254' title='bbox 362 1428 465 1452; x_wconf 83' lang='lat' dir='ltr'>autem</span> <span class='ocrx_word' id='word_1_255' title='bbox 482 1431 576 1462; x_wconf 87' lang='lat' dir='ltr'>supra</span> <span class='ocrx_word' id='word_1_256' title='bbox 593 1422 670 1452; x_wconf 79' lang='lat' dir='ltr'>vires</span> <span class='ocrx_word' id='word_1_257' title='bbox 685 1423 836 1452; x_wconf 79' lang='lat' dir='ltr'>humanas</span> <span class='ocrx_word' id='word_1_258' title='bbox 852 1432 915 1453; x_wconf 90' lang='lat' dir='ltr'>non</span> <span class='ocrx_word' id='word_1_259' title='bbox 929 1427 1012 1459; x_wconf 88' lang='lat' dir='ltr'>sunt,</span> <span class='ocrx_word' id='word_1_260' title='bbox 1029 1421 1083 1452; x_wconf 91' lang='lat' dir='ltr'>sed</span> <span class='ocrx_word' id='word_1_261' title='bbox 1099 1422 1164 1452; x_wconf 86' lang='lat' dir='ltr'>fieri</span> <span class='ocrx_word' id='word_1_262' title='bbox 1178 1427 1322 1463; x_wconf 80' lang='lat' dir='ltr'>possunt,</span> <span class='ocrx_word' id='word_1_263' title='bbox 1338 1421 1445 1458; x_wconf 77' lang='lat' dir='ltr'>vultis,</span> <span class='ocrx_word' id='word_1_264' title='bbox 1462 1427 1496 1452; x_wconf 90' lang='lat' dir='ltr'>ut</span> <span class='ocrx_word' id='word_1_265' title='bbox 1509 1421 1714 1453; x_wconf 83' lang='lat' dir='ltr'>verisimilem</span> 
     </span>
     <span class='ocr_line' id='line_1_24' title="bbox 250 1475 1717 1517; baseline 0.001 -12"><span class='ocrx_word' id='word_1_266' title='bbox 250 1475 411 1517; x_wconf 86' lang='lat' dir='ltr'>quandam</span> <span class='ocrx_word' id='word_1_267' title='bbox 436 1476 588 1506; x_wconf 85' lang='lat' dir='ltr'>rationem</span> <span class='ocrx_word' id='word_1_268' title='bbox 614 1476 702 1507; x_wconf 78' lang='lat' dir='ltr'>vobis</span> <span class='ocrx_word' id='word_1_269' title='bbox 730 1487 883 1517; x_wconf 88' lang='lat' dir='ltr'>exponam</span> <span class='ocrx_word' id='word_1_270' title='bbox 901 1476 912 1506; x_wconf 90' lang='lat'>?</span> <span class='ocrx_word' id='word_1_271' title='bbox 960 1476 1036 1508; x_wconf 77' lang='lat' dir='ltr'>Cm.</span> <span class='ocrx_word' id='word_1_272' title='bbox 1061 1476 1125 1508; x_wconf 90' lang='lat' dir='ltr'>Cur</span> <span class='ocrx_word' id='word_1_273' title='bbox 1153 1486 1216 1507; x_wconf 91' lang='lat' dir='ltr'>non</span> <span class='ocrx_word' id='word_1_274' title='bbox 1230 1476 1242 1506; x_wconf 89' lang='lat'>?</span> <span class='ocrx_word' id='word_1_275' title='bbox 1290 1476 1427 1508; x_wconf 65' lang='lat' dir='ltr'>Arnen.</span> <span class='ocrx_word' id='word_1_276' title='bbox 1451 1475 1562 1507; x_wconf 88' lang='lat' dir='ltr'>Utrum</span> <span class='ocrx_word' id='word_1_277' title='bbox 1590 1475 1717 1507; x_wconf 78' lang='lat' dir='ltr'>facilius</span> 
     </span>
     <span class='ocr_line' id='line_1_25' title="bbox 251 1529 1715 1571; baseline 0.001 -12"><span class='ocrx_word' id='word_1_278' title='bbox 251 1529 408 1570; x_wconf 82' lang='lat' dir='ltr'>quispiam</span> <span class='ocrx_word' id='word_1_279' title='bbox 422 1540 440 1559; x_wconf 91' lang='lat' dir='ltr'>a</span> <span class='ocrx_word' id='word_1_280' title='bbox 454 1531 598 1560; x_wconf 78' lang='lat' dir='ltr'>venereis</span> <span class='ocrx_word' id='word_1_281' title='bbox 613 1530 792 1566; x_wconf 81' lang='lat' dir='ltr'>abstinebit,</span> <span class='ocrx_word' id='word_1_282' title='bbox 806 1531 954 1571; x_wconf 82' lang='lat' dir='ltr'>voletque</span> <span class='ocrx_word' id='word_1_283' title='bbox 971 1529 1115 1560; x_wconf 86' lang='lat' dir='ltr'>ordinem</span> <span class='ocrx_word' id='word_1_284' title='bbox 1139 1530 1186 1560; x_wconf 87' lang='lat' dir='ltr'>his</span> <span class='ocrx_word' id='word_1_285' title='bbox 1205 1530 1388 1571; x_wconf 85' lang='lat' dir='ltr'>impositum</span> <span class='ocrx_word' id='word_1_286' title='bbox 1404 1529 1563 1561; x_wconf 79' lang='lat' dir='ltr'>moderate</span> <span class='ocrx_word' id='word_1_287' title='bbox 1578 1538 1715 1564; x_wconf 77' lang='lat' dir='ltr'>servare,</span> 
     </span>
     <span class='ocr_line' id='line_1_26' title="bbox 252 1579 1717 1625; baseline 0 -11"><span class='ocrx_word' id='word_1_288' title='bbox 252 1594 325 1614; x_wconf 88' lang='lat' dir='ltr'>cnm</span> <span class='ocrx_word' id='word_1_289' title='bbox 356 1584 435 1614; x_wconf 90' lang='lat' dir='ltr'>bene</span> <span class='ocrx_word' id='word_1_290' title='bbox 458 1594 498 1613; x_wconf 85' lang='lat' dir='ltr'>ex</span> <span class='ocrx_word' id='word_1_291' title='bbox 523 1584 670 1624; x_wconf 83' lang='lat' dir='ltr'>prudenti</span> <span class='ocrx_word' id='word_1_292' title='bbox 694 1585 799 1625; x_wconf 89' lang='lat' dir='ltr'>aliqua</span> <span class='ocrx_word' id='word_1_293' title='bbox 822 1583 986 1625; x_wconf 84' lang='lat' dir='ltr'>diligentia</span> <span class='ocrx_word' id='word_1_294' title='bbox 1008 1594 1121 1624; x_wconf 87' lang='lat' dir='ltr'>corpus</span> <span class='ocrx_word' id='word_1_295' title='bbox 1142 1583 1291 1615; x_wconf 84' lang='lat' dir='ltr'>affectum</span> <span class='ocrx_word' id='word_1_296' title='bbox 1303 1583 1417 1622; x_wconf 82' lang='lat' dir='ltr'>fuerit3</span> <span class='ocrx_word' id='word_1_297' title='bbox 1440 1594 1478 1614; x_wconf 84' lang='lat' dir='ltr'>an</span> <span class='ocrx_word' id='word_1_298' title='bbox 1495 1595 1565 1616; x_wconf 90' lang='lat' dir='ltr'>cum</span> <span class='ocrx_word' id='word_1_299' title='bbox 1581 1579 1717 1615; x_wconf 76' lang='lat' dir='ltr'>contra?</span> 
     </span>
     <span class='ocr_line' id='line_1_27' title="bbox 253 1637 1719 1680; baseline 0 -12"><span class='ocrx_word' id='word_1_300' title='bbox 253 1638 328 1668; x_wconf 79' lang='lat' dir='ltr'>CLr.</span> <span class='ocrx_word' id='word_1_301' title='bbox 354 1638 458 1668; x_wconf 87' lang='lat' dir='ltr'>Multo</span> <span class='ocrx_word' id='word_1_302' title='bbox 476 1641 573 1679; x_wconf 79' lang='lat' dir='ltr'>magis</span> <span class='ocrx_word' id='word_1_303' title='bbox 585 1649 657 1669; x_wconf 90' lang='lat' dir='ltr'>cum</span> <span class='ocrx_word' id='word_1_304' title='bbox 666 1639 746 1669; x_wconf 88' lang='lat' dir='ltr'>bene</span> <span class='ocrx_word' id='word_1_305' title='bbox 761 1644 855 1679; x_wconf 88' lang='lat' dir='ltr'>atque</span> <span class='ocrx_word' id='word_1_306' title='bbox 868 1648 906 1669; x_wconf 78' lang='lat' dir='ltr'>ex</span> <span class='ocrx_word' id='word_1_307' title='bbox 922 1647 998 1669; x_wconf 81' lang='lat' dir='ltr'>arte.</span> <span class='ocrx_word' id='word_1_308' title='bbox 1040 1638 1137 1680; x_wconf 76' lang='lat'>[840]</span> <span class='ocrx_word' id='word_1_309' title='bbox 1178 1638 1315 1668; x_wconf 60' lang='lat' dir='ltr'>Aum«.</span> <span class='ocrx_word' id='word_1_310' title='bbox 1338 1638 1427 1669; x_wconf 89' lang='lat' dir='ltr'>Num</span> <span class='ocrx_word' id='word_1_311' title='bbox 1438 1638 1532 1680; x_wconf 86' lang='lat' dir='ltr'>igitur</span> <span class='ocrx_word' id='word_1_312' title='bbox 1546 1637 1586 1670; x_wconf 86' lang='lat' dir='ltr'>de</span> <span class='ocrx_word' id='word_1_313' title='bbox 1599 1637 1719 1668; x_wconf 80' lang='lat' dir='ltr'>Taren-</span> 
     </span>
     <span class='ocr_line' id='line_1_28' title="bbox 252 1691 1720 1734; baseline 0 -12"><span class='ocrx_word' id='word_1_314' title='bbox 252 1692 319 1723; x_wconf 83' lang='lat' dir='ltr'>tino</span> <span class='ocrx_word' id='word_1_315' title='bbox 344 1692 417 1723; x_wconf 90' lang='lat' dir='ltr'>Icco</span> <span class='ocrx_word' id='word_1_316' title='bbox 438 1703 502 1723; x_wconf 85' lang='lat' dir='ltr'>non</span> <span class='ocrx_word' id='word_1_317' title='bbox 520 1692 705 1728; x_wconf 82' lang='lat' dir='ltr'>audivimus,</span> <span class='ocrx_word' id='word_1_318' title='bbox 722 1694 775 1734; x_wconf 93' lang='lat' dir='ltr'>qui</span> <span class='ocrx_word' id='word_1_319' title='bbox 793 1698 920 1734; x_wconf 82' lang='lat' dir='ltr'>propter</span> <span class='ocrx_word' id='word_1_320' title='bbox 936 1693 1104 1734; x_wconf 82' lang='lat' dir='ltr'>Olympica</span> <span class='ocrx_word' id='word_1_321' title='bbox 1117 1692 1240 1734; x_wconf 86' lang='lat' dir='ltr'>aliaque</span> <span class='ocrx_word' id='word_1_322' title='bbox 1257 1694 1438 1729; x_wconf 83' lang='lat' dir='ltr'>certamina,</span> <span class='ocrx_word' id='word_1_323' title='bbox 1455 1692 1621 1724; x_wconf 80' lang='lat' dir='ltr'>artificioso</span> <span class='ocrx_word' id='word_1_324' title='bbox 1635 1691 1720 1723; x_wconf 77' lang='lat' dir='ltr'>circa</span> 
     </span>
     <span class='ocr_line' id='line_1_29' title="bbox 255 1746 1720 1788; baseline -0.001 -11"><span class='ocrx_word' id='word_1_325' title='bbox 255 1747 322 1777; x_wconf 84' lang='lat' dir='ltr'>haec</span> <span class='ocrx_word' id='word_1_326' title='bbox 349 1747 454 1777; x_wconf 86' lang='lat' dir='ltr'>studio</span> <span class='ocrx_word' id='word_1_327' title='bbox 482 1747 722 1788; x_wconf 84' lang='lat' dir='ltr'>temperantiam</span> <span class='ocrx_word' id='word_1_328' title='bbox 745 1748 837 1778; x_wconf 85' lang='lat' dir='ltr'>simul</span> <span class='ocrx_word' id='word_1_329' title='bbox 850 1753 883 1778; x_wconf 92' lang='lat' dir='ltr'>et</span> <span class='ocrx_word' id='word_1_330' title='bbox 895 1746 1111 1778; x_wconf 86' lang='lat' dir='ltr'>fortitudinem</span> <span class='ocrx_word' id='word_1_331' title='bbox 1127 1747 1222 1777; x_wconf 89' lang='lat' dir='ltr'>animi</span> <span class='ocrx_word' id='word_1_332' title='bbox 1237 1753 1433 1783; x_wconf 85' lang='lat' dir='ltr'>consecutus,</span> <span class='ocrx_word' id='word_1_333' title='bbox 1448 1747 1568 1778; x_wconf 81' lang='lat' dir='ltr'>nullam</span> <span class='ocrx_word' id='word_1_334' title='bbox 1583 1755 1720 1788; x_wconf 87' lang='lat' dir='ltr'>unquam</span> 
     </span>
     <span class='ocr_line' id='line_1_30' title="bbox 256 1800 1719 1846; baseline 0 -15"><span class='ocrx_word' id='word_1_335' title='bbox 256 1800 287 1830; x_wconf 88' lang='lat' dir='ltr'>iu</span> <span class='ocrx_word' id='word_1_336' title='bbox 303 1806 371 1831; x_wconf 83' lang='lat' dir='ltr'>toto</span> <span class='ocrx_word' id='word_1_337' title='bbox 386 1801 620 1832; x_wconf 78' lang='lat' dir='ltr'>exercitationis</span> <span class='ocrx_word' id='word_1_338' title='bbox 637 1812 698 1832; x_wconf 85' lang='lat' dir='ltr'>suae</span> <span class='ocrx_word' id='word_1_339' title='bbox 715 1808 856 1843; x_wconf 86' lang='lat' dir='ltr'>tempore</span> <span class='ocrx_word' id='word_1_340' title='bbox 872 1801 1033 1832; x_wconf 89' lang='lat' dir='ltr'>Venerem</span> <span class='ocrx_word' id='word_1_341' title='bbox 1048 1801 1195 1843; x_wconf 84' lang='lat' dir='ltr'>cognovit</span> <span class='ocrx_word' id='word_1_342' title='bbox 1208 1802 1220 1832; x_wconf 87' lang='lat'>?</span> <span class='ocrx_word' id='word_1_343' title='bbox 1244 1801 1329 1833; x_wconf 88' lang='lat' dir='ltr'>idem</span> <span class='ocrx_word' id='word_1_344' title='bbox 1342 1812 1467 1846; x_wconf 84' lang='lat' dir='ltr'>quoque</span> <span class='ocrx_word' id='word_1_345' title='bbox 1489 1801 1530 1832; x_wconf 89' lang='lat' dir='ltr'>de</span> <span class='ocrx_word' id='word_1_346' title='bbox 1553 1800 1719 1835; x_wconf 86' lang='lat' dir='ltr'>Chrisone,</span> 
     </span>
     <span class='ocr_line' id='line_1_31' title="bbox 255 1854 1721 1898; baseline 0 -13"><span class='ocrx_word' id='word_1_347' title='bbox 255 1855 368 1897; x_wconf 84' lang='lat' dir='ltr'>Astylo</span> <span class='ocrx_word' id='word_1_348' title='bbox 396 1861 429 1886; x_wconf 90' lang='lat' dir='ltr'>et</span> <span class='ocrx_word' id='word_1_349' title='bbox 455 1856 635 1897; x_wconf 81' lang='lat' dir='ltr'>Diopompo</span> <span class='ocrx_word' id='word_1_350' title='bbox 657 1856 789 1898; x_wconf 90' lang='lat' dir='ltr'>aliisque</span> <span class='ocrx_word' id='word_1_351' title='bbox 813 1866 909 1898; x_wconf 88' lang='lat' dir='ltr'>quam</span> <span class='ocrx_word' id='word_1_352' title='bbox 935 1856 1075 1897; x_wconf 84' lang='lat' dir='ltr'>plurimis</span> <span class='ocrx_word' id='word_1_353' title='bbox 1099 1856 1206 1887; x_wconf 81' lang='lat' dir='ltr'>fertur.</span> <span class='ocrx_word' id='word_1_354' title='bbox 1231 1865 1431 1897; x_wconf 87' lang='lat' dir='ltr'>quamquam,</span> <span class='ocrx_word' id='word_1_355' title='bbox 1454 1866 1473 1887; x_wconf 91' lang='grc' dir='ltr'>ο</span> <span class='ocrx_word' id='word_1_356' title='bbox 1489 1854 1607 1891; x_wconf 81' lang='lat' dir='ltr'>Clinia,</span> <span class='ocrx_word' id='word_1_357' title='bbox 1623 1854 1721 1885; x_wconf 87' lang='lat' dir='ltr'>multo</span> 
     </span>
     <span class='ocr_line' id='line_1_32' title="bbox 257 1909 1722 1952; baseline -0.001 -13"><span class='ocrx_word' id='word_1_358' title='bbox 257 1909 344 1950; x_wconf 85' lang='lat' dir='ltr'>pejus</span> <span class='ocrx_word' id='word_1_359' title='bbox 368 1909 487 1940; x_wconf 83' lang='lat' dir='ltr'>animos</span> <span class='ocrx_word' id='word_1_360' title='bbox 515 1909 605 1940; x_wconf 87' lang='lat' dir='ltr'>bonis</span> <span class='ocrx_word' id='word_1_361' title='bbox 629 1911 748 1941; x_wconf 86' lang='lat' dir='ltr'>artibus</span> <span class='ocrx_word' id='word_1_362' title='bbox 763 1911 974 1947; x_wconf 81' lang='lat' dir='ltr'>excoluerant,</span> <span class='ocrx_word' id='word_1_363' title='bbox 991 1921 1084 1952; x_wconf 89' lang='lat' dir='ltr'>quam</span> <span class='ocrx_word' id='word_1_364' title='bbox 1102 1911 1146 1940; x_wconf 85' lang='lat' dir='ltr'>tui</span> <span class='ocrx_word' id='word_1_365' title='bbox 1162 1910 1287 1952; x_wconf 88' lang='lat' dir='ltr'>meique</span> <span class='ocrx_word' id='word_1_366' title='bbox 1303 1910 1387 1941; x_wconf 85' lang='lat' dir='ltr'>cives</span> <span class='ocrx_word' id='word_1_367' title='bbox 1406 1921 1412 1939; x_wconf 93' lang='lat'>:</span> <span class='ocrx_word' id='word_1_368' title='bbox 1438 1909 1620 1950; x_wconf 71' lang='lat' dir='ltr'>cerporibus</span> <span class='ocrx_word' id='word_1_369' title='bbox 1635 1913 1722 1939; x_wconf 78' lang='lat' dir='ltr'>certe</span> 
     </span>
     <span class='ocr_line' id='line_1_33' title="bbox 259 1963 1723 2007; baseline 0.002 -16"><span class='ocrx_word' id='word_1_370' title='bbox 259 1963 357 1993; x_wconf 82' lang='lat' dir='ltr'>multo</span> <span class='ocrx_word' id='word_1_371' title='bbox 387 1963 486 2004; x_wconf 85' lang='lat' dir='ltr'>magis</span> <span class='ocrx_word' id='word_1_372' title='bbox 513 1964 673 2004; x_wconf 84' lang='lat' dir='ltr'>vigebant.</span> <span class='ocrx_word' id='word_1_373' title='bbox 718 1965 795 1996; x_wconf 75' lang='lat' dir='ltr'>Cu.</span> <span class='ocrx_word' id='word_1_374' title='bbox 817 1965 902 1996; x_wconf 89' lang='lat' dir='ltr'>Vera</span> <span class='ocrx_word' id='word_1_375' title='bbox 916 1976 1033 2002; x_wconf 87' lang='lat' dir='ltr'>narras,</span> <span class='ocrx_word' id='word_1_376' title='bbox 1049 1964 1135 2007; x_wconf 89' lang='lat' dir='ltr'>quod</span> <span class='ocrx_word' id='word_1_377' title='bbox 1150 1975 1169 1995; x_wconf 87' lang='lat' dir='ltr'>a</span> <span class='ocrx_word' id='word_1_378' title='bbox 1184 1965 1293 2006; x_wconf 86' lang='lat' dir='ltr'>priscis</span> <span class='ocrx_word' id='word_1_379' title='bbox 1306 1964 1351 1995; x_wconf 87' lang='lat' dir='ltr'>ita</span> <span class='ocrx_word' id='word_1_380' title='bbox 1363 1964 1403 1995; x_wconf 88' lang='lat' dir='ltr'>ab</span> <span class='ocrx_word' id='word_1_381' title='bbox 1417 1963 1543 1994; x_wconf 79' lang='lat' dir='ltr'>athletis</span> <span class='ocrx_word' id='word_1_382' title='bbox 1555 1963 1640 1995; x_wconf 61' lang='lat' dir='ltr'>facta</span> <span class='ocrx_word' id='word_1_383' title='bbox 1653 1963 1723 1994; x_wconf 81' lang='lat' dir='ltr'>baee</span> 
     </span>
     <span class='ocr_line' id='line_1_34' title="bbox 254 2014 1726 2060; baseline 0.001 -16"><span class='ocrx_word' id='word_1_384' title='bbox 254 2014 349 2046; x_wconf 78' lang='lat' dir='ltr'>fuisse</span> <span class='ocrx_word' id='word_1_385' title='bbox 374 2016 590 2057; x_wconf 77' lang='lat' dir='ltr'>praedicantur.</span> <span class='ocrx_word' id='word_1_386' title='bbox 637 2018 772 2049; x_wconf 58' lang='lat' dir='ltr'>Arum.</span> <span class='ocrx_word' id='word_1_387' title='bbox 796 2019 849 2050; x_wconf 91' lang='lat' dir='ltr'>Illi</span> <span class='ocrx_word' id='word_1_388' title='bbox 873 2020 978 2060; x_wconf 85' lang='lat' dir='ltr'>igitur,</span> <span class='ocrx_word' id='word_1_389' title='bbox 1011 2025 1046 2050; x_wconf 88' lang='lat' dir='ltr'>ut</span> <span class='ocrx_word' id='word_1_390' title='bbox 1071 2020 1102 2050; x_wconf 92' lang='lat' dir='ltr'>in</span> <span class='ocrx_word' id='word_1_391' title='bbox 1130 2019 1280 2050; x_wconf 78' lang='lat' dir='ltr'>luctando</span> <span class='ocrx_word' id='word_1_392' title='bbox 1308 2025 1341 2049; x_wconf 90' lang='lat' dir='ltr'>et</span> <span class='ocrx_word' id='word_1_393' title='bbox 1369 2017 1522 2049; x_wconf 87' lang='lat' dir='ltr'>currendo</span> <span class='ocrx_word' id='word_1_394' title='bbox 1549 2016 1726 2058; x_wconf 83' lang='lat' dir='ltr'>ceterisque</span> 
     </span>
     <span class='ocr_line' id='line_1_35' title="bbox 256 2070 1723 2114; baseline 0.001 -15"><span class='ocrx_word' id='word_1_395' title='bbox 256 2070 433 2111; x_wconf 79' lang='lat' dir='ltr'>hujusmodi</span> <span class='ocrx_word' id='word_1_396' title='bbox 461 2071 622 2102; x_wconf 78' lang='lat' dir='ltr'>vincerent</span> <span class='ocrx_word' id='word_1_397' title='bbox 639 2073 728 2108; x_wconf 89' lang='lat' dir='ltr'>alios,</span> <span class='ocrx_word' id='word_1_398' title='bbox 745 2073 784 2103; x_wconf 88' lang='lat' dir='ltr'>ab</span> <span class='ocrx_word' id='word_1_399' title='bbox 800 2083 838 2104; x_wconf 87' lang='lat' dir='ltr'>ea</span> <span class='ocrx_word' id='word_1_400' title='bbox 852 2074 1026 2114; x_wconf 85' lang='lat' dir='ltr'>voluptate,</span> <span class='ocrx_word' id='word_1_401' title='bbox 1043 2084 1112 2114; x_wconf 79' lang='lat' dir='ltr'>quae</span> <span class='ocrx_word' id='word_1_402' title='bbox 1131 2074 1223 2104; x_wconf 86' lang='lat' dir='ltr'>beata</span> <span class='ocrx_word' id='word_1_403' title='bbox 1240 2073 1331 2114; x_wconf 90' lang='lat' dir='ltr'>vulgo</span> <span class='ocrx_word' id='word_1_404' title='bbox 1347 2073 1552 2107; x_wconf 78' lang='lat' dir='ltr'>existimatur,</span> <span class='ocrx_word' id='word_1_405' title='bbox 1567 2070 1723 2102; x_wconf 77' lang='lat' dir='ltr'>abstinere</span> 
     </span>
     <span class='ocr_line' id='line_1_36' title="bbox 256 2123 1725 2168; baseline 0.001 -15"><span class='ocrx_word' id='word_1_406' title='bbox 256 2123 423 2154; x_wconf 78' lang='lat' dir='ltr'>voluerunt</span> <span class='ocrx_word' id='word_1_407' title='bbox 441 2136 447 2154; x_wconf 94' lang='lat'><strong>:</strong></span> <span class='ocrx_word' id='word_1_408' title='bbox 473 2126 570 2156; x_wconf 81' lang='lat' dir='ltr'>nostri</span> <span class='ocrx_word' id='word_1_409' title='bbox 602 2127 821 2157; x_wconf 77' lang='lat' dir='ltr'>adolescentes</span> <span class='ocrx_word' id='word_1_410' title='bbox 848 2128 987 2158; x_wconf 83' lang='lat' dir='ltr'>victoriae</span> <span class='ocrx_word' id='word_1_411' title='bbox 1011 2137 1107 2158; x_wconf 89' lang='lat' dir='ltr'>causa</span> <span class='ocrx_word' id='word_1_412' title='bbox 1120 2128 1214 2168; x_wconf 88' lang='lat' dir='ltr'>longe</span> <span class='ocrx_word' id='word_1_413' title='bbox 1230 2127 1456 2168; x_wconf 77' lang='lat' dir='ltr'>praestantioris</span> <span class='ocrx_word' id='word_1_414' title='bbox 1469 2135 1532 2156; x_wconf 91' lang='lat' dir='ltr'>non</span> <span class='ocrx_word' id='word_1_415' title='bbox 1549 2124 1725 2166; x_wconf 81' lang='lat' dir='ltr'>poterunt?</span> 
     </span>
     <span class='ocr_line' id='line_1_37' title="bbox 257 2178 1724 2222; baseline 0.001 -15"><span class='ocrx_word' id='word_1_416' title='bbox 257 2187 352 2218; x_wconf 85' lang='lat' dir='ltr'>quam</span> <span class='ocrx_word' id='word_1_417' title='bbox 368 2188 425 2208; x_wconf 87' lang='lat' dir='ltr'>nos</span> <span class='ocrx_word' id='word_1_418' title='bbox 439 2179 626 2210; x_wconf 87' lang='lat' dir='ltr'>carminibus</span> <span class='ocrx_word' id='word_1_419' title='bbox 642 2180 820 2222; x_wconf 87' lang='lat' dir='ltr'>fabulisque</span> <span class='ocrx_word' id='word_1_420' title='bbox 837 2189 870 2211; x_wconf 90' lang='lat' dir='ltr'>et</span> <span class='ocrx_word' id='word_1_421' title='bbox 884 2182 986 2212; x_wconf 83' lang='lat' dir='ltr'>soluta</span> <span class='ocrx_word' id='word_1_422' title='bbox 1001 2182 1141 2212; x_wconf 88' lang='lat' dir='ltr'>oratione</span> <span class='ocrx_word' id='word_1_423' title='bbox 1164 2189 1195 2212; x_wconf 90' lang='lat' dir='ltr'>et</span> <span class='ocrx_word' id='word_1_424' title='bbox 1210 2180 1351 2212; x_wconf 82' lang='lat' dir='ltr'>cantibus</span> <span class='ocrx_word' id='word_1_425' title='bbox 1367 2189 1435 2210; x_wconf 85' lang='lat' dir='ltr'>esse</span> <span class='ocrx_word' id='word_1_426' title='bbox 1451 2179 1602 2220; x_wconf 62' lang='lat' dir='ltr'>optimam</span> <span class='ocrx_word' id='word_1_427' title='bbox 1617 2178 1724 2209; x_wconf 62' lang='lat' dir='ltr'>statim</span> 
     </span>
     <span class='ocr_line' id='line_1_38' title="bbox 257 2231 1726 2275; baseline 0.001 -14"><span class='ocrx_word' id='word_1_428' title='bbox 257 2231 298 2262; x_wconf 83' lang='lat' dir='ltr'>ad</span> <span class='ocrx_word' id='word_1_429' title='bbox 324 2243 489 2273; x_wconf 86' lang='lat' dir='ltr'>puerorum</span> <span class='ocrx_word' id='word_1_430' title='bbox 517 2244 604 2264; x_wconf 87' lang='lat' dir='ltr'>aures</span> <span class='ocrx_word' id='word_1_431' title='bbox 620 2235 868 2275; x_wconf 83' lang='lat' dir='ltr'>praedicabimus,</span> <span class='ocrx_word' id='word_1_432' title='bbox 885 2242 927 2271; x_wconf 84' lang='lat' dir='ltr'>et,</span> <span class='ocrx_word' id='word_1_433' title='bbox 945 2242 979 2266; x_wconf 87' lang='lat' dir='ltr'>nt</span> <span class='ocrx_word' id='word_1_434' title='bbox 993 2236 1161 2266; x_wconf 84' lang='lat' dir='ltr'>verisimile</span> <span class='ocrx_word' id='word_1_435' title='bbox 1177 2240 1235 2271; x_wconf 84' lang='lat' dir='ltr'>est,</span> <span class='ocrx_word' id='word_1_436' title='bbox 1250 2234 1440 2265; x_wconf 87' lang='lat' dir='ltr'>oblectando</span> <span class='ocrx_word' id='word_1_437' title='bbox 1456 2233 1726 2275; x_wconf 80' lang='lat' dir='ltr'>persuadebimus.</span> 
     </span>
     <span class='ocr_line' id='line_1_39' title="bbox 259 2286 1729 2330; baseline 0.001 -13"><span class='ocrx_word' id='word_1_438' title='bbox 259 2286 338 2317; x_wconf 69' lang='lat' dir='ltr'>Cri.</span> <span class='ocrx_word' id='word_1_439' title='bbox 373 2287 477 2323; x_wconf 80' lang='lat' dir='ltr'>Quam</span> <span class='ocrx_word' id='word_1_440' title='bbox 506 2288 669 2319; x_wconf 87' lang='lat' dir='ltr'>victoriam</span> <span class='ocrx_word' id='word_1_441' title='bbox 699 2289 801 2320; x_wconf 85' lang='lat' dir='ltr'>dicis?</span> <span class='ocrx_word' id='word_1_442' title='bbox 857 2289 997 2320; x_wconf 63' lang='lat' dir='ltr'>A&#39;rnnx.</span> <span class='ocrx_word' id='word_1_443' title='bbox 1033 2289 1078 2320; x_wconf 87' lang='lat' dir='ltr'>Ut</span> <span class='ocrx_word' id='word_1_444' title='bbox 1106 2290 1281 2330; x_wconf 84' lang='lat' dir='ltr'>voluptate,</span> <span class='ocrx_word' id='word_1_445' title='bbox 1309 2289 1449 2330; x_wconf 84' lang='lat' dir='ltr'>inquam,</span> <span class='ocrx_word' id='word_1_446' title='bbox 1479 2288 1562 2319; x_wconf 81' lang='lat' dir='ltr'>victa</span> <span class='ocrx_word' id='word_1_447' title='bbox 1593 2287 1729 2318; x_wconf 78' lang='lat' dir='ltr'>feliciter</span> 
     </span>
     <span class='ocr_line' id='line_1_40' title="bbox 260 2340 1726 2385; baseline 0.002 -16"><span class='ocrx_word' id='word_1_448' title='bbox 260 2340 390 2385; x_wconf 40' lang='lat' dir='ltr'>vivantlz</span> <span class='ocrx_word' id='word_1_449' title='bbox 418 2341 490 2371; x_wconf 91' lang='lat' dir='ltr'>victi</span> <span class='ocrx_word' id='word_1_450' title='bbox 508 2346 610 2372; x_wconf 84' lang='lat' dir='ltr'>autem</span> <span class='ocrx_word' id='word_1_451' title='bbox 624 2348 742 2373; x_wconf 75' lang='lat' dir='ltr'>contra.</span> <span class='ocrx_word' id='word_1_452' title='bbox 767 2348 919 2384; x_wconf 79' lang='lat' dir='ltr'>praeterea</span> <span class='ocrx_word' id='word_1_453' title='bbox 934 2350 1037 2374; x_wconf 89' lang='lat' dir='ltr'>metus</span> <span class='ocrx_word' id='word_1_454' title='bbox 1051 2344 1116 2379; x_wconf 84' lang='lat' dir='ltr'>ille,</span> <span class='ocrx_word' id='word_1_455' title='bbox 1136 2354 1186 2380; x_wconf 92' lang='lat' dir='ltr'>ne,</span> <span class='ocrx_word' id='word_1_456' title='bbox 1203 2343 1288 2384; x_wconf 91' lang='lat' dir='ltr'>quod</span> <span class='ocrx_word' id='word_1_457' title='bbox 1302 2343 1431 2374; x_wconf 88' lang='lat' dir='ltr'>minime</span> <span class='ocrx_word' id='word_1_458' title='bbox 1444 2343 1492 2374; x_wconf 79' lang='lat' dir='ltr'>fas</span> <span class='ocrx_word' id='word_1_459' title='bbox 1505 2350 1564 2379; x_wconf 81' lang='lat' dir='ltr'>est,</span> <span class='ocrx_word' id='word_1_460' title='bbox 1580 2341 1726 2374; x_wconf 88' lang='lat' dir='ltr'>commit-</span> 
     </span>
     <span class='ocr_line' id='line_1_41' title="bbox 257 2395 1726 2439; baseline 0.001 -15"><span class='ocrx_word' id='word_1_461' title='bbox 257 2400 351 2430; x_wconf 76' lang='lat' dir='ltr'>tatur,</span> <span class='ocrx_word' id='word_1_462' title='bbox 380 2405 486 2426; x_wconf 90' lang='lat' dir='ltr'>nonne</span> <span class='ocrx_word' id='word_1_463' title='bbox 513 2396 552 2426; x_wconf 91' lang='lat' dir='ltr'>ad</span> <span class='ocrx_word' id='word_1_464' title='bbox 584 2396 667 2427; x_wconf 78' lang='lat' dir='ltr'>idem</span> <span class='ocrx_word' id='word_1_465' title='bbox 695 2397 890 2438; x_wconf 76' lang='lat' dir='ltr'>potissimum</span> <span class='ocrx_word' id='word_1_466' title='bbox 919 2398 1070 2433; x_wconf 85' lang='lat' dir='ltr'>conferet,</span> <span class='ocrx_word' id='word_1_467' title='bbox 1098 2404 1133 2429; x_wconf 94' lang='lat' dir='ltr'>ut</span> <span class='ocrx_word' id='word_1_468' title='bbox 1161 2408 1199 2429; x_wconf 81' lang='lat' dir='ltr'>ca</span> <span class='ocrx_word' id='word_1_469' title='bbox 1227 2398 1376 2430; x_wconf 88' lang='lat' dir='ltr'>videlicet</span> <span class='ocrx_word' id='word_1_470' title='bbox 1401 2401 1558 2439; x_wconf 83' lang='lat' dir='ltr'>superent,</span> <span class='ocrx_word' id='word_1_471' title='bbox 1574 2406 1645 2438; x_wconf 88' lang='lat' dir='ltr'>quae</span> <span class='ocrx_word' id='word_1_472' title='bbox 1660 2395 1726 2433; x_wconf 79' lang='lat' dir='ltr'>alii,</span> 
     </span>
     <span class='ocr_line' id='line_1_42' title="bbox 259 2449 1726 2494; baseline 0.003 -17"><span class='ocrx_word' id='word_1_473' title='bbox 259 2449 401 2489; x_wconf 82' lang='lat' dir='ltr'>quamvis</span> <span class='ocrx_word' id='word_1_474' title='bbox 413 2449 594 2486; x_wconf 84' lang='lat' dir='ltr'>deteriores,</span> <span class='ocrx_word' id='word_1_475' title='bbox 604 2461 780 2492; x_wconf 87' lang='lat' dir='ltr'>superrasse</span> <span class='ocrx_word' id='word_1_476' title='bbox 796 2452 964 2483; x_wconf 82' lang='lat' dir='ltr'>dicuntur?</span> <span class='ocrx_word' id='word_1_477' title='bbox 1004 2452 1081 2484; x_wconf 72' lang='lat' dir='ltr'>Cu.</span> <span class='ocrx_word' id='word_1_478' title='bbox 1099 2452 1354 2484; x_wconf 85' lang='lat' dir='ltr'>Consentaneum</span> <span class='ocrx_word' id='word_1_479' title='bbox 1370 2452 1402 2483; x_wconf 89' lang='lat' dir='ltr'>id</span> <span class='ocrx_word' id='word_1_480' title='bbox 1418 2451 1557 2494; x_wconf 82' lang='lat' dir='ltr'>quidem.</span> <span class='ocrx_word' id='word_1_481' title='bbox 1587 2451 1726 2482; x_wconf 67' lang='lat' dir='ltr'>Arnim.</span> 
     </span>
     <span class='ocr_line' id='line_1_43' title="bbox 262 2501 1729 2548; baseline 0.003 -18"><span class='ocrx_word' id='word_1_482' title='bbox 262 2501 432 2542; x_wconf 82' lang='lat' dir='ltr'>Postquam</span> <span class='ocrx_word' id='word_1_483' title='bbox 461 2504 521 2533; x_wconf 86' lang='lat' dir='ltr'>huc</span> <span class='ocrx_word' id='word_1_484' title='bbox 544 2503 575 2534; x_wconf 88' lang='lat' dir='ltr'>in</span> <span class='ocrx_word' id='word_1_485' title='bbox 600 2504 669 2545; x_wconf 83' lang='lat' dir='ltr'>lege</span> <span class='ocrx_word' id='word_1_486' title='bbox 695 2506 751 2536; x_wconf 83' lang='lat' dir='ltr'>hac</span> <span class='ocrx_word' id='word_1_487' title='bbox 766 2505 895 2536; x_wconf 82' lang='lat' dir='ltr'>serenda</span> <span class='ocrx_word' id='word_1_488' title='bbox 911 2505 1107 2543; x_wconf 83' lang='lat' dir='ltr'>devenimus,</span> <span class='ocrx_word' id='word_1_489' title='bbox 1124 2513 1156 2538; x_wconf 89' lang='lat' dir='ltr'>et</span> <span class='ocrx_word' id='word_1_490' title='bbox 1170 2512 1300 2548; x_wconf 85' lang='lat' dir='ltr'>propter</span> <span class='ocrx_word' id='word_1_491' title='bbox 1314 2507 1479 2537; x_wconf 81' lang='lat' dir='ltr'>multorum</span> <span class='ocrx_word' id='word_1_492' title='bbox 1494 2505 1679 2547; x_wconf 71' lang='lat' dir='ltr'>pravitatem</span> <span class='ocrx_word' id='word_1_493' title='bbox 1692 2503 1729 2535; x_wconf 85' lang='lat' dir='ltr'>in</span> 
     </span>
     <span class='ocr_line' id='line_1_44' title="bbox 262 2554 1729 2602; baseline 0.003 -19"><span class='ocrx_word' id='word_1_494' title='bbox 262 2554 491 2587; x_wconf 84' lang='lat' dir='ltr'>dubitationem</span> <span class='ocrx_word' id='word_1_495' title='bbox 510 2557 687 2595; x_wconf 87' lang='lat' dir='ltr'>incidimus,</span> <span class='ocrx_word' id='word_1_496' title='bbox 704 2558 852 2590; x_wconf 86' lang='lat' dir='ltr'>audacter</span> <span class='ocrx_word' id='word_1_497' title='bbox 861 2560 930 2602; x_wconf 82' lang='lat' dir='ltr'>jam</span> <span class='ocrx_word' id='word_1_498' title='bbox 947 2561 1172 2602; x_wconf 74' lang='lat' dir='ltr'>manifesteque</span> <span class='ocrx_word' id='word_1_499' title='bbox 1188 2561 1328 2592; x_wconf 84' lang='lat' dir='ltr'>dicamus</span> <span class='ocrx_word' id='word_1_500' title='bbox 1343 2570 1409 2591; x_wconf 90' lang='lat' dir='ltr'>non</span> <span class='ocrx_word' id='word_1_501' title='bbox 1422 2564 1580 2601; x_wconf 82' lang='lat' dir='ltr'>oportere,</span> <span class='ocrx_word' id='word_1_502' title='bbox 1595 2562 1631 2588; x_wconf 84' lang='lat' dir='ltr'>ut</span> <span class='ocrx_word' id='word_1_503' title='bbox 1642 2557 1729 2589; x_wconf 80' lang='lat' dir='ltr'>cives</span> 
     </span>
     <span class='ocr_line' id='line_1_45' title="bbox 259 2610 1730 2656; baseline 0.003 -18"><span class='ocrx_word' id='word_1_504' title='bbox 259 2610 359 2639; x_wconf 63' lang='lat' dir='ltr'>nostri</span> <span class='ocrx_word' id='word_1_505' title='bbox 384 2610 493 2641; x_wconf 79' lang='lat' dir='ltr'>avibus</span> <span class='ocrx_word' id='word_1_506' title='bbox 519 2612 687 2653; x_wconf 85' lang='lat' dir='ltr'>multisque</span> <span class='ocrx_word' id='word_1_507' title='bbox 712 2613 825 2644; x_wconf 86' lang='lat' dir='ltr'>belluis</span> <span class='ocrx_word' id='word_1_508' title='bbox 841 2614 904 2644; x_wconf 89' lang='lat' dir='ltr'>sint</span> <span class='ocrx_word' id='word_1_509' title='bbox 924 2615 1053 2656; x_wconf 78' lang='lat' dir='ltr'>pejores.</span> <span class='ocrx_word' id='word_1_510' title='bbox 1080 2616 1248 2656; x_wconf 85' lang='lat' dir='ltr'>permultos</span> <span class='ocrx_word' id='word_1_511' title='bbox 1262 2615 1347 2646; x_wconf 90' lang='lat' dir='ltr'>enim</span> <span class='ocrx_word' id='word_1_512' title='bbox 1363 2623 1474 2656; x_wconf 77' lang='lat' dir='ltr'>greges</span> <span class='ocrx_word' id='word_1_513' title='bbox 1486 2612 1624 2654; x_wconf 77' lang='lat' dir='ltr'>ipsarum</span> <span class='ocrx_word' id='word_1_514' title='bbox 1638 2610 1730 2642; x_wconf 85' lang='lat' dir='ltr'>vide-</span> 
     </span>
     <span class='ocr_line' id='line_1_46' title="bbox 263 2664 1730 2711; baseline 0.006 -19"><span class='ocrx_word' id='word_1_515' title='bbox 263 2673 332 2693; x_wconf 84' lang='lat' dir='ltr'>mus</span> <span class='ocrx_word' id='word_1_516' title='bbox 347 2664 467 2704; x_wconf 81' lang='lat' dir='ltr'>integre</span> <span class='ocrx_word' id='word_1_517' title='bbox 484 2670 578 2706; x_wconf 86' lang='lat' dir='ltr'>atque</span> <span class='ocrx_word' id='word_1_518' title='bbox 595 2672 692 2703; x_wconf 85' lang='lat' dir='ltr'>caste,</span> <span class='ocrx_word' id='word_1_519' title='bbox 709 2673 876 2709; x_wconf 85' lang='lat' dir='ltr'>antequam</span> <span class='ocrx_word' id='word_1_520' title='bbox 895 2669 1078 2709; x_wconf 80' lang='lat' dir='ltr'>procreandi</span> <span class='ocrx_word' id='word_1_521' title='bbox 1095 2676 1219 2711; x_wconf 84' lang='lat' dir='ltr'>tempus</span> <span class='ocrx_word' id='word_1_522' title='bbox 1234 2668 1410 2703; x_wconf 85' lang='lat' dir='ltr'>advenerit,</span> <span class='ocrx_word' id='word_1_523' title='bbox 1426 2667 1529 2698; x_wconf 81' lang='lat' dir='ltr'>vivere</span> <span class='ocrx_word' id='word_1_524' title='bbox 1547 2677 1555 2696; x_wconf 68' lang='grc' dir='ltr'><em>τ</em></span> <span class='ocrx_word' id='word_1_525' title='bbox 1579 2665 1636 2697; x_wconf 77' lang='lat' dir='ltr'>sed</span> <span class='ocrx_word' id='word_1_526' title='bbox 1657 2675 1730 2697; x_wconf 82' lang='lat' dir='ltr'>cum</span> 
     </span>
     <span class='ocr_line' id='line_1_47' title="bbox 263 2717 1732 2764; baseline 0.005 -18"><span class='ocrx_word' id='word_1_527' title='bbox 263 2717 344 2747; x_wconf 87' lang='lat' dir='ltr'>hanc</span> <span class='ocrx_word' id='word_1_528' title='bbox 368 2723 491 2748; x_wconf 82' lang='lat' dir='ltr'>aetatem</span> <span class='ocrx_word' id='word_1_529' title='bbox 509 2720 679 2760; x_wconf 77' lang='lat' dir='ltr'>attigerint,</span> <span class='ocrx_word' id='word_1_530' title='bbox 696 2731 762 2752; x_wconf 88' lang='lat' dir='ltr'>mas</span> <span class='ocrx_word' id='word_1_531' title='bbox 777 2722 901 2753; x_wconf 80' lang='lat' dir='ltr'>feminae</span> <span class='ocrx_word' id='word_1_532' title='bbox 917 2729 950 2753; x_wconf 88' lang='lat' dir='ltr'>et</span> <span class='ocrx_word' id='word_1_533' title='bbox 965 2723 1086 2753; x_wconf 69' lang='lat' dir='ltr'>semina</span> <span class='ocrx_word' id='word_1_534' title='bbox 1101 2724 1178 2754; x_wconf 70' lang='lat' dir='ltr'>mari</span> <span class='ocrx_word' id='word_1_535' title='bbox 1194 2723 1380 2764; x_wconf 66' lang='lat' dir='ltr'>conjunctae,</span> <span class='ocrx_word' id='word_1_536' title='bbox 1402 2721 1489 2762; x_wconf 87' lang='lat' dir='ltr'>juste</span> <span class='ocrx_word' id='word_1_537' title='bbox 1513 2724 1684 2762; x_wconf 77' lang='lat' dir='ltr'>sancteque</span> <span class='ocrx_word' id='word_1_538' title='bbox 1697 2719 1732 2750; x_wconf 73' lang='lat' dir='ltr'>in</span> 
     </span>
     <span class='ocr_line' id='line_1_48' title="bbox 261 2771 1734 2819; baseline 0.003 -19"><span class='ocrx_word' id='word_1_539' title='bbox 261 2771 360 2810; x_wconf 89' lang='lat' dir='ltr'>prima</span> <span class='ocrx_word' id='word_1_540' title='bbox 392 2780 626 2812; x_wconf 79' lang='lat' dir='ltr'>perseverantes</span> <span class='ocrx_word' id='word_1_541' title='bbox 655 2776 804 2813; x_wconf 75' lang='lat' dir='ltr'>amicitia,</span> <span class='ocrx_word' id='word_1_542' title='bbox 836 2777 990 2818; x_wconf 85' lang='lat' dir='ltr'>reliquam</span> <span class='ocrx_word' id='word_1_543' title='bbox 1019 2784 1172 2819; x_wconf 78' lang='lat' dir='ltr'>peragunt</span> <span class='ocrx_word' id='word_1_544' title='bbox 1200 2778 1306 2808; x_wconf 76' lang='lat' dir='ltr'>vitam.</span> <span class='ocrx_word' id='word_1_545' title='bbox 1328 2780 1453 2817; x_wconf 85' lang='lat' dir='ltr'>oportet</span> <span class='ocrx_word' id='word_1_546' title='bbox 1480 2774 1575 2815; x_wconf 82' lang='lat' dir='ltr'>igitur</span> <span class='ocrx_word' id='word_1_547' title='bbox 1591 2783 1661 2805; x_wconf 86' lang='lat' dir='ltr'>esse</span> <span class='ocrx_word' id='word_1_548' title='bbox 1679 2782 1734 2805; x_wconf 80' lang='lat' dir='ltr'>eos</span> 
     </span>
     <span class='ocr_line' id='line_1_49' title="bbox 263 2823 1735 2873; baseline 0.005 -20"><span class='ocrx_word' id='word_1_549' title='bbox 263 2823 374 2855; x_wconf 85' lang='lat' dir='ltr'>bestiis</span> <span class='ocrx_word' id='word_1_550' title='bbox 398 2826 550 2858; x_wconf 75' lang='lat' dir='ltr'>meliores.</span> <span class='ocrx_word' id='word_1_551' title='bbox 577 2828 661 2869; x_wconf 84' lang='lat' dir='ltr'>quod</span> <span class='ocrx_word' id='word_1_552' title='bbox 685 2830 710 2860; x_wconf 85' lang='lat' dir='ltr'>si</span> <span class='ocrx_word' id='word_1_553' title='bbox 735 2841 751 2860; x_wconf 82' lang='lat' dir='ltr'>a</span> <span class='ocrx_word' id='word_1_554' title='bbox 776 2831 888 2861; x_wconf 73' lang='lat' dir='ltr'>ceteris</span> <span class='ocrx_word' id='word_1_555' title='bbox 903 2831 1023 2862; x_wconf 70' lang='lat' dir='ltr'>Graeeis</span> <span class='ocrx_word' id='word_1_556' title='bbox 1040 2832 1236 2873; x_wconf 79' lang='lat' dir='ltr'>barbarisque</span> <span class='ocrx_word' id='word_1_557' title='bbox 1253 2831 1393 2873; x_wconf 77' lang='lat' dir='ltr'>plurimis</span> <span class='ocrx_word' id='word_1_558' title='bbox 1409 2833 1658 2869; x_wconf 76' lang='lat' dir='ltr'>corrumpantur.</span> <span class='ocrx_word' id='word_1_559' title='bbox 1674 2836 1735 2857; x_wconf 79' lang='lat' dir='ltr'>nec</span> 
     </span>
     <span class='ocr_line' id='line_1_50' title="bbox 257 2879 1735 2928; baseline 0.003 -20"><span class='ocrx_word' id='word_1_560' title='bbox 257 2879 378 2918; x_wconf 83' lang='lat' dir='ltr'>possint</span> <span class='ocrx_word' id='word_1_561' title='bbox 393 2890 425 2911; x_wconf 84' lang='lat' dir='ltr'>se</span> <span class='ocrx_word' id='word_1_562' title='bbox 441 2882 612 2918; x_wconf 81' lang='lat' dir='ltr'>continere,</span> <span class='ocrx_word' id='word_1_563' title='bbox 630 2893 699 2913; x_wconf 75' lang='lat' dir='ltr'>cuni</span> <span class='ocrx_word' id='word_1_564' title='bbox 717 2884 844 2915; x_wconf 72' lang='lat' dir='ltr'>videant</span> <span class='ocrx_word' id='word_1_565' title='bbox 858 2885 1050 2928; x_wconf 78' lang='lat' dir='ltr'>audiantque</span> <span class='ocrx_word' id='word_1_566' title='bbox 1065 2886 1270 2921; x_wconf 77' lang='lat' dir='ltr'>inordinatam</span> <span class='ocrx_word' id='word_1_567' title='bbox 1285 2883 1368 2926; x_wconf 77' lang='lat' dir='ltr'>apud</span> <span class='ocrx_word' id='word_1_568' title='bbox 1385 2893 1438 2914; x_wconf 84' lang='lat' dir='ltr'>eos</span> <span class='ocrx_word' id='word_1_569' title='bbox 1464 2880 1624 2913; x_wconf 76' lang='lat' dir='ltr'>Venerem</span> <span class='ocrx_word' id='word_1_570' title='bbox 1636 2881 1735 2923; x_wconf 82' lang='lat' dir='ltr'>pluri·</span> 
     </span>
    </p>
   </div>
  </div>
 </body>
</html>
