1840 3225
154 203 250 253 861]
614 202 688 240 DE
718 201 949 239 LEGIBUS
981 202 1077 240 LIB.
1110 203 1182 241 IX.
1539 205 1614 243 397

153 306 258 337 omnia
273 307 338 337 haec
353 307 488 337 honesta
503 306 695 348 pulchraque
710 305 773 336 sint
787 316 796 344 ;
817 303 864 335 ita
888 310 922 335 ut
938 306 963 336 si
980 306 1050 346 quis
1060 305 1164 347 justos
1177 306 1329 342 homines,
1346 307 1469 338 etiamsi
1485 318 1614 350 corpore

153 361 307 392 deformes
335 361 409 396 sint,
435 360 609 392 secundum
636 360 738 400 ipsum
760 358 892 400 justitiae
920 360 1058 390 habiturn
1084 361 1308 402 pulcherrimos
1323 368 1451 403 asserat,
1467 372 1560 393 nemo
1574 363 1615 393 sit

148 415 306 457 judicium
334 415 417 445 illius
445 414 677 456 reprobaturus.
722 413 796 445 CLr.
821 412 925 444 Nemo
948 414 1023 451 fere,
1049 415 1101 456 qui
1117 415 1162 445 ita
1179 416 1331 456 loquatur,
1350 426 1514 458 perperam
1528 417 1616 458 loqui

152 469 318 500 videbitur.
362 469 497 500 Amen.
521 468 623 499 Recte
637 467 745 509 igitur.
789 467 867 499 Cu.
889 467 993 500 Forte.
1039 469 1179 500 Arnen.
1202 469 1266 500 Sed
1296 469 1471 507 videamus,
1499 481 1568 512 age,
1592 471 1621 502 si

155 524 271 560 omnia,
287 533 359 564 quae
384 522 464 563 juste
487 522 575 557 fiunt,
602 522 734 553 honesta
760 521 954 563 pulchraque
977 528 1060 555 sunt.
1084 522 1224 554 omnium
1247 533 1320 554 vero
1346 524 1507 565 passiones
1528 525 1620 557 nobis

152 583 227 609 sunt
240 578 337 609 ferme
352 576 526 608 actionibus
541 575 671 607 similes.
714 576 790 607 CLr.
815 576 901 614 Quid
925 577 984 607 hoc
1001 577 1013 606 2
1059 575 1198 607 ΑΊἪΕΝ.
1219 576 1316 608 Actio
1334 577 1454 619 utique,
1469 589 1617 620 quaecun-

153 642 214 674 que
223 632 308 674 justa
321 637 382 670 est,
396 635 551 672 quatenus
562 629 708 671 justitiae‚
724 635 856 661 eatenus
869 636 902 661 et
916 631 1041 661 honesti
1059 637 1108 662 est
1123 631 1290 673 particeps.
1336 632 1414 663 CLr.
1437 633 1502 664 Cur
1527 635 1616 665 non?

155 687 291 717 Amen.
313 685 420 722 Quare
444 685 549 726 passio
575 694 699 726 quoque
720 684 820 726 justa,
835 685 861 714 si
879 695 967 726 aeque
982 685 1105 716 honesti
1118 691 1211 727 atque
1230 685 1364 727 justitiae
1379 687 1539 729 particeps
1550 700 1617 720 esse

154 740 286 780 dicatur,
310 739 407 781 [860]
429 739 515 770 haud
536 739 660 770 dissona
686 739 777 770 nobis
792 739 851 770 erit
865 739 979 771 oratio.
1024 740 1205 771 CL1.·Vera
1230 741 1380 782 loqueris.
1424 740 1564 774 Arum«.
1586 743 1620 774 Si

154 798 260 825 autem
271 793 449 835 passionem
464 794 600 835 aliquam
620 794 735 836 justam
751 793 878 835 quidem
893 804 961 825 esse
979 794 1211 836 affirmabimus,
1226 795 1391 826 honestam
1405 806 1479 827 vero
1492 797 1620 838 negabi-

156 858 237 885 mus,
257 848 379 889 justum
391 853 424 879 et
437 849 600 879 honesturn
612 848 695 879 inter
707 859 740 879 se
756 848 972 879 dissonabunt.
990 847 1079 889 justa
1094 849 1179 879 enim
1192 849 1374 890 turpissima
1388 860 1455 881 esse
1469 850 1621 883 dicentur.

155 902 232 935 Cu.
255 902 422 940 Quomodo
434 903 467 933 id
484 902 615 934 dixisti?
660 902 801 934 Arnen.
825 902 914 933 Nihil
933 902 1058 934 difficile
1081 903 1219 944 cognitu.
1236 903 1322 945 leges
1338 904 1434 946 enim,
1449 914 1519 946 quae
1535 906 1620 947 prius

152 956 242 988 nobis
267 957 379 998 positae
402 962 485 993 sunt,
513 957 668 988 contraria
694 957 823 999 penitus
838 957 1009 998 praecipere
1025 957 1074 987 his
1088 957 1191 988 verbis
1205 957 1402 988 videbuntur.
1448 959 1524 990 CLr.
1548 960 1620 997 Quo

154 1012 272 1053 pacto?
316 1010 455 1042 Amen.
477 1011 669 1053 Sacrilegum
691 1012 898 1042 censebamus
921 1012 1004 1053 juste
1032 1011 1233 1042 moriturum:
1259 1012 1365 1053 legum
1393 1022 1517 1055 quoque
1540 1014 1621 1045 bene

154 1065 327 1106 positarum
353 1066 478 1096 hostem
501 1065 650 1096 similiter.
671 1076 806 1107 cumque
836 1066 950 1096 multas
980 1065 1160 1107 hujusmodi
1190 1066 1277 1107 leges
1302 1066 1446 1107 scripturi
1473 1078 1624 1106 essemus,

153 1119 337 1150 retraximus
364 1130 433 1156 nos,
463 1119 699 1151 considerantes
724 1121 779 1151 has
803 1121 964 1162 passiones
990 1126 1055 1151 tam
1081 1120 1282 1152 multitudine
1298 1132 1390 1163 quarn
1405 1122 1622 1163 magnitudine

156 1174 296 1207 infinitas
326 1184 415 1206 esse:
435 1174 624 1216 justissimas
653 1174 782 1216 quidem
806 1175 945 1206 omniurn
973 1175 1167 1216 passionum,
1190 1175 1247 1206 sed
1276 1175 1469 1217 turpissimas
1496 1187 1622 1218 quoque

157 1229 305 1260 omnium.
327 1239 433 1260 nonne
456 1229 501 1259 sic
528 1229 658 1260 honesta
681 1229 828 1271 justaque
859 1229 952 1259 modo
983 1229 1071 1270 quasi
1094 1229 1218 1266 eadem,
1245 1229 1339 1260 modo
1354 1230 1442 1271 quasi
1457 1232 1623 1268 contraria,

156 1283 368 1314 videbuntur?
415 1282 491 1314 Cm.
514 1282 564 1313 Ita
578 1282 715 1313 videtur.
743 1283 882 1314 Aruns.
898 1283 994 1313 Multi
1007 1284 1102 1325 igitur
1115 1284 1240 1314 dissone
1254 1285 1298 1315 sic
1314 1285 1446 1315 honesta
1459 1284 1623 1327 justaque,

157 1339 245 1380 quasi
261 1337 484 1379 discrepantia,
500 1343 697 1378 nuncupant.
746 1335 824 1368 C1.1.
846 1337 897 1368 Ita
914 1348 1037 1378 prorsus
1051 1343 1192 1379 apparet.
1235 1337 1373 1370 Arum.
1397 1339 1460 1369 Sed
1476 1338 1508 1370 id
1524 1350 1628 1371 rursus

156 1392 332 1428 videamus,
351 1402 370 1422 o
386 1391 501 1427 Clinia,
517 1391 672 1432 quomodo
686 1402 744 1422 nos
769 1391 809 1422 de
830 1392 879 1422 his
904 1392 1131 1423 consentimus.
1177 1392 1254 1424 Cu.
1278 1391 1383 1429 Quem
1397 1393 1478 1423 dicis
1493 1404 1626 1425 consen-

155 1456 225 1477 sum
241 1446 252 1476 ?
300 1446 437 1477 Arnen.
460 1446 497 1476 In
513 1445 726 1486 superioribus
739 1445 906 1476 manifeste
921 1446 998 1476 mihi
1014 1444 1133 1476 dictum
1148 1445 1290 1477 arbitror.
1327 1445 1411 1491 C1.1.¹
1428 1446 1501 1484 Quo
1514 1448 1627 1489 pacto?

158 1500 298 1532 Arum.
321 1500 413 1537 Quod
447 1501 472 1531 si
491 1510 587 1541 supra
608 1499 729 1530 dictum
745 1510 807 1530 non
824 1506 885 1539 est,
901 1510 986 1531 nunc
1001 1501 1114 1531 saltem
1129 1510 1179 1530 1118
1196 1500 1300 1531 dicere
1315 1500 1504 1533 existimate.
1551 1501 1630 1533 CL1.

157 1554 344 1593 Quidnam?
389 1554 529 1585 ATHEN.
552 1554 659 1585 Malos
684 1564 793 1584 omnes
823 1554 951 1585 omnino
969 1564 1035 1584 non
1064 1559 1177 1595 sponte
1200 1555 1302 1585 malos
1328 1565 1408 1586 esse.
1431 1555 1518 1597 quod
1544 1557 1570 1587 si
1584 1557 1630 1588 ita

158 1615 219 1651 est,
232 1610 311 1640 illud
327 1619 454 1650 quoque
470 1608 561 1649 sequi
573 1619 703 1639 necesse
719 1616 776 1639 est.
821 1607 898 1639 CLI.
922 1608 1008 1646 Quid
1026 1608 1037 1637 ?
1084 1607 1223 1639 Arum.
1246 1607 1401 1651 Injustum
1415 1620 1484 1641 esse
1497 1611 1630 1652 malum,

161 1670 192 1694 et
220 1664 336 1694 malum
351 1674 415 1694 non
442 1668 554 1703 sponte
570 1662 749 1704 hujusmodi
765 1673 845 1698 esse,
859 1673 921 1693 non
937 1668 1049 1704 sponte
1064 1673 1139 1693 vero
1154 1663 1231 1699 fieri,
1246 1663 1332 1705 quod
1346 1665 1554 1695 voluntarium
1571 1671 1630 1704 est,

160 1719 248 1749 nulla
263 1728 399 1760 unquam
427 1718 546 1748 ratione
572 1723 686 1758 potest.
709 1718 764 1760 qui
788 1717 885 1759 igitur
911 1717 1094 1759 injustitiam
1122 1717 1367 1749 involuntariam
1390 1724 1493 1760 putat,
1515 1719 1630 1762 injuste

161 1777 309 1814 agentem
333 1772 494 1803 hominem
518 1771 637 1813 injuste
663 1782 755 1813 agere
780 1782 845 1802 non
872 1777 985 1813 sponte
1009 1772 1142 1813 putabit.
1165 1772 1242 1803 mihi
1257 1783 1381 1815 quoque
1396 1783 1521 1805 mecum
1538 1774 1630 1806 modo

162 1826 415 1859 conveniendum
451 1832 510 1863 est,
549 1837 619 1857 cum
651 1836 761 1857 omnes
786 1837 849 1857 non
879 1833 994 1868 sponte
1025 1826 1167 1868 injuriari
1196 1827 1296 1858 fatear
1313 1839 1319 1857 :
1359 1829 1503 1869 quamvis
1530 1830 1631 1870 possit

162 1882 320 1925 quispiam
335 1881 515 1912 ambitionis
531 1881 781 1912 contentionisve
798 1891 892 1912 causa
908 1882 984 1911 illud
1002 1881 1091 1912 nobis
1107 1881 1257 1923 objicere,
1275 1881 1407 1923 injustos
1422 1882 1550 1923 quidem
1566 1893 1631 1914 non

161 1943 273 1979 sponte
294 1936 431 1978 injustos
455 1946 536 1972 esse,
563 1936 681 1966 multos
695 1941 800 1966 tamen
815 1936 940 1966 illorum
957 1942 1067 1976 sponte
1082 1935 1234 1977 injuriari.
1256 1946 1328 1967 mea
1341 1937 1459 1978 quippe
1476 1938 1633 1969 sententia

162 2002 227 2022 non
242 1992 320 2027 haec,
336 1990 391 2021 sed
405 1991 463 2021 illa
477 1995 534 2021 est.
557 1989 716 2031 quomodo
731 2000 804 2031 ergo
821 1990 919 2020 verbis
935 1990 1011 2020 meis
1025 1991 1095 2031 ipse
1111 1989 1308 2026 conveniam,
1320 1991 1346 2021 si
1359 2001 1406 2021 me
1421 1991 1477 2028 ita,
1494 2002 1512 2022 ο
1527 1992 1633 2023 Clinia

163 2051 195 2077 et
210 2045 357 2087 Megille,
373 2044 604 2085 interrogabitis
618 2056 625 2074 ι
650 2044 682 2074 Si
697 2044 741 2074 ita
757 2045 824 2075 haec
841 2054 873 2075 se
887 2044 1017 2083 habent,
1032 2045 1156 2086 hospes,
1172 2044 1250 2086 quid
1266 2045 1356 2076 nobis
1370 2045 1410 2075 de
1426 2045 1631 2087 Magnesien-

163 2100 245 2130 sium
260 2099 384 2130 civitate
400 2099 538 2130 consulis
554 2099 564 2129 ?
589 2098 704 2129 darene
721 2099 809 2140 leges
824 2099 912 2140 ipsiS,
929 2109 969 2129 an
983 2100 1071 2130 non?
1094 2099 1163 2140 Ego
1178 2110 1252 2130 vero
1267 2099 1341 2130 dare
1357 2100 1445 2141 leges
1459 2101 1631 2132 consulam.

163 2154 242 2184 Turn
262 2164 315 2185 vos
331 2154 376 2184 ita
390 2165 397 2184 t
423 2153 598 2195 distingues
610 2152 708 2195 igitur
720 2153 806 2194 ipsis,
823 2158 937 2195 sponte
952 2158 1046 2194 atque
1066 2153 1145 2184 item
1160 2164 1222 2184 non
1237 2159 1349 2195 sponte
1364 2154 1462 2185 factas
1478 2154 1609 2197 injurias
1624 2168 1630 2186 :

163 2214 197 2240 et
213 2209 335 2239 illarum
362 2207 504 2249 majores,
530 2209 640 2239 harum
665 2218 739 2239 vero
764 2209 898 2239 minores
926 2209 1060 2239 mulctas
1086 2208 1290 2240 conscribes?
1317 2208 1414 2251 [861]
1440 2220 1479 2240 an
1492 2210 1632 2241 omnium

165 2273 266 2304 pares,
290 2273 362 2293 cum
376 2263 472 2293 nullae
487 2262 612 2303 penitus
628 2262 749 2303 injuriae
765 2268 875 2304 sponte
892 2263 969 2293 fiant
985 2263 996 2292 ?
1043 2262 1122 2295 (ἴω.
1146 2262 1248 2294 Recte
1265 2268 1308 2299 tu,
1333 2263 1457 2304 hospes.
1481 2264 1537 2294 sed
1554 2264 1634 2301 istis,

166 2326 237 2357 quae
260 2318 355 2348 modo
380 2316 465 2348 dicta
489 2324 570 2353 sunt,
599 2317 640 2348 ad
669 2317 746 2359 quid
776 2318 923 2348 utemur?
969 2317 1109 2348 Armis.
1140 2318 1241 2348 Probe
1272 2317 1480 2358 interrogasti.
1509 2324 1634 2349 utemur

166 2371 249 2401 euim
277 2371 310 2401 in
339 2371 448 2412 primis
477 2371 517 2401 ad
544 2371 635 2403 illud.
681 2371 759 2403 CLJ.
793 2372 844 2402 Ad
874 2372 1027 2413 quidnam
1044 2372 1056 2403 ?
1101 2372 1238 2402 Arnen.
1263 2371 1419 2402 Memoria
1448 2378 1634 2412 repetamus,

167 2425 264 2467 probe
279 2425 312 2455 in
326 2425 538 2466 superioribus
561 2436 622 2456 nos
642 2425 774 2457 dixisse:
799 2426 928 2457 multam
958 2433 1165 2467 magnamque
1190 2425 1229 2456 de
1256 2435 1289 2456 re
1310 2425 1396 2466 justa
1423 2426 1632 2457 turbationem

171 2480 253 2511 inter
282 2489 340 2509 nos
367 2489 438 2509 esse
463 2484 558 2520 atque
587 2479 829 2512 dissensionem.
865 2480 951 2522 quod
981 2486 1176 2511 resumentes
1199 2490 1257 2510 nos
1292 2479 1379 2520 ipsos
1395 2480 1632 2522 interrogemus,

167 2535 333 2569 deceatne,
361 2543 434 2564 cum
460 2531 670 2563 differentiam
696 2533 827 2565 istorum
854 2545 1050 2576 nequaquam
1072 2534 1346 2571 declaraverimus,
1360 2544 1429 2575 quae
1446 2534 1476 2564 in
1492 2534 1634 2576 qualibet

170 2589 297 2621 civitate
314 2589 352 2618 ab
368 2587 510 2618 omnibus
527 2587 639 2627 priscis
665 2588 922 2629 legumlatoribus
951 2589 1039 2629 quasi
1070 2587 1140 2618 duae
1162 2587 1344 2629 iujuriarum
1375 2588 1497 2629 species
1522 2589 1633 2630 posita:

168 2647 252 2679 sunt,
266 2647 378 2683 sponte
394 2641 514 2672 scilicet
528 2647 562 2671 et
574 2651 637 2671 non
654 2648 765 2682 sponte
781 2642 885 2678 saeue,
897 2648 991 2684 atque
1006 2642 1052 2672 ita
1068 2642 1149 2672 varie
1161 2642 1345 2683 puniuntur,
1358 2642 1540 2683 opinionem
1551 2643 1633 2673 hanc

167 2702 317 2733 nostram,
333 2695 423 2736 quasi
439 2694 590 2725 divinitus
603 2694 689 2725 dicta
704 2696 757 2735 sit,
773 2696 807 2726 in
824 2697 959 2727 medium
976 2697 1123 2727 inducere
1140 2707 1146 2725 :
1171 2706 1229 2727 nec
1245 2706 1314 2726 eam
1331 2696 1394 2726 ulla
1408 2696 1540 2732 ratione,
1555 2707 1634 2738 quo-

169 2751 264 2782 modo
284 2756 370 2781 recte
397 2760 430 2780 se
460 2749 586 2785 huben,
613 2749 793 2780 confirmare
807 2750 819 2780 ?
865 2750 1001 2782 Minime
1016 2760 1090 2781 vero
1106 2751 1151 2782 sic
1167 2751 1260 2781 decet
1275 2762 1281 2779 ε
1304 2761 1410 2781 verum
1426 2760 1558 2781 necesse
1573 2755 1633 2785 est,

170 2810 339 2846 antequam
365 2804 452 2845 leges
479 2814 642 2845 ponamus,
667 2803 931 2845 quemadmodum
958 2805 1025 2835 haec
1053 2805 1115 2835 duo
1146 2804 1209 2835 siut
1239 2810 1271 2835 et
1299 2815 1394 2846 quam
1423 2803 1631 2834 differentiam

171 2858 318 2895 habeant,
329 2858 504 2900 siguificare
523 2869 529 2887 ε
556 2864 601 2895 ut,
616 2857 741 2900 quando
753 2859 940 2899 supplicium
959 2859 1082 2900 utrique
1097 2859 1298 2900 imponimus,
1314 2859 1447 2901 quisque
1466 2858 1633 2898 intelligat,

176 2911 496 2954 iudicarequevaleat
508 2912 753 2955 quodammodo,
767 2913 1031 2946 convenienter-ne
1045 2923 1084 2944 an
1099 2918 1208 2944 contra
1221 2913 1399 2955 impositum
1409 2912 1509 2944 suerit.
1557 2911 1636 2942 Crr.
