1840 3225
230 220 327 271 415]
748 214 1151 256 DEF1N1T10NES.
1617 212 1690 249 531

231 322 372 363 seipsum
400 321 540 364 eligitur,
568 321 666 364 [415]
695 327 728 352 et
756 321 933 353 secundum
961 325 1100 350 mentem
1125 319 1295 360 perficitur.
1353 317 1501 348 Liberum
1532 321 1581 346 ent
1609 315 1691 356 quod

229 376 353 417 sibiipsi
367 377 512 418 imperat.
556 376 771 411 Moderatum,
786 380 833 404 est
849 374 989 403 medium
1006 373 1088 403 inter
1104 382 1266 403 excessum
1292 377 1326 402 et
1349 372 1518 406 defectum,
1547 376 1578 400 et
1606 368 1691 410 quod

228 430 405 460 seeundum
419 435 519 461 artem
536 429 660 460 sufficit.
683 429 801 459 Modus
817 434 867 458 est
882 427 1017 457 medium
1035 436 1177 457 excessus
1194 432 1227 456 et
1241 426 1395 456 defectus.
1441 425 1610 456 Praemium
1622 431 1689 453 cer-

231 484 370 520 terminis,
379 489 429 514 est
442 483 566 514 virtutis
589 493 713 518 munus,
729 482 813 523 quod
829 480 978 521 suiipsius
990 489 1085 510 causa
1099 479 1237 520 eligitur.
1260 478 1479 509 Immortalitas
1494 483 1543 507 est
1556 476 1695 507 essentia

230 537 380 574 animata,
396 542 430 568 et
443 537 563 568 mansio
579 536 780 578 sempiterna.
825 535 976 565 Sanctum
991 538 1040 563 est
1054 533 1160 563 cultus
1185 532 1258 568 Dei,
1283 532 1411 572 placens
1435 531 1519 561 Deo.
1563 530 1692 560 Festum

231 596 284 621 est
296 595 423 632 tempus
437 600 560 622 sacrum
575 590 750 621 secundum
771 590 871 629 leges.
916 587 1022 618 Homo
1035 591 1085 616 est
1108 585 1225 616 animal
1241 585 1309 615 sine
1330 585 1455 626 pennis,
1482 583 1587 624 bipes,
1612 584 1693 613 latos

233 654 354 685 ungues
381 644 517 675 habens:
542 643 625 686 quod
647 643 746 674 solum
770 653 809 673 ex
830 641 879 672 his
902 651 972 683 quae
991 646 1064 670 sunt
1087 639 1252 670 scientiam
1272 649 1328 680 per
1352 647 1512 669 semones
1535 636 1692 677 suscipere

233 703 350 738 potest.
393 698 589 729 Sacrificium
603 703 651 728 est
666 697 784 727 donum
798 696 933 727 victimae
958 693 1038 724 Deo.
1085 693 1230 724 Precatio
1255 699 1304 723 est
1320 692 1432 733 petitio
1456 692 1620 726 bonorum,
1641 695 1696 720 aut

235 761 306 791 quae
318 751 400 782 bona
413 751 560 782 videntur
572 750 752 782 hominibus
766 761 785 781 a
797 749 868 781 diis.
916 747 985 778 Rex
1001 752 1052 778 est
1064 747 1213 788 princeps
1224 747 1400 778 secundum
1414 746 1514 786 leges,
1530 754 1626 785 quem
1641 753 1697 773 ne·-

235 814 288 835 mo
301 814 449 836 accusare
462 810 567 847 potest
580 817 586 835 :
612 805 715 836 civilis
729 803 963 835 constitutionis
975 801 1134 842 princeps.
1151 801 1352 841 Principatus
1367 806 1417 830 est
1427 809 1501 830 cura
1518 799 1625 829 totius.
1636 797 1696 828 Po-

233 862 333 889 testas
348 864 394 890 est
408 860 508 890 tutela
524 859 614 900 legis.
659 858 836 898 Legislator
851 862 899 887 est
913 856 1057 887 conditor
1077 855 1195 895 legum,
1222 855 1396 885 secundum
1410 863 1488 895 quas
1516 853 1550 883 in
1573 851 1699 893 republ.

236 911 340 943 vivere
361 918 498 954 oportet.
542 913 609 943 Lex
625 918 674 943 est
690 912 852 943 decretum
866 909 1076 940 multitudinis
1092 908 1197 944 civile,
1212 918 1275 939 non
1291 908 1332 938 ad
1356 906 1485 948 aliquod
1503 906 1696 937 destinatum

235 971 372 1006 tempus.
415 966 645 1007 Argumentum
657 970 705 996 est
719 965 912 1006 principium
938 963 1017 994 citra
1041 962 1363 993 demonstrationem:
1387 970 1508 991 summa
1536 959 1700 990 sermonis.

234 1018 459 1060 Suffragiorum
472 1020 630 1050 sententia
645 1025 693 1050 est
707 1019 870 1050 decretum
884 1017 978 1048 civile
1002 1017 1041 1047 ad
1056 1016 1218 1046 definitum
1233 1015 1392 1056 quoddam
1404 1020 1542 1055 tempus.
1589 1012 1702 1045 Civilis

236 1072 284 1103 vir
297 1072 417 1114 estqui
432 1083 545 1114 gnarus
558 1077 606 1103 est
621 1073 723 1104 civilis
749 1071 981 1104 constitutionis
1006 1075 1040 1101 et
1063 1070 1199 1111 reipubl.
1222 1069 1466 1100 constituendae.
1512 1067 1631 1099 Civitas
1653 1072 1706 1097 est

237 1125 390 1157 habitatio
400 1126 613 1157 multitudinis
627 1127 788 1158 hominum
809 1125 1028 1157 communibus
1044 1124 1180 1154 decretis
1204 1124 1380 1155 utentium:
1407 1122 1575 1153 multitudo
1602 1121 1704 1152 homi-

239 1190 314 1210 num
330 1180 383 1220 qui
399 1180 456 1211 sub
469 1181 583 1211 eadem
598 1181 669 1222 lege
686 1186 768 1212 sunt.
813 1179 960 1211 Civitatis
976 1179 1074 1208 virtus
1088 1183 1138 1209 est
1158 1178 1342 1209 constitutio
1359 1182 1451 1208 rectae
1473 1176 1598 1216 reipub.
1643 1174 1705 1206 An

237 1233 384 1265 militaris
397 1239 445 1265 est
455 1234 569 1275 peritia
583 1234 672 1265 belli.
714 1234 880 1265 Auxilium
906 1232 1043 1263 militare
1059 1237 1108 1262 est
1124 1232 1258 1262 societas
1273 1231 1360 1262 belli.
1405 1231 1497 1261 Salus
1512 1235 1560 1261 est
1574 1229 1704 1270 adeptio

235 1287 306 1318 sine
321 1288 462 1319 laesione.
504 1287 670 1330 Tyrannus
686 1292 736 1319 est
748 1288 896 1329 princeps
910 1286 1050 1317 civitatis
1066 1286 1240 1317 secundum
1265 1295 1350 1316 suam
1377 1285 1476 1326 ipsius
1499 1283 1702 1314 sententiam.

236 1340 384 1381 Sophiste
399 1346 448 1372 est
458 1342 611 1383 juvenum
627 1341 760 1372 divitum
775 1341 946 1372 illustrium
966 1340 1179 1371 mercenarius
1194 1346 1334 1370 venator.
1379 1339 1511 1369 Divitiae
1535 1343 1608 1368 sunt
1631 1347 1703 1378 pos-

239 1394 339 1425 sessio
350 1404 488 1436 congrua
498 1397 537 1426 ad
554 1395 737 1427 felicitatem
753 1407 760 1425 t
778 1395 871 1436 copia
884 1404 983 1436 opum
998 1392 1039 1423 ad
1055 1394 1241 1425 felicitatem
1255 1393 1467 1424 tendentium.
1512 1391 1707 1433 Depositum

238 1452 290 1478 est
304 1447 420 1479 donum
437 1460 506 1480 cum
523 1449 596 1479 fide.
641 1448 791 1489 Purgatio
807 1454 858 1479 est
874 1447 1010 1479 secretio
1031 1448 1219 1478 deteriorum
1234 1457 1252 1478 a
1265 1447 1460 1478 melioribus.
1507 1446 1645 1477 Vincere
1660 1451 1708 1475 est

238 1502 273 1531 in
288 1503 489 1533 contentione
503 1503 696 1544 superiorem
720 1503 865 1533 evadere.
908 1502 1021 1532 Bonus
1036 1500 1144 1543 homo,
1160 1507 1209 1531 est
1221 1501 1295 1531 talis
1311 1500 1366 1542 qui
1380 1500 1499 1531 homini
1514 1500 1598 1530 bona
1612 1498 1705 1540 perfi-

238 1565 315 1585 cere
331 1560 448 1596 potest.
493 1555 661 1586 Modestus
676 1560 725 1586 est
739 1555 793 1596 qui
805 1556 983 1586 moderatas
995 1554 1187 1596 cupiditates
1200 1555 1307 1585 habet.
1330 1553 1507 1585 Continens
1516 1558 1567 1584 est
1579 1553 1634 1594 qui
1656 1563 1707 1583 re—

239 1609 398 1639 luctantes
411 1609 525 1639 rationi
538 1614 632 1640 rectae
649 1615 752 1650 partes
767 1609 878 1639 animae
902 1613 1041 1649 superat.
1091 1608 1220 1649 Integer
1236 1613 1284 1638 est
1300 1607 1352 1649 qui
1368 1607 1509 1648 perfecte
1523 1607 1626 1637 bonus
1641 1612 1688 1636 est
1702 1618 1708 1635 :

241 1663 297 1704 qui
320 1672 406 1693 suam
427 1663 579 1693 virtutem
591 1662 696 1694 habet.
728 1663 901 1694 Meditatio
916 1668 965 1693 est
980 1662 1130 1703 cogitatio
1142 1672 1214 1692 cum
1225 1661 1343 1697 dolore,
1355 1661 1473 1701 absque
1485 1660 1618 1691 ratione.
1648 1659 1710 1690 Di-

242 1716 353 1748 scendi
367 1716 546 1753 difficultas,
569 1717 674 1747 estad
699 1715 885 1748 discendum
901 1716 1041 1747 tarditas.
1087 1715 1273 1747 Dominium
1298 1722 1345 1746 est
1373 1714 1570 1756 principatus
1591 1713 1711 1755 justus.

243 1781 340 1811 quem
359 1781 452 1801 nemo
475 1781 622 1802 accusare
640 1777 754 1812 potest.
798 1770 962 1802 Alienatio
991 1781 1010 1800 a
1039 1769 1254 1811 philosophia,
1285 1774 1335 1800 est
1363 1768 1501 1804 habitus,
1529 1778 1624 1809 quem
1654 1768 1709 1808 qui

244 1824 350 1861 habet,
367 1824 554 1855 eruditionis
575 1830 607 1855 et
631 1824 782 1856 doctrinae
803 1835 873 1855 osor
900 1830 960 1855 est.
1003 1824 1112 1855 Timor
1135 1829 1184 1854 est
1207 1822 1406 1854 conservatio
1430 1823 1543 1852 animm
1568 1822 1608 1852 ob
1632 1821 1710 1851 mali

242 1879 508 1920 expectationem.
569 1878 680 1909 Animi
716 1878 887 1910 concitatio
921 1884 971 1908 est
999 1877 1138 1919 impetus
1165 1877 1324 1908 violentus
1359 1877 1472 1906 animae
1507 1875 1711 1910 irrationalis,

243 1932 362 1973 absque
374 1931 495 1962 ratione
526 1937 559 1962 et
574 1931 683 1962 ordine
696 1933 823 1964 mentis.
848 1932 1072 1964 Consternatio
1088 1938 1139 1962 est
1163 1931 1256 1962 timor
1282 1931 1321 1961 ob
1344 1930 1420 1960 mali
1441 1928 1710 1971 expectationem.

246 1985 398 2016 Adulatio
413 1991 462 2017 est
489 1986 685 2016 conversatio
710 1986 748 2016 ad
766 1987 971 2027 voluptatem.
997 1986 1112 2027 absque
1135 1995 1174 2016 eo
1195 1985 1282 2026 quod
1308 1984 1463 2025 optimum
1488 1989 1561 2014 est:
1586 1983 1710 2013 habitus

244 2040 450 2071 conversandi
481 2040 520 2070 ad
547 2039 752 2081 voluptatem,
781 2040 908 2070 modum
938 2039 1108 2070 excedens.
1169 2039 1222 2070 Ira
1249 2044 1297 2069 est
1323 2037 1505 2079 provocatio
1534 2035 1708 2067 iracundiae

245 2093 359 2124 animae
375 2094 474 2134 partis
489 2093 529 2124 ad
538 2093 721 2125 vindictam.
763 2094 965 2125 Contumelia
980 2098 1028 2124 est
1041 2093 1161 2134 injuria
1174 2093 1213 2123 ad
1228 2092 1431 2133 ignominiam
1448 2090 1594 2122 tendens.
1611 2090 1709 2132 [416]

245 2146 483 2177 lucontinentia
498 2152 546 2177 est
571 2147 697 2178 habitus
713 2157 842 2189 cogens,
868 2153 982 2188 praeter
1004 2153 1123 2177 rectam
1147 2147 1312 2181 rationem,
1338 2146 1378 2176 ad
1407 2155 1447 2176 ea
1474 2155 1544 2186 qnae
1567 2144 1712 2185 jucunda

245 2211 315 2230 esse
331 2201 490 2231 videntur.
537 2201 672 2241 pigritia
687 2207 735 2231 est
745 2202 819 2241 fuga
834 2201 989 2231 laborum.
1025 2200 1224 2242 Principium
1239 2206 1288 2230 est
1303 2199 1404 2240 prima
1421 2209 1515 2230 causa
1536 2204 1573 2229 ut
1587 2198 1709 2239 aliquid

244 2253 298 2285 sit.
342 2254 509 2284 Timiditas
524 2260 573 2285 est
588 2254 715 2285 affectio
730 2264 800 2296 quae
816 2254 955 2296 percipit
968 2255 1136 2295 impetum.
1179 2254 1350 2285 Calumnia
1374 2259 1423 2283 est
1439 2250 1608 2283 dissidium
1631 2252 1712 2282 ami·

247 2317 356 2338 corum
370 2318 427 2349 per
440 2318 628 2340 sermonem.
673 2308 810 2339 Occasio
827 2314 876 2339 est
890 2308 921 2338 in
938 2318 1001 2348 qua
1016 2308 1144 2349 quidvis
1168 2308 1320 2338 idoneum
1343 2311 1392 2336 est
1413 2311 1448 2336 ut
1472 2306 1622 2347 patiatur,
1651 2312 1706 2336 aut

247 2361 355 2392 faciat.
400 2361 563 2402 Injustitia
578 2367 627 2392 est
642 2362 768 2392 habitus
784 2367 992 2393 contemnens
1008 2362 1104 2403 legeS.
1150 2360 1333 2402 Indigentia
1347 2365 1396 2390 est
1409 2360 1589 2390 imminutio
1613 2361 1710 2390 bono-

247 2425 327 2446 rum.
374 2414 575 2446 Verecundia
589 2420 637 2445 est
651 2416 742 2446 timor
754 2417 794 2446 ob
807 2415 987 2457 ignominiae
1003 2415 1269 2456 expectationem.
1314 2413 1505 2454 Arrogantia
1519 2419 1568 2444 est
1582 2414 1710 2444 habitus

245 2468 302 2509 qui
319 2467 464 2499 vendicat
483 2474 515 2499 et
536 2473 673 2499 ostentat
686 2469 815 2505 bonum,
833 2474 887 2500 aut
903 2470 985 2500 bona
1005 2480 1075 2510 quae
1099 2479 1162 2500 non
1184 2469 1312 2499 adsunt.
1358 2468 1529 2500 Peccatum
1550 2473 1601 2498 est
1626 2468 1710 2498 actio

249 2528 362 2562 praeter
374 2528 493 2553 rectam
507 2523 672 2554 rationem.
718 2524 847 2554 Invidia
859 2529 908 2554 est
921 2523 1011 2554 dolor
1026 2523 1065 2553 ob
1080 2523 1163 2554 bona
1177 2522 1348 2553 amicorum
1373 2532 1445 2562 quae
1466 2527 1523 2552 aut
1548 2528 1633 2562 sunt,
1658 2527 1713 2551 aut

249 2575 421 2617 aliqnando
444 2576 660 2617 contigerunt.
705 2577 911 2619 Impudentia
935 2582 986 2608 est
1006 2577 1132 2607 habitus
1156 2577 1269 2607 animae
1292 2576 1346 2616 qui
1371 2575 1482 2606 suffert
1504 2575 1709 2616 ignominiam

249 2630 329 2660 lucri
343 2640 448 2662 causa.
491 2630 667 2662 Temeritas
678 2637 726 2662 est
740 2632 879 2662 audaciae
898 2641 1049 2662 excessus
1065 2630 1106 2661 ad
1118 2631 1260 2671 timores,
1275 2630 1327 2660 ubi
1342 2640 1406 2660 non
1417 2635 1466 2660 est
1477 2640 1567 2671 opus.
1601 2629 1708 2659 Ambi-

249 2684 294 2714 tio
309 2689 358 2714 est
372 2684 497 2714 habitus
512 2684 625 2714 animae
641 2685 695 2725 qui
709 2685 874 2726 profundit
886 2695 1010 2715 onmem
1027 2689 1187 2725 sumptum
1203 2684 1320 2725 absque
1347 2683 1480 2714 ratione.
1525 2683 1711 2722 Malignita-

249 2743 298 2768 est
310 2738 430 2769 malitia
445 2738 478 2768 in
492 2744 620 2768 natura:
647 2745 811 2779 peccatum
825 2739 865 2769 ab
884 2749 923 2769 eo
936 2739 1019 2779 quod
1037 2744 1086 2768 est
1107 2739 1283 2769 secundum
1309 2742 1472 2767 naturam:
1496 2736 1624 2766 morbus
1644 2735 1714 2776 ejus

250 2792 336 2832 quod
352 2797 401 2822 est
420 2792 589 2822 secundum
606 2797 758 2824 naturam.
804 2792 884 2833 Spes
906 2799 955 2822 est
969 2792 1149 2833 expectatio
1164 2791 1250 2824 boni.
1295 2791 1422 2821 Insania
1447 2795 1495 2819 est
1519 2788 1642 2818 habitus
1658 2788 1713 2829 qni

250 2846 422 2887 corrumpit
437 2856 542 2876 veram
559 2846 752 2887 opinionem.
777 2845 964 2886 Loquacitas
980 2851 1029 2875 est
1043 2845 1276 2876 incontinentia
1289 2844 1452 2877 sermonis,
1466 2852 1556 2872 exors
1573 2842 1712 2871 rationis.

253 2900 527 2930 Contrarietasest
540 2909 644 2930 eorum
662 2910 731 2941 quae
746 2900 801 2930 sub
819 2900 902 2930 idem
920 2910 1014 2940 genu<
1033 2899 1203 2929 secundum
1219 2897 1425 2929 differentiam
1441 2897 1576 2936 aliquam
1594 2896 1711 2925 cadunt
