1840 3225
176 215 271 264 643]
643 212 716 250 DE
756 207 987 248 LEGIBUS
1026 208 1123 247 LlB.
1157 209 1188 246 1.
1551 207 1631 246 295

177 323 258 349 tram
284 321 318 348 et
337 316 526 359 eloquentiae
549 315 722 346 studiosam
742 313 888 355 judicant
912 317 945 343 et
968 312 1149 343 verbosam:
1181 311 1440 344 Lacedaemonem
1456 321 1528 343 vero
1540 319 1635 352 atque

178 371 317 408 Cretam,
333 372 463 403 alteram
478 370 703 411 breviloquam,
718 369 850 399 alteram
863 367 1083 408 intelligentiae
1098 367 1199 408 magis
1215 378 1305 409 quam
1316 365 1495 397 verbositati
1503 364 1634 397 studen-

175 432 253 457 tem.
278 426 374 469 [642]
398 436 509 456 vereor
535 425 655 466 itaque,
679 433 720 454 ne
748 422 846 459 vobis,
864 431 1014 463 tanquam
1043 422 1202 457 verbosus,
1225 432 1321 463 parva
1333 421 1372 452 de
1388 431 1421 452 re
1438 420 1523 462 loqui
1538 419 1638 450 multa

176 481 297 518 videar,
314 481 390 512 dum
406 480 446 511 de
461 480 622 514 ebrietate,
632 488 665 508 re
678 477 806 519 quidem
820 486 927 518 parva,
940 477 1034 507 nimis
1045 477 1140 517 longa
1151 481 1220 507 utor
1231 477 1382 507 oratione.
1399 473 1639 516 compotationis

177 540 284 566 autem
295 535 393 576 ipsius
406 539 493 565 recta
506 531 681 564 secundum
694 537 838 562 naturam
853 531 1035 562 constitutio
1049 540 1209 571 nunquam
1222 530 1337 571 poterit
1349 530 1416 560 sine
1436 535 1523 560 recta
1541 528 1638 559 musi-

176 599 223 619 cae
232 590 342 630 reg-ula
350 593 459 630 aperte
470 594 503 618 et
513 587 704 618 sufficienter
711 587 850 617 oratione
859 585 987 616 tractari
999 597 1008 624 ·,
1020 595 1080 616 nec
1092 585 1212 616 musica
1221 585 1288 615 sine
1299 585 1444 615 universa
1459 583 1640 624 disciplina.

178 653 247 684 quae
273 643 376 674 omnia
391 642 533 683 profecto
546 642 653 671 multis
667 640 812 680 indigent
826 639 940 670 verbis.
962 639 1068 670 videte
1078 639 1184 680 igitur,
1198 638 1274 680 quid
1290 638 1445 680 agendum
1456 639 1508 668 sit.
1524 649 1575 674 an,
1590 637 1640 667 his

176 698 209 728 in
225 697 392 738 praesentia
404 694 633 737 praetermissis
649 694 691 725 ad
706 695 801 724 aliam
812 694 973 735 quandam
985 695 1091 735 legum
1105 694 1311 735 quaestionem
1320 694 1387 736 jam
1395 691 1641 724 transeundum?

178 751 277 782 Mac.
298 751 430 791 Ignoras
455 750 571 786 forsan,
592 749 801 780 Atheniensis
820 749 946 789 hospes,
969 748 1098 778 domum
1121 752 1259 777 nostram
1285 757 1479 778 communem
1504 746 1641 777 civitatis

174 810 286 836 vestrae
314 805 469 845 hospitem
495 804 581 835 esse?
597 811 690 844 atque
712 803 795 834 sorte
818 802 962 833 omnibus
986 802 1079 832 etiam
1104 802 1209 842 pueris
1221 801 1347 837 accidit,
1360 807 1406 837 ut,
1422 812 1491 832 cum
1509 799 1642 831 audiunt

176 859 307 902 majores
329 869 402 890 suos
428 858 566 890 civitatis
589 857 723 899 alicujus
744 857 885 898 hospites
910 856 1019 891 fuisse,
1041 856 1254 887 benivolentia
1272 855 1416 897 quaedam
1441 865 1515 896 erga
1539 855 1640 891 illam,

177 914 268 956 quasi
290 913 463 945 secundam
485 914 629 955 patriam,
654 912 816 943 confestim
843 921 863 941 a
881 910 998 941 teneris
1020 910 1223 951 usqueannis
1238 920 1345 941 eorum
1361 909 1474 940 animis
1484 909 1643 939 illabatur.

177 968 263 1011 quod
277 968 406 1010 quidem
422 969 499 999 mihi
512 977 637 1009 quoque
652 966 797 1007 contigit.
819 965 986 996 audiebam
997 963 1147 1006 equidem
1167 974 1186 994 a
1212 964 1346 1006 pueritia
1371 963 1642 1000 Lacedaemonios,

177 1023 323 1065 quotiens
352 1023 472 1064 aliquid
501 1023 553 1052 vel
580 1026 802 1052 succenserent
826 1019 1072 1050 Atheniensibus
1096 1019 1148 1049 vel
1172 1019 1259 1049 laudi
1283 1018 1405 1055 darent,
1434 1019 1480 1049 ita
1510 1018 1616 1049 dicere
1631 1027 1639 1047 ε

179 1078 305 1114 Vestra,
327 1077 473 1119 Megille,
494 1076 567 1107 urbs
591 1075 681 1107 nobis
694 1076 726 1106 id
746 1075 818 1105 mali
833 1074 940 1104 intulit
953 1078 1008 1104 aut
1021 1073 1106 1104 boni.
1123 1078 1217 1114 atque
1233 1074 1301 1104 haec
1317 1073 1448 1104 audiens
1460 1073 1642 1114 pugnabam

179 1133 330 1164 adversus
351 1142 417 1168 eos,
437 1132 492 1172 qui
514 1140 570 1162 vos
587 1129 818 1171 xituperabant‚
833 1138 946 1169 magna
964 1137 1038 1168 erga
1051 1137 1106 1158 vos
1121 1127 1254 1158 affectus
1267 1127 1491 1158 benivolentia.
1513 1137 1550 1158 ac
1564 1126 1644 1158 mihi

179 1186 309 1229 quidem
327 1197 412 1217 nunc
434 1191 538 1216 vestra
551 1195 609 1215 vox
625 1183 717 1215 valde
725 1183 868 1226 jucunda
881 1188 939 1218 est,
955 1181 1101 1223 quodque
1114 1182 1207 1223 vulgo
1218 1182 1329 1222 fertur,
1343 1181 1457 1223 probos
1467 1181 1644 1212 Athenien-

179 1251 230 1272 ses
245 1241 402 1282 praecipue
417 1239 530 1282 probos
545 1249 626 1276 esse,
641 1248 714 1269 vere
727 1248 853 1280 prorsus
863 1236 938 1267 mihi
948 1236 1068 1267 dictum
1079 1235 1215 1268 videtur.
1229 1237 1289 1267 soli
1299 1236 1380 1267 enirn
1397 1242 1508 1278 suapte
1521 1241 1645 1274 natura,

180 1295 287 1326 divina
302 1295 439 1336 quadam
449 1300 542 1330 sorte,
557 1304 621 1324 non
632 1293 734 1324 coacti
751 1302 855 1333 neque
871 1291 947 1328 ficti,
960 1290 1017 1322 sed
1031 1301 1104 1322 vere
1117 1291 1204 1332 probi
1218 1297 1301 1322 suut.
1325 1301 1422 1332 quare
1435 1301 1505 1321 mea
1516 1290 1645 1332 quidem

179 1359 273 1380 causa
298 1349 408 1385 libere,
432 1353 643 1390 quotcumque
671 1347 759 1383 velis,
787 1350 939 1377 enarrato.
984 1345 1062 1378 CM.
1096 1346 1130 1377 Si
1157 1355 1208 1376 me
1227 1355 1353 1387 quoque
1383 1345 1505 1381 audies,
1521 1346 1647 1386 hospes,

179 1413 375 1444 quaecunque
389 1403 423 1433 in
435 1408 576 1434 mentem
587 1402 647 1433 tibi
659 1402 799 1438 veniant,
813 1411 932 1431 summa
946 1400 1062 1431 fiducia
1076 1399 1225 1441 proferes.
1237 1399 1367 1431 fortasse
1379 1410 1514 1441 namque
1531 1399 1650 1430 audisti

180 1457 404 1499 Epimenidem
417 1457 517 1488 virum
533 1457 628 1488 fuisse
644 1457 783 1487 divinum
799 1467 806 1485 :
830 1456 884 1497 qui
898 1465 938 1485 ex
951 1454 1071 1485 familia
1083 1460 1191 1485 nostra
1203 1454 1274 1491 fuit,
1298 1465 1335 1485 ac
1354 1453 1463 1485 decem
1474 1454 1565 1485 annis
1574 1459 1649 1485 ante

180 1511 341 1543 Persicum
366 1512 496 1548 bellum,
524 1511 589 1542 Dei
614 1512 741 1542 oraculo
754 1511 901 1548 monitus,
917 1510 956 1541 ad
975 1520 1029 1540 vos
1042 1510 1196 1550 pervenit,
1213 1514 1246 1540 et
1259 1508 1412 1540 sacrificia
1425 1509 1568 1550 quaedam
1582 1508 1648 1539 Dei

180 1567 308 1598 oraculo
333 1566 420 1597 edita
444 1566 530 1602 fecit,
556 1565 865 1607 Atheniensibusque
892 1564 1053 1596 Persicam
1079 1563 1320 1594 formidantibus
1345 1564 1478 1594 classem
1502 1562 1650 1604 praedixit

182 1621 338 1652 decennio
352 1621 467 1652 Persas
475 1630 674 1662 nequaquam
688 1625 836 1651 venturos
850 1632 859 1659 ;
881 1621 935 1650 sed
952 1627 985 1650 et
1000 1625 1166 1661 postquam
1177 1618 1330 1654 venerint,
1350 1617 1470 1648 infecta
1482 1627 1516 1647 re
1530 1617 1650 1648 disces—

182 1686 281 1712 suros,
308 1676 461 1716 pluraque
486 1685 651 1717 perpessos
669 1675 755 1706 mala
769 1685 861 1716 quam
877 1675 1022 1705 fecerint.
1044 1678 1118 1703 tunc
1131 1672 1258 1714 quidem
1272 1671 1404 1713 majores
1416 1671 1514 1702 nostri
1529 1676 1650 1702 vestros

185 1730 335 1772 hospitali
361 1729 478 1761 affectu
505 1729 664 1772 complexi
687 1735 771 1765 sunt,
797 1735 830 1760 et
854 1740 893 1760 ex
909 1729 965 1760 illo
986 1733 1129 1769 tempore
1143 1731 1293 1768 parentes
1306 1726 1406 1757 nostn'
1422 1735 1543 1767 egoque
1559 1726 1648 1757 vobis

184 1784 325 1816 benivoli
338 1795 456 1815 sumus.
486 1784 584 1826 [643]
629 1783 768 1816 Arnim.
792 1784 899 1815 Parati
915 1793 987 1824 ergo
1000 1793 1056 1813 vos
1068 1781 1198 1823 quidem
1212 1781 1284 1811 estis
1301 1780 1422 1816 audire,
1437 1785 1474 1811 ut
1485 1780 1649 1812 videmini.

182 1848 243 1881 ego
266 1844 372 1870 autem
397 1839 440 1870 ad
466 1839 635 1871 dicendum
665 1839 827 1870 voluntate
854 1842 1016 1880 promptus
1039 1847 1105 1867 sum
1121 1835 1225 1877 potius
1239 1844 1332 1876 quam
1348 1834 1498 1865 facultate
1511 1839 1650 1875 paratus.

184 1894 318 1924 conabor
343 1899 459 1931 tamen,
485 1899 521 1924 ut
541 1899 664 1935 potero.
685 1894 821 1934 primum
847 1903 930 1929 vero,
952 1902 1014 1933 quo
1031 1891 1070 1922 ad
1085 1891 1169 1921 hunc
1184 1900 1371 1926 sermonem,
1386 1889 1461 1931 quid
1479 1887 1649 1930 disciplina
1666 1899 1670 1902 ’

183 1948 234 1984 sit,
245 1958 402 1989 quamque
412 1948 475 1978 vim
490 1948 616 1984 habeat,
629 1948 826 1978 definiamus.
841 1957 898 1988 per
912 1947 993 1977 hanc
1009 1945 1092 1976 enim
1108 1944 1248 1975 eundum
1262 1948 1311 1974 est
1331 1943 1537 1986 disputationi
1556 1943 1650 1975 nobis

183 2001 217 2032 in
233 2002 403 2043 praesentia
415 2002 578 2039 institutae,
595 2012 756 2044 quousque
771 2001 813 2032 ad
824 2001 933 2032 Deum
943 2001 1042 2042 ipsum
1052 1999 1226 2041 perveniat.
1270 1999 1345 2030 Cu.
1367 1998 1419 2029 Ita
1430 2005 1515 2029 certe
1527 1998 1647 2029 facien-

185 2055 262 2086 dum
275 2061 333 2091 est,
349 2057 376 2087 si
390 2056 447 2087 tibi
462 2057 606 2098 placetN.
650 2056 789 2087 Arum.
812 2056 899 2087 Dum
912 2066 981 2097 ego,
997 2055 1073 2097 quid
1089 2053 1258 2096 disciplina
1273 2054 1325 2090 sit,
1341 2052 1423 2093 dico,
1438 2053 1650 2094 considerate,

185 2110 328 2152 nunquid
339 2121 412 2142 mea
424 2111 511 2142 vobis
524 2111 683 2142 sententia
694 2112 831 2153 placeat.
875 2111 951 2142 Cu.
974 2109 1086 2141 Dicas.
1132 2108 1270 2139 Arnim.
1291 2107 1409 2139 Assero
1423 2106 1571 2148 equidem
1583 2117 1650 2143 eos,

184 2165 239 2206 qui
265 2169 453 2206 praestantes
478 2165 536 2196 viri
560 2166 595 2197 in
618 2165 722 2208 aliquo
747 2165 869 2196 evasuri
893 2170 966 2196 sunt
985 2164 1023 2195 ab
1039 2164 1168 2195 ineunte
1184 2162 1288 2194 statim
1303 2162 1441 2204 pueritia
1453 2166 1597 2204 oportere
1612 2162 1647 2192 id

183 2219 288 2261 ipsum
311 2226 375 2250 tam
391 2219 532 2251 ludendo
546 2230 641 2262 quam
656 2220 824 2257 studendo,
836 2220 869 2251 in
884 2220 1013 2261 singulis
1026 2219 1087 2261 ipsi
1103 2217 1361 2250 convenientibus
1382 2216 1537 2247 meditari.
1558 2226 1648 2246 nem-

186 2283 227 2315 pe
257 2273 285 2304 si
314 2274 385 2316 quis
412 2275 532 2317 peritus
558 2275 695 2317 agricola
725 2280 779 2306 aut
805 2275 974 2306 aedificator
993 2274 1113 2305 futurus
1129 2279 1187 2310 est,
1202 2272 1361 2304 ludentem
1376 2275 1501 2312 oportet
1515 2280 1534 2301 a
1549 2270 1649 2312 prima

189 2331 281 2358 aetate
296 2329 348 2358 vel
371 2329 474 2360 colere
498 2334 611 2360 terram
637 2331 687 2361 vel
714 2331 854 2372 pueriles
866 2329 1017 2372 quasdam
1041 2329 1150 2360 domos
1175 2327 1331 2359 aedificare
1346 2338 1352 2356 :
1377 2331 1469 2367 atque
1489 2335 1573 2360 eum,
1597 2324 1651 2366 qui

189 2380 304 2412 educat
323 2387 502 2424 utrumque,
527 2384 649 2426 utrique
670 2384 879 2416 instrumenta
906 2384 1052 2427 quaedam
1081 2393 1191 2425 parva,
1217 2391 1358 2413 verorum
1372 2380 1649 2411 instrumentorum

189 2435 354 2477 imagines»
380 2447 565 2479 Praeparare.
589 2448 626 2469 ex
640 2438 790 2470 doctrinis
802 2451 925 2482 quoque
938 2450 992 2471 eas
1004 2438 1183 2481 perdiscere
1200 2436 1326 2471 debent,
1339 2445 1408 2477 quae
1424 2433 1464 2464 ad
1478 2443 1544 2464 rem
1559 2442 1648 2463 suam

189 2489 321 2522 faciunt.
339 2491 458 2533 quippe
473 2492 595 2523 futurus
609 2493 696 2524 faber
713 2504 887 2526 mensurare
903 2504 940 2525 ac
952 2494 1060 2536 regula
1073 2493 1130 2529 uti,
1144 2501 1241 2533 eques
1251 2491 1373 2521 futurus
1383 2488 1523 2530 equitare
1535 2486 1647 2518 luden-

189 2543 242 2581 do,
267 2550 321 2576 aut
340 2545 461 2588 aliquid
475 2546 654 2588 hujusmodi
668 2547 785 2581 facere.
812 2549 846 2579 in
859 2549 1004 2580 omnibus
1019 2549 1104 2579 enim
1121 2545 1259 2577 ludendo
1272 2543 1377 2577 conari
1389 2542 1550 2579 debemus,
1561 2547 1597 2573 ut
1611 2552 1650 2573 eo

190 2599 369 2640 voluptates
392 2605 426 2631 et
451 2600 639 2642 cupiditates
666 2611 832 2643 puerorum
845 2609 1012 2640 vertamus,
1025 2613 1087 2644 quo
1101 2612 1155 2632 eos
1169 2600 1298 2631 tandem
1314 2598 1476 2641 pervenire
1489 2596 1647 2628 desidera-

189 2662 268 2684 mus.
286 2660 382 2696 caput
396 2660 502 2686 autem
517 2656 693 2696 disciplinae
707 2664 824 2687 rectam
840 2657 1060 2689 educationem
1075 2656 1218 2691 dicimus,
1232 2664 1302 2696 quae
1317 2653 1454 2684 ludentis
1465 2652 1603 2683 animum
1613 2651 1648 2682 in

193 2716 328 2739 amorem
352 2709 510 2751 praecipue
536 2710 622 2741 illius
644 2709 799 2752 perducit,
827 2711 911 2752 quod
937 2712 970 2743 in
986 2712 1067 2742 virili
1083 2714 1174 2741 aetate
1190 2709 1330 2751 perfecte
1345 2712 1524 2749 comparata
1533 2706 1646 2736 viitute

192 2762 298 2802 operis
317 2768 365 2794 est
394 2769 530 2795 acturus.
552 2764 609 2795 sed
625 2764 822 2796 considerate
836 2775 931 2802 nunc,
945 2771 982 2797 ut
995 2765 1148 2801 dicebam,
1165 2764 1204 2800 si,
1219 2774 1289 2805 quae
1303 2763 1388 2793 dicta
1404 2767 1476 2792 sunt
1486 2761 1648 2795 hactenus,

192 2814 279 2846 vobis
304 2817 484 2858 probantur.
528 2818 606 2850 Cm.
629 2819 714 2856 Quid
740 2819 904 2860 prohibet?
949 2819 1088 2851 Arum.
1110 2818 1225 2860 Neque
1251 2823 1358 2848 tamen
1372 2814 1649 2847 indeterminatum

192 2868 324 2911 relinqui
349 2871 453 2909 debet,
479 2873 555 2915 quid
580 2873 775 2914 potissimum
799 2874 1000 2916 disciplinam
1013 2884 1081 2905 esse
1094 2872 1245 2904 dicamus.
1257 2882 1326 2903 cum
1339 2871 1422 2901 enim
1436 2869 1650 2909 vituperamus

193 2927 247 2953 aut
274 2924 435 2958 laudamus
457 2927 648 2968 singulorum
672 2927 886 2966 educationes,
909 2928 1013 2961 dicere
1037 2929 1174 2960 solemus
1186 2926 1353 2967 disciplina
1366 2925 1550 2956 instructum
1570 2921 1654 2952 huno
