<?xml version="1.0" encoding="UTF-8"?>
<!DOCTYPE html PUBLIC "-//W3C//DTD XHTML 1.0 Transitional//EN"
    "http://www.w3.org/TR/xhtml1/DTD/xhtml1-transitional.dtd">
<html xmlns="http://www.w3.org/1999/xhtml" xml:lang="en" lang="en">
 <head>
  <title>
</title>
<meta http-equiv="Content-Type" content="text/html;charset=utf-8" />
  <meta name='ocr-system' content='tesseract 3.04.00' />
  <meta name='ocr-capabilities' content='ocr_page ocr_carea ocr_par ocr_line ocrx_word'/>
</head>
<body>
  <div class='ocr_page' id='page_1' title='image "./platonisetquaeve11plat_0294.png"; bbox 0 0 1840 3225; ppageno 0'>
   <div class='ocr_carea' id='block_1_1' title="bbox 208 198 1669 250">
    <p class='ocr_par' dir='ltr' id='par_1_1' title="bbox 208 198 1669 250">
     <span class='ocr_line' id='line_1_1' title="bbox 208 198 1669 250; baseline 0 -13"><span class='ocrx_word' id='word_1_1' title='bbox 208 200 286 237; x_wconf 86' lang='lat'>278</span> <span class='ocrx_word' id='word_1_2' title='bbox 804 198 1069 237; x_wconf 78' lang='lat' dir='ltr'>PLATONIS</span> <span class='ocrx_word' id='word_1_3' title='bbox 1572 200 1669 250; x_wconf 87' lang='lat'>[108</span> 
     </span>
    </p>
   </div>
   <div class='ocr_carea' id='block_1_2' title="bbox 210 301 1686 2945">
    <p class='ocr_par' dir='ltr' id='par_1_2' title="bbox 210 301 1686 2945">
     <span class='ocr_line' id='line_1_2' title="bbox 212 301 1671 346; baseline -0.001 -12"><span class='ocrx_word' id='word_1_4' title='bbox 212 303 311 346; x_wconf 83' lang='grc'>[108]</span> <span class='ocrx_word' id='word_1_5' title='bbox 334 302 464 345; x_wconf 81' lang='lat' dir='ltr'>cupiens</span> <span class='ocrx_word' id='word_1_6' title='bbox 487 306 520 334; x_wconf 87' lang='lat' dir='ltr'>et</span> <span class='ocrx_word' id='word_1_7' title='bbox 540 312 595 333; x_wconf 81' lang='lat' dir='ltr'>vos</span> <span class='ocrx_word' id='word_1_8' title='bbox 618 301 785 333; x_wconf 87' lang='lat' dir='ltr'>admonere</span> <span class='ocrx_word' id='word_1_9' title='bbox 809 307 841 332; x_wconf 83' lang='lat' dir='ltr'>et</span> <span class='ocrx_word' id='word_1_10' title='bbox 862 302 1013 344; x_wconf 86' lang='lat' dir='ltr'>majorem</span> <span class='ocrx_word' id='word_1_11' title='bbox 1035 311 1054 332; x_wconf 90' lang='lat' dir='ltr'>a</span> <span class='ocrx_word' id='word_1_12' title='bbox 1076 301 1162 333; x_wconf 83' lang='lat' dir='ltr'>vobis</span> <span class='ocrx_word' id='word_1_13' title='bbox 1185 302 1306 333; x_wconf 81' lang='lat' dir='ltr'>veniam</span> <span class='ocrx_word' id='word_1_14' title='bbox 1323 301 1363 333; x_wconf 81' lang='lat' dir='ltr'>ad</span> <span class='ocrx_word' id='word_1_15' title='bbox 1386 312 1424 333; x_wconf 84' lang='lat' dir='ltr'>ea</span> <span class='ocrx_word' id='word_1_16' title='bbox 1446 313 1515 345; x_wconf 83' lang='lat' dir='ltr'>quae</span> <span class='ocrx_word' id='word_1_17' title='bbox 1538 307 1671 338; x_wconf 84' lang='lat' dir='ltr'>restant,</span> 
     </span>
     <span class='ocr_line' id='line_1_3' title="bbox 215 355 1671 398; baseline 0 -11"><span class='ocrx_word' id='word_1_18' title='bbox 215 362 375 397; x_wconf 77' lang='lat' dir='ltr'>expetere.</span> <span class='ocrx_word' id='word_1_19' title='bbox 398 366 453 387; x_wconf 81' lang='lat' dir='ltr'>vos</span> <span class='ocrx_word' id='word_1_20' title='bbox 476 361 592 392; x_wconf 87' lang='lat' dir='ltr'>autem,</span> <span class='ocrx_word' id='word_1_21' title='bbox 612 356 638 386; x_wconf 87' lang='lat' dir='ltr'>si</span> <span class='ocrx_word' id='word_1_22' title='bbox 653 356 739 398; x_wconf 89' lang='lat' dir='ltr'>justa</span> <span class='ocrx_word' id='word_1_23' title='bbox 763 360 872 397; x_wconf 82' lang='lat' dir='ltr'>petere</span> <span class='ocrx_word' id='word_1_24' title='bbox 896 355 1016 392; x_wconf 83' lang='lat' dir='ltr'>videor,</span> <span class='ocrx_word' id='word_1_25' title='bbox 1043 356 1123 386; x_wconf 81' lang='lat' dir='ltr'>ultro</span> <span class='ocrx_word' id='word_1_26' title='bbox 1148 357 1229 387; x_wconf 88' lang='lat' dir='ltr'>hanc</span> <span class='ocrx_word' id='word_1_27' title='bbox 1246 357 1367 387; x_wconf 85' lang='lat' dir='ltr'>veniam</span> <span class='ocrx_word' id='word_1_28' title='bbox 1384 357 1569 398; x_wconf 82' lang='lat' dir='ltr'>largiamini.</span> <span class='ocrx_word' id='word_1_29' title='bbox 1613 358 1671 388; x_wconf 72' lang='lat' dir='ltr'>So-</span> 
     </span>
     <span class='ocr_line' id='line_1_4' title="bbox 212 410 1672 453; baseline -0.001 -11"><span class='ocrx_word' id='word_1_30' title='bbox 212 410 303 442; x_wconf 82' lang='lat' dir='ltr'>Nihil</span> <span class='ocrx_word' id='word_1_31' title='bbox 318 410 432 451; x_wconf 81' lang='lat' dir='ltr'><strong>obstat,</strong></span> <span class='ocrx_word' id='word_1_32' title='bbox 453 421 471 441; x_wconf 95' lang='lat' dir='ltr'>o</span> <span class='ocrx_word' id='word_1_33' title='bbox 492 411 600 442; x_wconf 88' lang='lat' dir='ltr'>Critia.</span> <span class='ocrx_word' id='word_1_34' title='bbox 615 421 675 452; x_wconf 90' lang='lat' dir='ltr'>quo</span> <span class='ocrx_word' id='word_1_35' title='bbox 691 410 793 440; x_wconf 86' lang='lat' dir='ltr'>minus</span> <span class='ocrx_word' id='word_1_36' title='bbox 811 410 877 445; x_wconf 85' lang='lat' dir='ltr'>tibi,</span> <span class='ocrx_word' id='word_1_37' title='bbox 892 411 975 452; x_wconf 90' lang='lat' dir='ltr'>quod</span> <span class='ocrx_word' id='word_1_38' title='bbox 991 410 1140 451; x_wconf 72' lang='lat' dir='ltr'>1›ostula5‚</span> <span class='ocrx_word' id='word_1_39' title='bbox 1154 411 1315 441; x_wconf 79' lang='lat' dir='ltr'>tribuatur.</span> <span class='ocrx_word' id='word_1_40' title='bbox 1337 410 1413 453; x_wconf 89' lang='lat' dir='ltr'>quin</span> <span class='ocrx_word' id='word_1_41' title='bbox 1429 411 1522 441; x_wconf 85' lang='lat' dir='ltr'>etiam</span> <span class='ocrx_word' id='word_1_42' title='bbox 1537 410 1672 441; x_wconf 87' lang='lat' dir='ltr'>Hermo-</span> 
     </span>
     <span class='ocr_line' id='line_1_5' title="bbox 213 464 1672 506; baseline -0.001 -10"><span class='ocrx_word' id='word_1_43' title='bbox 213 464 290 497; x_wconf 88' lang='lat' dir='ltr'>crati</span> <span class='ocrx_word' id='word_1_44' title='bbox 306 465 365 496; x_wconf 90' lang='lat' dir='ltr'>hoc</span> <span class='ocrx_word' id='word_1_45' title='bbox 379 465 464 495; x_wconf 90' lang='lat' dir='ltr'>idem</span> <span class='ocrx_word' id='word_1_46' title='bbox 479 475 497 495; x_wconf 89' lang='lat' dir='ltr'>a</span> <span class='ocrx_word' id='word_1_47' title='bbox 508 465 597 495; x_wconf 80' lang='lat' dir='ltr'>nobis</span> <span class='ocrx_word' id='word_1_48' title='bbox 610 465 700 495; x_wconf 82' lang='lat' dir='ltr'>tertio</span> <span class='ocrx_word' id='word_1_49' title='bbox 714 465 817 497; x_wconf 83' lang='lat' dir='ltr'>detur.</span> <span class='ocrx_word' id='word_1_50' title='bbox 832 470 953 495; x_wconf 78' lang='lat' dir='ltr'>constat</span> <span class='ocrx_word' id='word_1_51' title='bbox 963 465 1045 495; x_wconf 89' lang='lat' dir='ltr'>enim</span> <span class='ocrx_word' id='word_1_52' title='bbox 1060 465 1142 496; x_wconf 83' lang='lat' dir='ltr'>hunc</span> <span class='ocrx_word' id='word_1_53' title='bbox 1155 466 1249 506; x_wconf 90' lang='lat' dir='ltr'>paulo</span> <span class='ocrx_word' id='word_1_54' title='bbox 1262 471 1343 506; x_wconf 77' lang='lat' dir='ltr'>post,</span> <span class='ocrx_word' id='word_1_55' title='bbox 1361 476 1431 496; x_wconf 93' lang='lat' dir='ltr'>cum</span> <span class='ocrx_word' id='word_1_56' title='bbox 1447 465 1586 496; x_wconf 83' lang='lat' dir='ltr'>dicturus</span> <span class='ocrx_word' id='word_1_57' title='bbox 1599 465 1672 501; x_wconf 88' lang='lat' dir='ltr'>erit,</span> 
     </span>
     <span class='ocr_line' id='line_1_6' title="bbox 214 518 1673 561; baseline 0 -12"><span class='ocrx_word' id='word_1_58' title='bbox 214 519 327 549; x_wconf 89' lang='lat' dir='ltr'>eadem</span> <span class='ocrx_word' id='word_1_59' title='bbox 349 524 559 561; x_wconf 83' lang='lat' dir='ltr'>precaturum.</span> <span class='ocrx_word' id='word_1_60' title='bbox 578 523 610 549; x_wconf 89' lang='lat' dir='ltr'>ut</span> <span class='ocrx_word' id='word_1_61' title='bbox 637 519 731 559; x_wconf 80' lang='lat' dir='ltr'>igitur</span> <span class='ocrx_word' id='word_1_62' title='bbox 747 519 837 549; x_wconf 86' lang='lat' dir='ltr'>aliter</span> <span class='ocrx_word' id='word_1_63' title='bbox 851 518 1027 549; x_wconf 81' lang='lat' dir='ltr'><strong>exordiatur</strong></span> <span class='ocrx_word' id='word_1_64' title='bbox 1040 529 1144 561; x_wconf 90' lang='lat' dir='ltr'>neque</span> <span class='ocrx_word' id='word_1_65' title='bbox 1158 519 1270 549; x_wconf 85' lang='lat' dir='ltr'>eadem</span> <span class='ocrx_word' id='word_1_66' title='bbox 1281 525 1411 560; x_wconf 80' lang='lat' dir='ltr'>cogatur</span> <span class='ocrx_word' id='word_1_67' title='bbox 1425 524 1577 560; x_wconf 83' lang='lat' dir='ltr'>repetere,</span> <span class='ocrx_word' id='word_1_68' title='bbox 1593 518 1673 550; x_wconf 78' lang='lat' dir='ltr'>sciat</span> 
     </span>
     <span class='ocr_line' id='line_1_7' title="bbox 212 573 1672 614; baseline -0.001 -11"><span class='ocrx_word' id='word_1_69' title='bbox 212 573 337 603; x_wconf 86' lang='lat' dir='ltr'>veniam</span> <span class='ocrx_word' id='word_1_70' title='bbox 364 573 422 603; x_wconf 88' lang='lat' dir='ltr'>sibi</span> <span class='ocrx_word' id='word_1_71' title='bbox 449 583 516 604; x_wconf 81' lang='lat' dir='ltr'>esse</span> <span class='ocrx_word' id='word_1_72' title='bbox 544 573 701 610; x_wconf 79' lang='lat' dir='ltr'>tributam,</span> <span class='ocrx_word' id='word_1_73' title='bbox 728 580 760 603; x_wconf 92' lang='lat' dir='ltr'>et</span> <span class='ocrx_word' id='word_1_74' title='bbox 775 573 861 614; x_wconf 85' lang='lat' dir='ltr'>quasi</span> <span class='ocrx_word' id='word_1_75' title='bbox 882 573 915 603; x_wconf 92' lang='lat' dir='ltr'>id</span> <span class='ocrx_word' id='word_1_76' title='bbox 936 578 1067 610; x_wconf 88' lang='lat' dir='ltr'>constet,</span> <span class='ocrx_word' id='word_1_77' title='bbox 1080 574 1118 604; x_wconf 93' lang='lat' dir='ltr'>ad</span> <span class='ocrx_word' id='word_1_78' title='bbox 1137 573 1307 604; x_wconf 86' lang='lat' dir='ltr'>dicendum</span> <span class='ocrx_word' id='word_1_79' title='bbox 1321 574 1465 614; x_wconf 88' lang='lat' dir='ltr'>protinus</span> <span class='ocrx_word' id='word_1_80' title='bbox 1480 573 1672 614; x_wconf 81' lang='lat' dir='ltr'>accingatur.</span> 
     </span>
     <span class='ocr_line' id='line_1_8' title="bbox 211 626 1672 670; baseline -0.001 -12"><span class='ocrx_word' id='word_1_81' title='bbox 211 626 355 658; x_wconf 87' lang='lat' dir='ltr'>Praedico</span> <span class='ocrx_word' id='word_1_82' title='bbox 370 632 472 657; x_wconf 84' lang='lat' dir='ltr'>autem</span> <span class='ocrx_word' id='word_1_83' title='bbox 493 626 559 663; x_wconf 86' lang='lat' dir='ltr'>tibi,</span> <span class='ocrx_word' id='word_1_84' title='bbox 576 637 594 657; x_wconf 94' lang='grc' dir='ltr'>ο</span> <span class='ocrx_word' id='word_1_85' title='bbox 608 627 708 658; x_wconf 80' lang='lat' dir='ltr'>amice</span> <span class='ocrx_word' id='word_1_86' title='bbox 722 627 832 664; x_wconf 89' lang='lat' dir='ltr'>Critia,</span> <span class='ocrx_word' id='word_1_87' title='bbox 849 628 961 658; x_wconf 81' lang='lat' dir='ltr'>theatri</span> <span class='ocrx_word' id='word_1_88' title='bbox 977 628 1178 668; x_wconf 83' lang='lat' dir='ltr'>sententiam,</span> <span class='ocrx_word' id='word_1_89' title='bbox 1191 629 1272 669; x_wconf 91' lang='lat' dir='ltr'>quod</span> <span class='ocrx_word' id='word_1_90' title='bbox 1288 628 1385 669; x_wconf 81' lang='lat' dir='ltr'>po&#39;eta</span> <span class='ocrx_word' id='word_1_91' title='bbox 1400 628 1486 670; x_wconf 89' lang='lat' dir='ltr'>prior</span> <span class='ocrx_word' id='word_1_92' title='bbox 1500 627 1535 658; x_wconf 87' lang='lat' dir='ltr'>in</span> <span class='ocrx_word' id='word_1_93' title='bbox 1551 637 1590 658; x_wconf 88' lang='lat' dir='ltr'>eo</span> <span class='ocrx_word' id='word_1_94' title='bbox 1612 626 1672 658; x_wconf 90' lang='lat' dir='ltr'>mi-</span> 
     </span>
     <span class='ocr_line' id='line_1_9' title="bbox 210 681 1673 723; baseline 0 -12"><span class='ocrx_word' id='word_1_95' title='bbox 210 681 296 711; x_wconf 87' lang='lat' dir='ltr'>rifice</span> <span class='ocrx_word' id='word_1_96' title='bbox 321 685 369 711; x_wconf 87' lang='lat' dir='ltr'>est</span> <span class='ocrx_word' id='word_1_97' title='bbox 392 681 550 722; x_wconf 85' lang='lat' dir='ltr'>probatus.</span> <span class='ocrx_word' id='word_1_98' title='bbox 573 687 762 722; x_wconf 80' lang='lat' dir='ltr'>quapropter</span> <span class='ocrx_word' id='word_1_99' title='bbox 787 682 919 722; x_wconf 79' lang='lat' dir='ltr'>plurIma</span> <span class='ocrx_word' id='word_1_100' title='bbox 944 682 1000 712; x_wconf 86' lang='lat' dir='ltr'>tibi</span> <span class='ocrx_word' id='word_1_101' title='bbox 1023 682 1118 713; x_wconf 87' lang='lat' dir='ltr'>venia</span> <span class='ocrx_word' id='word_1_102' title='bbox 1145 693 1224 723; x_wconf 90' lang='lat' dir='ltr'>opus</span> <span class='ocrx_word' id='word_1_103' title='bbox 1244 682 1312 718; x_wconf 81' lang='lat' dir='ltr'>erit,</span> <span class='ocrx_word' id='word_1_104' title='bbox 1335 682 1360 712; x_wconf 88' lang='lat' dir='ltr'>si</span> <span class='ocrx_word' id='word_1_105' title='bbox 1384 693 1421 713; x_wconf 87' lang='lat' dir='ltr'>ea</span> <span class='ocrx_word' id='word_1_106' title='bbox 1437 681 1627 713; x_wconf 75' lang='lat' dir='ltr'>sufficienter</span> <span class='ocrx_word' id='word_1_107' title='bbox 1639 691 1673 712; x_wconf 84' lang='lat' dir='ltr'>es</span> 
     </span>
     <span class='ocr_line' id='line_1_10' title="bbox 213 735 1668 778; baseline 0.001 -13"><span class='ocrx_word' id='word_1_108' title='bbox 213 736 502 776; x_wconf 78' lang='lat' dir='ltr'>comprehensurus.</span> <span class='ocrx_word' id='word_1_109' title='bbox 561 735 652 766; x_wconf 73' lang='lat' dir='ltr'>Hm.</span> <span class='ocrx_word' id='word_1_110' title='bbox 675 735 766 766; x_wconf 87' lang='lat' dir='ltr'>Idem</span> <span class='ocrx_word' id='word_1_111' title='bbox 792 736 876 772; x_wconf 81' lang='lat' dir='ltr'>mihi,</span> <span class='ocrx_word' id='word_1_112' title='bbox 898 746 916 767; x_wconf 93' lang='lat' dir='ltr'>o</span> <span class='ocrx_word' id='word_1_113' title='bbox 941 737 1095 773; x_wconf 83' lang='lat' dir='ltr'>Socrates,</span> <span class='ocrx_word' id='word_1_114' title='bbox 1119 737 1201 778; x_wconf 86' lang='lat' dir='ltr'>quod</span> <span class='ocrx_word' id='word_1_115' title='bbox 1229 741 1262 766; x_wconf 90' lang='lat' dir='ltr'>et</span> <span class='ocrx_word' id='word_1_116' title='bbox 1283 736 1347 773; x_wconf 90' lang='lat' dir='ltr'>isti,</span> <span class='ocrx_word' id='word_1_117' title='bbox 1370 736 1506 767; x_wconf 88' lang='lat' dir='ltr'>nuntias.</span> <span class='ocrx_word' id='word_1_118' title='bbox 1530 741 1668 766; x_wconf 81' lang='lat' dir='ltr'>ceterum</span> 
     </span>
     <span class='ocr_line' id='line_1_11' title="bbox 212 790 1673 831; baseline 0 -11"><span class='ocrx_word' id='word_1_119' title='bbox 212 799 325 831; x_wconf 83' lang='lat' dir='ltr'>segnes</span> <span class='ocrx_word' id='word_1_120' title='bbox 346 790 622 831; x_wconf 82' lang='lat' dir='ltr'>pusillanimesque</span> <span class='ocrx_word' id='word_1_121' title='bbox 638 800 798 831; x_wconf 89' lang='lat' dir='ltr'>nunquam</span> <span class='ocrx_word' id='word_1_122' title='bbox 820 790 957 830; x_wconf 89' lang='lat' dir='ltr'>palmam</span> <span class='ocrx_word' id='word_1_123' title='bbox 980 791 1138 821; x_wconf 77' lang='lat' dir='ltr'>consecuti</span> <span class='ocrx_word' id='word_1_124' title='bbox 1154 796 1236 825; x_wconf 90' lang='lat' dir='ltr'>sunt,</span> <span class='ocrx_word' id='word_1_125' title='bbox 1253 790 1362 822; x_wconf 77' lang='lat' dir='ltr'>Critia.</span> <span class='ocrx_word' id='word_1_126' title='bbox 1385 800 1562 821; x_wconf 87' lang='lat' dir='ltr'>sermonem</span> <span class='ocrx_word' id='word_1_127' title='bbox 1576 790 1673 831; x_wconf 81' lang='lat' dir='ltr'>igitur</span> 
     </span>
     <span class='ocr_line' id='line_1_12' title="bbox 213 843 1674 886; baseline 0 -12"><span class='ocrx_word' id='word_1_128' title='bbox 213 843 345 885; x_wconf 82' lang='lat' dir='ltr'>aggredi</span> <span class='ocrx_word' id='word_1_129' title='bbox 359 843 432 875; x_wconf 90' lang='lat' dir='ltr'>forti</span> <span class='ocrx_word' id='word_1_130' title='bbox 455 844 560 874; x_wconf 84' lang='lat' dir='ltr'>animo</span> <span class='ocrx_word' id='word_1_131' title='bbox 575 843 678 879; x_wconf 78' lang='lat' dir='ltr'>decet,</span> <span class='ocrx_word' id='word_1_132' title='bbox 693 845 731 874; x_wconf 88' lang='lat' dir='ltr'>ab</span> <span class='ocrx_word' id='word_1_133' title='bbox 746 844 864 875; x_wconf 85' lang='lat' dir='ltr'>Phoebo</span> <span class='ocrx_word' id='word_1_134' title='bbox 880 844 1047 885; x_wconf 82' lang='lat' dir='ltr'>Musisque</span> <span class='ocrx_word' id='word_1_135' title='bbox 1065 845 1181 876; x_wconf 79' lang='lat' dir='ltr'>vocatis</span> <span class='ocrx_word' id='word_1_136' title='bbox 1196 845 1343 886; x_wconf 89' lang='lat' dir='ltr'>antiquos</span> <span class='ocrx_word' id='word_1_137' title='bbox 1370 844 1466 880; x_wconf 87' lang='lat' dir='ltr'>cives,</span> <span class='ocrx_word' id='word_1_138' title='bbox 1482 844 1674 875; x_wconf 82' lang='lat' dir='ltr'>excellentes</span> 
     </span>
     <span class='ocr_line' id='line_1_13' title="bbox 210 897 1673 940; baseline 0 -12"><span class='ocrx_word' id='word_1_139' title='bbox 210 898 308 934; x_wconf 88' lang='lat' dir='ltr'>viros,</span> <span class='ocrx_word' id='word_1_140' title='bbox 333 897 460 928; x_wconf 79' lang='lat' dir='ltr'>summis</span> <span class='ocrx_word' id='word_1_141' title='bbox 475 897 618 927; x_wconf 81' lang='lat' dir='ltr'>laudibus</span> <span class='ocrx_word' id='word_1_142' title='bbox 640 898 806 928; x_wconf 76' lang='lat' dir='ltr'>illustrare.</span> <span class='ocrx_word' id='word_1_143' title='bbox 851 897 930 928; x_wconf 72' lang='lat' dir='ltr'>Cas.</span> <span class='ocrx_word' id='word_1_144' title='bbox 954 898 982 928; x_wconf 93' lang='lat' dir='ltr'>O</span> <span class='ocrx_word' id='word_1_145' title='bbox 1007 899 1106 929; x_wconf 86' lang='lat' dir='ltr'>amice</span> <span class='ocrx_word' id='word_1_146' title='bbox 1130 898 1362 934; x_wconf 70' lang='lat' dir='ltr'>Hermocrates,</span> <span class='ocrx_word' id='word_1_147' title='bbox 1386 909 1456 929; x_wconf 81' lang='lat' dir='ltr'>curu</span> <span class='ocrx_word' id='word_1_148' title='bbox 1473 904 1596 940; x_wconf 86' lang='lat' dir='ltr'>postera</span> <span class='ocrx_word' id='word_1_149' title='bbox 1613 898 1673 928; x_wconf 90' lang='lat' dir='ltr'>tibi</span> 
     </span>
     <span class='ocr_line' id='line_1_14' title="bbox 213 951 1676 993; baseline 0 -11"><span class='ocrx_word' id='word_1_150' title='bbox 213 951 282 982; x_wconf 89' lang='lat' dir='ltr'>dies</span> <span class='ocrx_word' id='word_1_151' title='bbox 302 952 459 993; x_wconf 87' lang='lat' dir='ltr'>assignata</span> <span class='ocrx_word' id='word_1_152' title='bbox 475 952 525 987; x_wconf 86' lang='lat' dir='ltr'>sit,</span> <span class='ocrx_word' id='word_1_153' title='bbox 540 951 699 982; x_wconf 86' lang='lat' dir='ltr'>dicentem</span> <span class='ocrx_word' id='word_1_154' title='bbox 712 952 808 981; x_wconf 88' lang='lat' dir='ltr'>alium</span> <span class='ocrx_word' id='word_1_155' title='bbox 821 962 855 982; x_wconf 90' lang='lat' dir='ltr'>es</span> <span class='ocrx_word' id='word_1_156' title='bbox 868 957 1039 988; x_wconf 86' lang='lat' dir='ltr'>secuturus,</span> <span class='ocrx_word' id='word_1_157' title='bbox 1052 951 1186 993; x_wconf 84' lang='lat' dir='ltr'>ideoque</span> <span class='ocrx_word' id='word_1_158' title='bbox 1200 951 1343 982; x_wconf 86' lang='lat' dir='ltr'>confidis.</span> <span class='ocrx_word' id='word_1_159' title='bbox 1366 953 1459 993; x_wconf 88' lang='lat' dir='ltr'>quale</span> <span class='ocrx_word' id='word_1_160' title='bbox 1475 962 1550 983; x_wconf 79' lang='lat' dir='ltr'>vero</span> <span class='ocrx_word' id='word_1_161' title='bbox 1569 951 1604 982; x_wconf 88' lang='lat' dir='ltr'>id</span> <span class='ocrx_word' id='word_1_162' title='bbox 1623 952 1676 989; x_wconf 87' lang='lat' dir='ltr'>sit,</span> 
     </span>
     <span class='ocr_line' id='line_1_15' title="bbox 211 1005 1675 1047; baseline 0.001 -12"><span class='ocrx_word' id='word_1_163' title='bbox 211 1006 282 1046; x_wconf 86' lang='lat' dir='ltr'>ipse</span> <span class='ocrx_word' id='word_1_164' title='bbox 307 1005 365 1036; x_wconf 90' lang='lat' dir='ltr'>tibi</span> <span class='ocrx_word' id='word_1_165' title='bbox 389 1006 517 1036; x_wconf 82' lang='lat' dir='ltr'>forsitan</span> <span class='ocrx_word' id='word_1_166' title='bbox 542 1005 724 1036; x_wconf 70' lang='lat' dir='ltr'>declarabit.</span> <span class='ocrx_word' id='word_1_167' title='bbox 747 1006 925 1036; x_wconf 71' lang='lat' dir='ltr'>exhortanti</span> <span class='ocrx_word' id='word_1_168' title='bbox 950 1007 1056 1047; x_wconf 87' lang='lat' dir='ltr'>itaque</span> <span class='ocrx_word' id='word_1_169' title='bbox 1071 1006 1128 1037; x_wconf 89' lang='lat' dir='ltr'>tibi</span> <span class='ocrx_word' id='word_1_170' title='bbox 1152 1012 1183 1037; x_wconf 89' lang='lat' dir='ltr'>et</span> <span class='ocrx_word' id='word_1_171' title='bbox 1204 1005 1244 1036; x_wconf 88' lang='lat' dir='ltr'>ad</span> <span class='ocrx_word' id='word_1_172' title='bbox 1268 1017 1330 1037; x_wconf 87' lang='lat' dir='ltr'>rem</span> <span class='ocrx_word' id='word_1_173' title='bbox 1351 1006 1453 1047; x_wconf 88' lang='lat' dir='ltr'>ipsam</span> <span class='ocrx_word' id='word_1_174' title='bbox 1475 1006 1600 1047; x_wconf 88' lang='lat' dir='ltr'>penitus</span> <span class='ocrx_word' id='word_1_175' title='bbox 1624 1006 1675 1036; x_wconf 90' lang='lat' dir='ltr'>in-</span> 
     </span>
     <span class='ocr_line' id='line_1_16' title="bbox 214 1059 1675 1102; baseline 0.001 -12"><span class='ocrx_word' id='word_1_176' title='bbox 214 1059 389 1090; x_wconf 85' lang='lat' dir='ltr'>flammanti</span> <span class='ocrx_word' id='word_1_177' title='bbox 415 1059 605 1100; x_wconf 84' lang='lat' dir='ltr'>parendum:</span> <span class='ocrx_word' id='word_1_178' title='bbox 630 1065 662 1090; x_wconf 90' lang='lat' dir='ltr'>et</span> <span class='ocrx_word' id='word_1_179' title='bbox 681 1060 764 1090; x_wconf 89' lang='lat' dir='ltr'>ultra</span> <span class='ocrx_word' id='word_1_180' title='bbox 790 1060 889 1097; x_wconf 83' lang='lat' dir='ltr'>Deos,</span> <span class='ocrx_word' id='word_1_181' title='bbox 916 1071 994 1101; x_wconf 85' lang='lat' dir='ltr'>quos</span> <span class='ocrx_word' id='word_1_182' title='bbox 1017 1066 1050 1091; x_wconf 90' lang='lat' dir='ltr'>tu</span> <span class='ocrx_word' id='word_1_183' title='bbox 1073 1061 1278 1097; x_wconf 88' lang='lat' dir='ltr'>memorabas,</span> <span class='ocrx_word' id='word_1_184' title='bbox 1293 1060 1371 1091; x_wconf 87' lang='lat' dir='ltr'>alios</span> <span class='ocrx_word' id='word_1_185' title='bbox 1386 1061 1514 1102; x_wconf 85' lang='lat' dir='ltr'>insuper</span> <span class='ocrx_word' id='word_1_186' title='bbox 1529 1061 1675 1092; x_wconf 88' lang='lat' dir='ltr'>invocare</span> 
     </span>
     <span class='ocr_line' id='line_1_17' title="bbox 216 1113 1681 1157; baseline 0.002 -14"><span class='ocrx_word' id='word_1_187' title='bbox 216 1113 320 1150; x_wconf 84' lang='lat' dir='ltr'>decet,</span> <span class='ocrx_word' id='word_1_188' title='bbox 348 1114 568 1155; x_wconf 81' lang='lat' dir='ltr'>praecipueque</span> <span class='ocrx_word' id='word_1_189' title='bbox 594 1114 848 1156; x_wconf 86' lang='lat' dir='ltr'>Mnemosynem,</span> <span class='ocrx_word' id='word_1_190' title='bbox 869 1114 903 1144; x_wconf 92' lang='lat' dir='ltr'>id</span> <span class='ocrx_word' id='word_1_191' title='bbox 934 1121 982 1145; x_wconf 83' lang='lat' dir='ltr'>est</span> <span class='ocrx_word' id='word_1_192' title='bbox 1008 1115 1192 1146; x_wconf 84' lang='lat' dir='ltr'>memon&#39;am</span> <span class='ocrx_word' id='word_1_193' title='bbox 1207 1127 1213 1144; x_wconf 92' lang='lat'>:</span> <span class='ocrx_word' id='word_1_194' title='bbox 1250 1115 1348 1145; x_wconf 89' lang='lat' dir='ltr'>ferme</span> <span class='ocrx_word' id='word_1_195' title='bbox 1373 1125 1509 1157; x_wconf 88' lang='lat' dir='ltr'>namque</span> <span class='ocrx_word' id='word_1_196' title='bbox 1542 1115 1681 1146; x_wconf 80' lang='lat' dir='ltr'>maxima</span> 
     </span>
     <span class='ocr_line' id='line_1_18' title="bbox 215 1167 1678 1210; baseline 0.001 -12"><span class='ocrx_word' id='word_1_197' title='bbox 215 1178 347 1209; x_wconf 85' lang='lat' dir='ltr'>quaeque</span> <span class='ocrx_word' id='word_1_198' title='bbox 367 1178 544 1199; x_wconf 84' lang='lat' dir='ltr'>sermonum</span> <span class='ocrx_word' id='word_1_199' title='bbox 559 1173 735 1199; x_wconf 85' lang='lat' dir='ltr'>nostrorum</span> <span class='ocrx_word' id='word_1_200' title='bbox 748 1169 779 1198; x_wconf 91' lang='lat' dir='ltr'>in</span> <span class='ocrx_word' id='word_1_201' title='bbox 792 1169 850 1199; x_wconf 88' lang='lat' dir='ltr'>hac</span> <span class='ocrx_word' id='word_1_202' title='bbox 863 1167 923 1199; x_wconf 89' lang='lat' dir='ltr'>dea</span> <span class='ocrx_word' id='word_1_203' title='bbox 933 1170 1116 1200; x_wconf 88' lang='lat' dir='ltr'>consistunt.</span> <span class='ocrx_word' id='word_1_204' title='bbox 1131 1179 1246 1210; x_wconf 85' lang='lat' dir='ltr'>nempe</span> <span class='ocrx_word' id='word_1_205' title='bbox 1260 1169 1285 1200; x_wconf 92' lang='lat' dir='ltr'>si</span> <span class='ocrx_word' id='word_1_206' title='bbox 1296 1169 1485 1200; x_wconf 85' lang='lat' dir='ltr'>sufficienter</span> <span class='ocrx_word' id='word_1_207' title='bbox 1497 1169 1678 1200; x_wconf 87' lang='lat' dir='ltr'>memineri-</span> 
     </span>
     <span class='ocr_line' id='line_1_19' title="bbox 213 1223 1678 1264; baseline 0.001 -12"><span class='ocrx_word' id='word_1_208' title='bbox 213 1233 284 1253; x_wconf 89' lang='lat' dir='ltr'>mus</span> <span class='ocrx_word' id='word_1_209' title='bbox 308 1223 616 1264; x_wconf 88' lang='lat' dir='ltr'>recensuerimusque</span> <span class='ocrx_word' id='word_1_210' title='bbox 643 1233 727 1253; x_wconf 90' lang='lat' dir='ltr'>nunc</span> <span class='ocrx_word' id='word_1_211' title='bbox 744 1223 843 1259; x_wconf 88' lang='lat' dir='ltr'>vobis,</span> <span class='ocrx_word' id='word_1_212' title='bbox 870 1233 939 1264; x_wconf 80' lang='lat' dir='ltr'>quae</span> <span class='ocrx_word' id='word_1_213' title='bbox 962 1223 1120 1264; x_wconf 91' lang='lat' dir='ltr'>quondam</span> <span class='ocrx_word' id='word_1_214' title='bbox 1143 1234 1162 1254; x_wconf 91' lang='lat' dir='ltr'>a</span> <span class='ocrx_word' id='word_1_215' title='bbox 1175 1223 1388 1254; x_wconf 86' lang='lat' dir='ltr'>sacerdotibus</span> <span class='ocrx_word' id='word_1_216' title='bbox 1400 1223 1515 1254; x_wconf 84' lang='lat' dir='ltr'>tradita</span> <span class='ocrx_word' id='word_1_217' title='bbox 1528 1233 1547 1254; x_wconf 92' lang='lat' dir='ltr'>a</span> <span class='ocrx_word' id='word_1_218' title='bbox 1559 1223 1678 1255; x_wconf 85' lang='lat' dir='ltr'>Solone</span> 
     </span>
     <span class='ocr_line' id='line_1_20' title="bbox 215 1276 1677 1320; baseline 0.001 -13"><span class='ocrx_word' id='word_1_219' title='bbox 215 1277 276 1307; x_wconf 89' lang='lat' dir='ltr'>huc</span> <span class='ocrx_word' id='word_1_220' title='bbox 289 1276 422 1307; x_wconf 85' lang='lat' dir='ltr'>advecta</span> <span class='ocrx_word' id='word_1_221' title='bbox 436 1277 569 1313; x_wconf 86' lang='lat' dir='ltr'>fuerunt,</span> <span class='ocrx_word' id='word_1_222' title='bbox 583 1277 758 1307; x_wconf 86' lang='lat' dir='ltr'>videbimur</span> <span class='ocrx_word' id='word_1_223' title='bbox 769 1278 892 1308; x_wconf 88' lang='lat' dir='ltr'>theatro</span> <span class='ocrx_word' id='word_1_224' title='bbox 905 1278 987 1313; x_wconf 87' lang='lat' dir='ltr'>huic,</span> <span class='ocrx_word' id='word_1_225' title='bbox 997 1284 1030 1308; x_wconf 85' lang='lat' dir='ltr'>ut</span> <span class='ocrx_word' id='word_1_226' title='bbox 1044 1278 1185 1319; x_wconf 75' lang='lat' dir='ltr'>arbitror,</span> <span class='ocrx_word' id='word_1_227' title='bbox 1208 1278 1284 1308; x_wconf 90' lang='lat' dir='ltr'>satis</span> <span class='ocrx_word' id='word_1_228' title='bbox 1297 1288 1366 1320; x_wconf 89' lang='lat' dir='ltr'>quae</span> <span class='ocrx_word' id='word_1_229' title='bbox 1383 1277 1573 1308; x_wconf 87' lang='lat' dir='ltr'>conveniunt</span> <span class='ocrx_word' id='word_1_230' title='bbox 1586 1287 1677 1319; x_wconf 81' lang='lat' dir='ltr'>pere-</span> 
     </span>
     <span class='ocr_line' id='line_1_21' title="bbox 216 1331 1681 1373; baseline 0.001 -12"><span class='ocrx_word' id='word_1_231' title='bbox 216 1331 310 1372; x_wconf 84' lang='lat' dir='ltr'>gisse.</span> <span class='ocrx_word' id='word_1_232' title='bbox 332 1332 391 1362; x_wconf 89' lang='lat' dir='ltr'>hoc</span> <span class='ocrx_word' id='word_1_233' title='bbox 415 1331 522 1373; x_wconf 86' lang='lat' dir='ltr'>itaque</span> <span class='ocrx_word' id='word_1_234' title='bbox 544 1331 613 1372; x_wconf 90' lang='lat' dir='ltr'>jam</span> <span class='ocrx_word' id='word_1_235' title='bbox 638 1331 805 1372; x_wconf 86' lang='lat' dir='ltr'>agendum,</span> <span class='ocrx_word' id='word_1_236' title='bbox 830 1342 933 1373; x_wconf 91' lang='lat' dir='ltr'>neque</span> <span class='ocrx_word' id='word_1_237' title='bbox 952 1333 1033 1362; x_wconf 92' lang='lat' dir='ltr'>ultra</span> <span class='ocrx_word' id='word_1_238' title='bbox 1055 1331 1278 1363; x_wconf 79' lang='lat' dir='ltr'>cunctandum.</span> <span class='ocrx_word' id='word_1_239' title='bbox 1321 1331 1461 1362; x_wconf 90' lang='lat' dir='ltr'>Primum</span> <span class='ocrx_word' id='word_1_240' title='bbox 1476 1336 1581 1362; x_wconf 87' lang='lat' dir='ltr'>autem</span> <span class='ocrx_word' id='word_1_241' title='bbox 1594 1342 1681 1362; x_wconf 88' lang='lat' dir='ltr'>com·</span> 
     </span>
     <span class='ocr_line' id='line_1_22' title="bbox 216 1385 1680 1427; baseline 0.001 -12"><span class='ocrx_word' id='word_1_242' title='bbox 216 1395 436 1420; x_wconf 85' lang='lat' dir='ltr'>memoremus,</span> <span class='ocrx_word' id='word_1_243' title='bbox 460 1385 544 1426; x_wconf 90' lang='lat' dir='ltr'>quod</span> <span class='ocrx_word' id='word_1_244' title='bbox 568 1396 688 1416; x_wconf 87' lang='lat' dir='ltr'>summa</span> <span class='ocrx_word' id='word_1_245' title='bbox 709 1391 775 1415; x_wconf 87' lang='lat' dir='ltr'>erat</span> <span class='ocrx_word' id='word_1_246' title='bbox 799 1396 950 1416; x_wconf 91' lang='lat' dir='ltr'>annorum</span> <span class='ocrx_word' id='word_1_247' title='bbox 964 1396 1078 1416; x_wconf 80' lang='lat' dir='ltr'>novem</span> <span class='ocrx_word' id='word_1_248' title='bbox 1093 1386 1239 1422; x_wconf 89' lang='lat' dir='ltr'>millium,</span> <span class='ocrx_word' id='word_1_249' title='bbox 1253 1395 1290 1416; x_wconf 83' lang='lat' dir='ltr'>ex</span> <span class='ocrx_word' id='word_1_250' title='bbox 1309 1396 1370 1427; x_wconf 90' lang='lat' dir='ltr'>quo</span> <span class='ocrx_word' id='word_1_251' title='bbox 1384 1385 1503 1416; x_wconf 91' lang='lat' dir='ltr'>bellum</span> <span class='ocrx_word' id='word_1_252' title='bbox 1519 1385 1680 1416; x_wconf 80' lang='lat' dir='ltr'>exstitisse</span> 
     </span>
     <span class='ocr_line' id='line_1_23' title="bbox 215 1438 1680 1481; baseline 0.001 -12"><span class='ocrx_word' id='word_1_253' title='bbox 215 1438 366 1469; x_wconf 73' lang='lat' dir='ltr'>traditum</span> <span class='ocrx_word' id='word_1_254' title='bbox 390 1443 438 1470; x_wconf 88' lang='lat' dir='ltr'>est</span> <span class='ocrx_word' id='word_1_255' title='bbox 459 1440 542 1470; x_wconf 87' lang='lat' dir='ltr'>inter</span> <span class='ocrx_word' id='word_1_256' title='bbox 561 1449 615 1470; x_wconf 89' lang='lat' dir='ltr'>eos</span> <span class='ocrx_word' id='word_1_257' title='bbox 629 1450 739 1470; x_wconf 89' lang='lat' dir='ltr'>omnes</span> <span class='ocrx_word' id='word_1_258' title='bbox 755 1439 808 1480; x_wconf 91' lang='lat' dir='ltr'>qui</span> <span class='ocrx_word' id='word_1_259' title='bbox 821 1440 902 1470; x_wconf 85' lang='lat' dir='ltr'>ultra</span> <span class='ocrx_word' id='word_1_260' title='bbox 916 1446 948 1470; x_wconf 90' lang='lat' dir='ltr'>et</span> <span class='ocrx_word' id='word_1_261' title='bbox 964 1450 1017 1471; x_wconf 92' lang='lat' dir='ltr'>eos</span> <span class='ocrx_word' id='word_1_262' title='bbox 1030 1440 1083 1481; x_wconf 92' lang='lat' dir='ltr'>qui</span> <span class='ocrx_word' id='word_1_263' title='bbox 1096 1440 1174 1470; x_wconf 89' lang='lat' dir='ltr'>citra</span> <span class='ocrx_word' id='word_1_264' title='bbox 1187 1441 1348 1471; x_wconf 85' lang='lat' dir='ltr'>columnas</span> <span class='ocrx_word' id='word_1_265' title='bbox 1361 1439 1509 1470; x_wconf 89' lang='lat' dir='ltr'>Herculis</span> <span class='ocrx_word' id='word_1_266' title='bbox 1525 1439 1680 1477; x_wconf 84' lang='lat' dir='ltr'>habitant,</span> 
     </span>
     <span class='ocr_line' id='line_1_24' title="bbox 216 1492 1679 1536; baseline 0.001 -13"><span class='ocrx_word' id='word_1_267' title='bbox 216 1492 302 1534; x_wconf 85' lang='lat' dir='ltr'>quod</span> <span class='ocrx_word' id='word_1_268' title='bbox 314 1492 347 1523; x_wconf 89' lang='lat' dir='ltr'>in</span> <span class='ocrx_word' id='word_1_269' title='bbox 360 1494 529 1534; x_wconf 70' lang='lat' dir='ltr'>praesentia</span> <span class='ocrx_word' id='word_1_270' title='bbox 541 1494 713 1525; x_wconf 82' lang='lat' dir='ltr'>enarraturi</span> <span class='ocrx_word' id='word_1_271' title='bbox 729 1504 845 1526; x_wconf 77' lang='lat' dir='ltr'>sumus,</span> <span class='ocrx_word' id='word_1_272' title='bbox 868 1495 978 1525; x_wconf 88' lang='lat' dir='ltr'>horum</span> <span class='ocrx_word' id='word_1_273' title='bbox 991 1494 1119 1536; x_wconf 86' lang='lat' dir='ltr'>quidem</span> <span class='ocrx_word' id='word_1_274' title='bbox 1132 1494 1192 1524; x_wconf 86' lang='lat' dir='ltr'>dux</span> <span class='ocrx_word' id='word_1_275' title='bbox 1208 1495 1267 1525; x_wconf 85' lang='lat' dir='ltr'>fuit</span> <span class='ocrx_word' id='word_1_276' title='bbox 1280 1495 1347 1526; x_wconf 78' lang='lat' dir='ltr'>haec</span> <span class='ocrx_word' id='word_1_277' title='bbox 1365 1494 1485 1530; x_wconf 82' lang='lat' dir='ltr'>civitas,</span> <span class='ocrx_word' id='word_1_278' title='bbox 1498 1494 1679 1536; x_wconf 89' lang='lat' dir='ltr'>bellumque</span> 
     </span>
     <span class='ocr_line' id='line_1_25' title="bbox 214 1547 1679 1590; baseline 0.002 -13"><span class='ocrx_word' id='word_1_279' title='bbox 214 1557 320 1582; x_wconf 88' lang='lat' dir='ltr'>omne,</span> <span class='ocrx_word' id='word_1_280' title='bbox 346 1552 381 1577; x_wconf 91' lang='lat' dir='ltr'>ut</span> <span class='ocrx_word' id='word_1_281' title='bbox 404 1547 528 1584; x_wconf 84' lang='lat' dir='ltr'>dicitur,</span> <span class='ocrx_word' id='word_1_282' title='bbox 553 1548 711 1579; x_wconf 84' lang='lat' dir='ltr'>confecit:</span> <span class='ocrx_word' id='word_1_283' title='bbox 735 1549 860 1579; x_wconf 90' lang='lat' dir='ltr'>illorum</span> <span class='ocrx_word' id='word_1_284' title='bbox 885 1554 990 1580; x_wconf 87' lang='lat' dir='ltr'>autem</span> <span class='ocrx_word' id='word_1_285' title='bbox 1013 1549 1123 1579; x_wconf 83' lang='lat' dir='ltr'>insulae</span> <span class='ocrx_word' id='word_1_286' title='bbox 1136 1549 1303 1580; x_wconf 81' lang='lat' dir='ltr'>Atlanticae</span> <span class='ocrx_word' id='word_1_287' title='bbox 1317 1558 1420 1590; x_wconf 89' lang='lat' dir='ltr'>reges,</span> <span class='ocrx_word' id='word_1_288' title='bbox 1436 1559 1531 1590; x_wconf 84' lang='lat' dir='ltr'>quam</span> <span class='ocrx_word' id='word_1_289' title='bbox 1542 1549 1679 1580; x_wconf 87' lang='lat' dir='ltr'>insulam</span> 
     </span>
     <span class='ocr_line' id='line_1_26' title="bbox 215 1600 1683 1645; baseline 0.001 -14"><span class='ocrx_word' id='word_1_290' title='bbox 215 1600 320 1643; x_wconf 81' lang='lat' dir='ltr'>Libya</span> <span class='ocrx_word' id='word_1_291' title='bbox 346 1601 485 1643; x_wconf 84' lang='lat' dir='ltr'>Asiaque</span> <span class='ocrx_word' id='word_1_292' title='bbox 500 1602 649 1644; x_wconf 85' lang='lat' dir='ltr'>majorem</span> <span class='ocrx_word' id='word_1_293' title='bbox 662 1602 757 1633; x_wconf 86' lang='lat' dir='ltr'>fuisse</span> <span class='ocrx_word' id='word_1_294' title='bbox 774 1602 961 1644; x_wconf 83' lang='lat' dir='ltr'>quandoque</span> <span class='ocrx_word' id='word_1_295' title='bbox 978 1603 1202 1645; x_wconf 81' lang='lat' dir='ltr'>perhibuimus,</span> <span class='ocrx_word' id='word_1_296' title='bbox 1217 1610 1327 1644; x_wconf 87' lang='lat' dir='ltr'>postea</span> <span class='ocrx_word' id='word_1_297' title='bbox 1343 1613 1416 1633; x_wconf 80' lang='lat' dir='ltr'>vero</span> <span class='ocrx_word' id='word_1_298' title='bbox 1431 1613 1551 1633; x_wconf 76' lang='lat' dir='ltr'>coenum</span> <span class='ocrx_word' id='word_1_299' title='bbox 1567 1603 1612 1633; x_wconf 91' lang='lat' dir='ltr'>ibi</span> <span class='ocrx_word' id='word_1_300' title='bbox 1632 1604 1683 1633; x_wconf 91' lang='lat' dir='ltr'>in-</span> 
     </span>
     <span class='ocr_line' id='line_1_27' title="bbox 215 1655 1680 1698; baseline 0.001 -12"><span class='ocrx_word' id='word_1_301' title='bbox 215 1655 312 1691; x_wconf 85' lang='lat' dir='ltr'>vium,</span> <span class='ocrx_word' id='word_1_302' title='bbox 323 1655 482 1686; x_wconf 84' lang='lat' dir='ltr'>submersa</span> <span class='ocrx_word' id='word_1_303' title='bbox 492 1657 596 1687; x_wconf 88' lang='lat' dir='ltr'>insula</span> <span class='ocrx_word' id='word_1_304' title='bbox 609 1667 648 1687; x_wconf 85' lang='lat' dir='ltr'>ex</span> <span class='ocrx_word' id='word_1_305' title='bbox 657 1662 747 1687; x_wconf 86' lang='lat' dir='ltr'>terrae</span> <span class='ocrx_word' id='word_1_306' title='bbox 762 1658 978 1693; x_wconf 80' lang='lat' dir='ltr'>concussione,</span> <span class='ocrx_word' id='word_1_307' title='bbox 995 1657 1151 1693; x_wconf 89' lang='lat' dir='ltr'>relictum,</span> <span class='ocrx_word' id='word_1_308' title='bbox 1167 1657 1251 1698; x_wconf 87' lang='lat' dir='ltr'>quod</span> <span class='ocrx_word' id='word_1_309' title='bbox 1263 1656 1391 1698; x_wconf 89' lang='lat' dir='ltr'>quidem</span> <span class='ocrx_word' id='word_1_310' title='bbox 1403 1657 1475 1688; x_wconf 89' lang='lat' dir='ltr'>hinc</span> <span class='ocrx_word' id='word_1_311' title='bbox 1488 1657 1564 1688; x_wconf 90' lang='lat' dir='ltr'>illuc</span> <span class='ocrx_word' id='word_1_312' title='bbox 1581 1657 1680 1688; x_wconf 86' lang='lat' dir='ltr'>altum</span> 
     </span>
     <span class='ocr_line' id='line_1_28' title="bbox 216 1709 1683 1754; baseline 0.002 -15"><span class='ocrx_word' id='word_1_313' title='bbox 216 1709 250 1740; x_wconf 88' lang='lat' dir='ltr'>in</span> <span class='ocrx_word' id='word_1_314' title='bbox 266 1719 351 1740; x_wconf 87' lang='lat' dir='ltr'>mare</span> <span class='ocrx_word' id='word_1_315' title='bbox 364 1710 583 1751; x_wconf 85' lang='lat' dir='ltr'>navigantibus</span> <span class='ocrx_word' id='word_1_316' title='bbox 596 1711 708 1747; x_wconf 76' lang='lat' dir='ltr'>obstat,</span> <span class='ocrx_word' id='word_1_317' title='bbox 724 1721 765 1742; x_wconf 89' lang='lat' dir='ltr'>ne</span> <span class='ocrx_word' id='word_1_318' title='bbox 778 1712 860 1742; x_wconf 84' lang='lat' dir='ltr'>ultra</span> <span class='ocrx_word' id='word_1_319' title='bbox 869 1712 1034 1753; x_wconf 86' lang='lat' dir='ltr'>enavigare</span> <span class='ocrx_word' id='word_1_320' title='bbox 1048 1712 1153 1742; x_wconf 88' lang='lat' dir='ltr'>liceat.</span> <span class='ocrx_word' id='word_1_321' title='bbox 1178 1711 1274 1754; x_wconf 86' lang='lat'><strong>[109]</strong></span> <span class='ocrx_word' id='word_1_322' title='bbox 1301 1717 1412 1752; x_wconf 85' lang='lat' dir='ltr'>gentes</span> <span class='ocrx_word' id='word_1_323' title='bbox 1427 1710 1555 1753; x_wconf 89' lang='lat' dir='ltr'>quidem</span> <span class='ocrx_word' id='word_1_324' title='bbox 1570 1711 1683 1742; x_wconf 89' lang='lat' dir='ltr'>barba-</span> 
     </span>
     <span class='ocr_line' id='line_1_29' title="bbox 215 1764 1685 1807; baseline 0.001 -13"><span class='ocrx_word' id='word_1_325' title='bbox 215 1773 281 1805; x_wconf 86' lang='lat' dir='ltr'>ras,</span> <span class='ocrx_word' id='word_1_326' title='bbox 297 1775 365 1806; x_wconf 83' lang='lat' dir='ltr'>quae</span> <span class='ocrx_word' id='word_1_327' title='bbox 378 1769 452 1795; x_wconf 85' lang='lat' dir='ltr'>tunc</span> <span class='ocrx_word' id='word_1_328' title='bbox 469 1772 568 1801; x_wconf 89' lang='lat' dir='ltr'>erant,</span> <span class='ocrx_word' id='word_1_329' title='bbox 581 1764 770 1807; x_wconf 84' lang='lat' dir='ltr'>Graecasque</span> <span class='ocrx_word' id='word_1_330' title='bbox 786 1766 959 1806; x_wconf 87' lang='lat' dir='ltr'>generatim</span> <span class='ocrx_word' id='word_1_331' title='bbox 974 1765 1122 1796; x_wconf 88' lang='lat' dir='ltr'>orationis</span> <span class='ocrx_word' id='word_1_332' title='bbox 1137 1766 1236 1807; x_wconf 88' lang='lat' dir='ltr'>ipsius</span> <span class='ocrx_word' id='word_1_333' title='bbox 1253 1775 1434 1807; x_wconf 84' lang='lat' dir='ltr'>progressus</span> <span class='ocrx_word' id='word_1_334' title='bbox 1447 1765 1575 1806; x_wconf 83' lang='lat' dir='ltr'>passim,</span> <span class='ocrx_word' id='word_1_335' title='bbox 1591 1771 1685 1807; x_wconf 89' lang='lat' dir='ltr'>prout</span> 
     </span>
     <span class='ocr_line' id='line_1_30' title="bbox 218 1817 1684 1861; baseline 0 -11"><span class='ocrx_word' id='word_1_336' title='bbox 218 1818 344 1850; x_wconf 88' lang='lat' dir='ltr'>occasio</span> <span class='ocrx_word' id='word_1_337' title='bbox 366 1817 499 1854; x_wconf 89' lang='lat' dir='ltr'>dabitur,</span> <span class='ocrx_word' id='word_1_338' title='bbox 515 1819 671 1850; x_wconf 88' lang='lat' dir='ltr'>enarrabit</span> <span class='ocrx_word' id='word_1_339' title='bbox 686 1831 692 1848; x_wconf 91' lang='lat'>:</span> <span class='ocrx_word' id='word_1_340' title='bbox 717 1819 962 1850; x_wconf 87' lang='lat' dir='ltr'>Atheniensium</span> <span class='ocrx_word' id='word_1_341' title='bbox 974 1825 1089 1856; x_wconf 85' lang='lat' dir='ltr'>autem,</span> <span class='ocrx_word' id='word_1_342' title='bbox 1103 1820 1158 1861; x_wconf 91' lang='lat' dir='ltr'>qui</span> <span class='ocrx_word' id='word_1_343' title='bbox 1172 1825 1246 1851; x_wconf 88' lang='lat' dir='ltr'>tunc</span> <span class='ocrx_word' id='word_1_344' title='bbox 1260 1825 1359 1855; x_wconf 87' lang='lat' dir='ltr'>erant,</span> <span class='ocrx_word' id='word_1_345' title='bbox 1374 1819 1684 1861; x_wconf 83' lang='lat' dir='ltr'>adversariorumque</span> 
     </span>
     <span class='ocr_line' id='line_1_31' title="bbox 217 1873 1680 1915; baseline -0.001 -11"><span class='ocrx_word' id='word_1_346' title='bbox 217 1873 302 1904; x_wconf 87' lang='lat' dir='ltr'>vires</span> <span class='ocrx_word' id='word_1_347' title='bbox 316 1873 348 1903; x_wconf 89' lang='lat' dir='ltr'>in</span> <span class='ocrx_word' id='word_1_348' title='bbox 361 1873 470 1914; x_wconf 85' lang='lat' dir='ltr'>primis</span> <span class='ocrx_word' id='word_1_349' title='bbox 480 1883 530 1904; x_wconf 88' lang='lat' dir='ltr'>res</span> <span class='ocrx_word' id='word_1_350' title='bbox 557 1874 771 1915; x_wconf 88' lang='lat' dir='ltr'>publicasque,</span> <span class='ocrx_word' id='word_1_351' title='bbox 786 1879 818 1904; x_wconf 89' lang='lat' dir='ltr'>et</span> <span class='ocrx_word' id='word_1_352' title='bbox 827 1874 905 1904; x_wconf 91' lang='lat' dir='ltr'>belli</span> <span class='ocrx_word' id='word_1_353' title='bbox 917 1873 1060 1904; x_wconf 87' lang='lat' dir='ltr'>ordinem</span> <span class='ocrx_word' id='word_1_354' title='bbox 1073 1879 1166 1914; x_wconf 79' lang='lat' dir='ltr'>atque</span> <span class='ocrx_word' id='word_1_355' title='bbox 1180 1884 1368 1909; x_wconf 89' lang='lat' dir='ltr'>successum,</span> <span class='ocrx_word' id='word_1_356' title='bbox 1391 1883 1548 1914; x_wconf 84' lang='lat' dir='ltr'>exponere</span> <span class='ocrx_word' id='word_1_357' title='bbox 1574 1874 1680 1904; x_wconf 88' lang='lat' dir='ltr'>decet.</span> 
     </span>
     <span class='ocr_line' id='line_1_32' title="bbox 219 1927 1681 1969; baseline 0.001 -12"><span class='ocrx_word' id='word_1_358' title='bbox 219 1928 328 1958; x_wconf 86' lang='lat' dir='ltr'>horum</span> <span class='ocrx_word' id='word_1_359' title='bbox 343 1937 414 1957; x_wconf 89' lang='lat' dir='ltr'>vero</span> <span class='ocrx_word' id='word_1_360' title='bbox 428 1927 567 1968; x_wconf 86' lang='lat' dir='ltr'>ipsorum</span> <span class='ocrx_word' id='word_1_361' title='bbox 582 1934 689 1959; x_wconf 87' lang='lat' dir='ltr'>nostra</span> <span class='ocrx_word' id='word_1_362' title='bbox 703 1929 837 1969; x_wconf 83' lang='lat' dir='ltr'>primum</span> <span class='ocrx_word' id='word_1_363' title='bbox 852 1929 1056 1959; x_wconf 83' lang='lat' dir='ltr'>narrabimus.</span> <span class='ocrx_word' id='word_1_364' title='bbox 1083 1927 1140 1959; x_wconf 88' lang='lat' dir='ltr'>Dii</span> <span class='ocrx_word' id='word_1_365' title='bbox 1162 1927 1320 1969; x_wconf 86' lang='lat' dir='ltr'>quondam</span> <span class='ocrx_word' id='word_1_366' title='bbox 1334 1928 1514 1958; x_wconf 82' lang='lat' dir='ltr'>universum</span> <span class='ocrx_word' id='word_1_367' title='bbox 1529 1934 1618 1958; x_wconf 83' lang='lat' dir='ltr'>terrae</span> <span class='ocrx_word' id='word_1_368' title='bbox 1632 1938 1681 1958; x_wconf 89' lang='lat' dir='ltr'>or-</span> 
     </span>
     <span class='ocr_line' id='line_1_33' title="bbox 220 1981 1684 2024; baseline 0.001 -13"><span class='ocrx_word' id='word_1_369' title='bbox 220 1981 292 2012; x_wconf 91' lang='lat' dir='ltr'>bem</span> <span class='ocrx_word' id='word_1_370' title='bbox 315 1981 478 2023; x_wconf 84' lang='lat' dir='ltr'>sigillatim</span> <span class='ocrx_word' id='word_1_371' title='bbox 499 1982 601 2013; x_wconf 88' lang='lat' dir='ltr'>sortiti</span> <span class='ocrx_word' id='word_1_372' title='bbox 626 1989 708 2019; x_wconf 84' lang='lat' dir='ltr'>sunt,</span> <span class='ocrx_word' id='word_1_373' title='bbox 733 1983 766 2013; x_wconf 92' lang='lat' dir='ltr'>in</span> <span class='ocrx_word' id='word_1_374' title='bbox 791 1983 932 2024; x_wconf 82' lang='lat' dir='ltr'>regiones</span> <span class='ocrx_word' id='word_1_375' title='bbox 955 1983 1094 2024; x_wconf 85' lang='lat' dir='ltr'>singulas</span> <span class='ocrx_word' id='word_1_376' title='bbox 1114 1982 1323 2013; x_wconf 86' lang='lat' dir='ltr'>distributum.</span> <span class='ocrx_word' id='word_1_377' title='bbox 1355 1992 1459 2024; x_wconf 91' lang='lat' dir='ltr'>neque</span> <span class='ocrx_word' id='word_1_378' title='bbox 1480 1982 1684 2024; x_wconf 81' lang='lat' dir='ltr'>partitionem</span> 
     </span>
     <span class='ocr_line' id='line_1_34' title="bbox 222 2035 1682 2078; baseline 0.001 -13"><span class='ocrx_word' id='word_1_379' title='bbox 222 2035 305 2066; x_wconf 86' lang='lat' dir='ltr'>banc</span> <span class='ocrx_word' id='word_1_380' title='bbox 327 2036 486 2066; x_wconf 85' lang='lat' dir='ltr'>contentio</span> <span class='ocrx_word' id='word_1_381' title='bbox 510 2035 597 2066; x_wconf 89' lang='lat' dir='ltr'>fecit.</span> <span class='ocrx_word' id='word_1_382' title='bbox 618 2047 693 2067; x_wconf 86' lang='lat' dir='ltr'>nam</span> <span class='ocrx_word' id='word_1_383' title='bbox 716 2038 822 2078; x_wconf 89' lang='lat' dir='ltr'>procul</span> <span class='ocrx_word' id='word_1_384' title='bbox 848 2047 866 2068; x_wconf 87' lang='lat' dir='ltr'>a</span> <span class='ocrx_word' id='word_1_385' title='bbox 890 2038 1012 2068; x_wconf 89' lang='lat' dir='ltr'>ratione</span> <span class='ocrx_word' id='word_1_386' title='bbox 1037 2037 1071 2067; x_wconf 89' lang='lat' dir='ltr'>id</span> <span class='ocrx_word' id='word_1_387' title='bbox 1088 2042 1182 2073; x_wconf 85' lang='lat' dir='ltr'>esset,</span> <span class='ocrx_word' id='word_1_388' title='bbox 1196 2036 1279 2078; x_wconf 86' lang='lat' dir='ltr'>quod</span> <span class='ocrx_word' id='word_1_389' title='bbox 1292 2036 1351 2067; x_wconf 83' lang='lat' dir='ltr'>Dii</span> <span class='ocrx_word' id='word_1_390' title='bbox 1366 2037 1418 2067; x_wconf 84' lang='lat' dir='ltr'>vel</span> <span class='ocrx_word' id='word_1_391' title='bbox 1431 2047 1500 2078; x_wconf 84' lang='lat' dir='ltr'>quae</span> <span class='ocrx_word' id='word_1_392' title='bbox 1513 2036 1682 2078; x_wconf 87' lang='lat' dir='ltr'>unicuique</span> 
     </span>
     <span class='ocr_line' id='line_1_35' title="bbox 219 2088 1685 2132; baseline 0.001 -13"><span class='ocrx_word' id='word_1_393' title='bbox 219 2088 355 2130; x_wconf 89' lang='lat' dir='ltr'>ipsorum</span> <span class='ocrx_word' id='word_1_394' title='bbox 370 2089 572 2125; x_wconf 83' lang='lat' dir='ltr'>conveniunt,</span> <span class='ocrx_word' id='word_1_395' title='bbox 583 2090 771 2132; x_wconf 84' lang='lat' dir='ltr'>ignorarent,</span> <span class='ocrx_word' id='word_1_396' title='bbox 784 2091 834 2121; x_wconf 84' lang='lat' dir='ltr'>vel</span> <span class='ocrx_word' id='word_1_397' title='bbox 847 2096 1082 2132; x_wconf 84' lang='lat' dir='ltr'>cognoscentes,</span> <span class='ocrx_word' id='word_1_398' title='bbox 1097 2101 1166 2132; x_wconf 84' lang='lat' dir='ltr'>quae</span> <span class='ocrx_word' id='word_1_399' title='bbox 1178 2093 1282 2132; x_wconf 84' lang='lat' dir='ltr'>potius</span> <span class='ocrx_word' id='word_1_400' title='bbox 1295 2091 1364 2121; x_wconf 87' lang='lat' dir='ltr'>aliis</span> <span class='ocrx_word' id='word_1_401' title='bbox 1377 2094 1570 2132; x_wconf 86' lang='lat' dir='ltr'>competunt,</span> <span class='ocrx_word' id='word_1_402' title='bbox 1579 2090 1685 2121; x_wconf 78' lang='lat' dir='ltr'>aliena</span> 
     </span>
     <span class='ocr_line' id='line_1_36' title="bbox 216 2142 1684 2186; baseline 0.001 -13"><span class='ocrx_word' id='word_1_403' title='bbox 216 2142 291 2184; x_wconf 80' lang='lat' dir='ltr'>jura</span> <span class='ocrx_word' id='word_1_404' title='bbox 301 2143 437 2174; x_wconf 81' lang='lat' dir='ltr'>vicissim</span> <span class='ocrx_word' id='word_1_405' title='bbox 446 2154 594 2184; x_wconf 81' lang='lat' dir='ltr'>usurpare</span> <span class='ocrx_word' id='word_1_406' title='bbox 610 2143 847 2174; x_wconf 78' lang='lat' dir='ltr'>contenderent.</span> <span class='ocrx_word' id='word_1_407' title='bbox 862 2149 1000 2175; x_wconf 85' lang='lat' dir='ltr'>ceterum</span> <span class='ocrx_word' id='word_1_408' title='bbox 1009 2144 1123 2185; x_wconf 88' lang='lat' dir='ltr'>judicii</span> <span class='ocrx_word' id='word_1_409' title='bbox 1129 2144 1269 2186; x_wconf 79' lang='lat' dir='ltr'>jurisque</span> <span class='ocrx_word' id='word_1_410' title='bbox 1286 2144 1417 2175; x_wconf 83' lang='lat' dir='ltr'>sortibus</span> <span class='ocrx_word' id='word_1_411' title='bbox 1432 2154 1487 2174; x_wconf 87' lang='lat' dir='ltr'>sua</span> <span class='ocrx_word' id='word_1_412' title='bbox 1499 2154 1631 2186; x_wconf 78' lang='lat' dir='ltr'>quaeque</span> <span class='ocrx_word' id='word_1_413' title='bbox 1643 2144 1684 2175; x_wconf 89' lang='lat' dir='ltr'>ad</span> 
     </span>
     <span class='ocr_line' id='line_1_37' title="bbox 220 2197 1682 2240; baseline 0.001 -14"><span class='ocrx_word' id='word_1_414' title='bbox 220 2200 329 2228; x_wconf 87' lang='lat' dir='ltr'>votum</span> <span class='ocrx_word' id='word_1_415' title='bbox 336 2197 553 2238; x_wconf 84' lang='lat' dir='ltr'>suscipientes,</span> <span class='ocrx_word' id='word_1_416' title='bbox 563 2203 768 2239; x_wconf 86' lang='lat' dir='ltr'>curantesque</span> <span class='ocrx_word' id='word_1_417' title='bbox 780 2198 948 2228; x_wconf 88' lang='lat' dir='ltr'>amicorum</span> <span class='ocrx_word' id='word_1_418' title='bbox 955 2199 1088 2240; x_wconf 82' lang='lat' dir='ltr'>singula,</span> <span class='ocrx_word' id='word_1_419' title='bbox 1098 2198 1240 2239; x_wconf 79' lang='lat' dir='ltr'>regiones</span> <span class='ocrx_word' id='word_1_420' title='bbox 1247 2197 1432 2229; x_wconf 87' lang='lat' dir='ltr'>habitandas</span> <span class='ocrx_word' id='word_1_421' title='bbox 1443 2197 1663 2239; x_wconf 86' lang='lat' dir='ltr'>disposuerunt</span> <span class='ocrx_word' id='word_1_422' title='bbox 1675 2211 1682 2228; x_wconf 92' lang='lat'>:</span> 
     </span>
     <span class='ocr_line' id='line_1_38' title="bbox 223 2251 1681 2293; baseline 0.001 -12"><span class='ocrx_word' id='word_1_423' title='bbox 223 2251 342 2293; x_wconf 79' lang='lat' dir='ltr'>hosque</span> <span class='ocrx_word' id='word_1_424' title='bbox 356 2252 452 2282; x_wconf 87' lang='lat' dir='ltr'>veluti</span> <span class='ocrx_word' id='word_1_425' title='bbox 465 2262 574 2293; x_wconf 84' lang='lat' dir='ltr'>greges</span> <span class='ocrx_word' id='word_1_426' title='bbox 585 2251 721 2293; x_wconf 87' lang='lat' dir='ltr'>ipsorum</span> <span class='ocrx_word' id='word_1_427' title='bbox 731 2252 1007 2293; x_wconf 88' lang='lat' dir='ltr'>possessionesque</span> <span class='ocrx_word' id='word_1_428' title='bbox 1020 2259 1052 2282; x_wconf 86' lang='lat' dir='ltr'>et</span> <span class='ocrx_word' id='word_1_429' title='bbox 1075 2259 1215 2282; x_wconf 77' lang='lat' dir='ltr'>armenta</span> <span class='ocrx_word' id='word_1_430' title='bbox 1233 2252 1402 2287; x_wconf 72' lang='lat' dir='ltr'>nutrivere,</span> <span class='ocrx_word' id='word_1_431' title='bbox 1421 2253 1480 2283; x_wconf 83' lang='lat' dir='ltr'>hoc</span> <span class='ocrx_word' id='word_1_432' title='bbox 1495 2257 1600 2283; x_wconf 87' lang='lat' dir='ltr'>tamen</span> <span class='ocrx_word' id='word_1_433' title='bbox 1625 2262 1681 2283; x_wconf 81' lang='lat' dir='ltr'>ex-</span> 
     </span>
     <span class='ocr_line' id='line_1_39' title="bbox 223 2305 1680 2350; baseline 0.001 -13"><span class='ocrx_word' id='word_1_434' title='bbox 223 2311 331 2348; x_wconf 89' lang='lat' dir='ltr'>cepto,</span> <span class='ocrx_word' id='word_1_435' title='bbox 348 2305 432 2347; x_wconf 88' lang='lat' dir='ltr'>quod</span> <span class='ocrx_word' id='word_1_436' title='bbox 453 2306 632 2347; x_wconf 85' lang='lat' dir='ltr'>corporibus</span> <span class='ocrx_word' id='word_1_437' title='bbox 646 2317 774 2347; x_wconf 88' lang='lat' dir='ltr'>corpora</span> <span class='ocrx_word' id='word_1_438' title='bbox 791 2316 901 2346; x_wconf 85' lang='lat' dir='ltr'>cogere</span> <span class='ocrx_word' id='word_1_439' title='bbox 916 2307 1093 2341; x_wconf 85' lang='lat' dir='ltr'>noluerunt,</span> <span class='ocrx_word' id='word_1_440' title='bbox 1117 2305 1380 2346; x_wconf 78' lang='lat' dir='ltr'>quemadmodum</span> <span class='ocrx_word' id='word_1_441' title='bbox 1395 2306 1496 2347; x_wconf 80' lang='lat' dir='ltr'>plagis</span> <span class='ocrx_word' id='word_1_442' title='bbox 1506 2316 1621 2347; x_wconf 84' lang='lat' dir='ltr'>pecora</span> <span class='ocrx_word' id='word_1_443' title='bbox 1626 2307 1680 2350; x_wconf 89' lang='lat' dir='ltr'>ju-</span> 
     </span>
     <span class='ocr_line' id='line_1_40' title="bbox 223 2359 1685 2402; baseline 0 -11"><span class='ocrx_word' id='word_1_444' title='bbox 223 2366 393 2402; x_wconf 79' lang='lat' dir='ltr'>mentaque</span> <span class='ocrx_word' id='word_1_445' title='bbox 404 2365 561 2401; x_wconf 87' lang='lat' dir='ltr'>pastores:</span> <span class='ocrx_word' id='word_1_446' title='bbox 588 2365 620 2390; x_wconf 89' lang='lat' dir='ltr'>at</span> <span class='ocrx_word' id='word_1_447' title='bbox 633 2370 704 2391; x_wconf 89' lang='lat' dir='ltr'>vero</span> <span class='ocrx_word' id='word_1_448' title='bbox 717 2365 867 2402; x_wconf 84' lang='lat' dir='ltr'>tanquam</span> <span class='ocrx_word' id='word_1_449' title='bbox 881 2359 983 2391; x_wconf 80' lang='lat' dir='ltr'>docile</span> <span class='ocrx_word' id='word_1_450' title='bbox 1002 2368 1033 2390; x_wconf 81' lang='lat' dir='ltr'>et</span> <span class='ocrx_word' id='word_1_451' title='bbox 1048 2359 1198 2390; x_wconf 86' lang='lat' dir='ltr'>obediens</span> <span class='ocrx_word' id='word_1_452' title='bbox 1213 2360 1341 2395; x_wconf 87' lang='lat' dir='ltr'>animal,</span> <span class='ocrx_word' id='word_1_453' title='bbox 1355 2360 1445 2401; x_wconf 84' lang='lat' dir='ltr'>quasi</span> <span class='ocrx_word' id='word_1_454' title='bbox 1460 2370 1499 2391; x_wconf 88' lang='lat' dir='ltr'>ex</span> <span class='ocrx_word' id='word_1_455' title='bbox 1512 2370 1619 2402; x_wconf 83' lang='lat' dir='ltr'>puppe</span> <span class='ocrx_word' id='word_1_456' title='bbox 1636 2370 1685 2391; x_wconf 84' lang='lat' dir='ltr'>ra-</span> 
     </span>
     <span class='ocr_line' id='line_1_41' title="bbox 226 2413 1686 2456; baseline 0.001 -11"><span class='ocrx_word' id='word_1_457' title='bbox 226 2420 291 2445; x_wconf 74' lang='lat' dir='ltr'>tem</span> <span class='ocrx_word' id='word_1_458' title='bbox 304 2415 418 2456; x_wconf 86' lang='lat' dir='ltr'>agilem</span> <span class='ocrx_word' id='word_1_459' title='bbox 429 2413 819 2455; x_wconf 76' lang='lat' dir='ltr'>dirigentes‚persuasione</span> <span class='ocrx_word' id='word_1_460' title='bbox 834 2425 890 2455; x_wconf 91' lang='lat' dir='ltr'>pro</span> <span class='ocrx_word' id='word_1_461' title='bbox 908 2414 1126 2455; x_wconf 77' lang='lat' dir='ltr'>gubernaculis</span> <span class='ocrx_word' id='word_1_462' title='bbox 1138 2414 1314 2451; x_wconf 83' lang='lat' dir='ltr'>utebantur,</span> <span class='ocrx_word' id='word_1_463' title='bbox 1329 2425 1427 2456; x_wconf 86' lang='lat' dir='ltr'>eaque</span> <span class='ocrx_word' id='word_1_464' title='bbox 1441 2414 1574 2445; x_wconf 82' lang='lat' dir='ltr'>anirnam</span> <span class='ocrx_word' id='word_1_465' title='bbox 1590 2415 1686 2446; x_wconf 82' lang='lat' dir='ltr'>attin-</span> 
     </span>
     <span class='ocr_line' id='line_1_42' title="bbox 224 2468 1684 2510; baseline 0.001 -11"><span class='ocrx_word' id='word_1_466' title='bbox 224 2468 351 2510; x_wconf 88' lang='lat' dir='ltr'>gebant,</span> <span class='ocrx_word' id='word_1_467' title='bbox 367 2474 400 2499; x_wconf 88' lang='lat' dir='ltr'>et</span> <span class='ocrx_word' id='word_1_468' title='bbox 409 2468 449 2499; x_wconf 86' lang='lat' dir='ltr'>ad</span> <span class='ocrx_word' id='word_1_469' title='bbox 461 2475 601 2499; x_wconf 84' lang='lat' dir='ltr'>mentem</span> <span class='ocrx_word' id='word_1_470' title='bbox 615 2469 752 2510; x_wconf 84' lang='lat' dir='ltr'>ipsorum</span> <span class='ocrx_word' id='word_1_471' title='bbox 761 2468 807 2500; x_wconf 90' lang='lat' dir='ltr'>ita</span> <span class='ocrx_word' id='word_1_472' title='bbox 820 2469 972 2499; x_wconf 86' lang='lat' dir='ltr'>ducentes</span> <span class='ocrx_word' id='word_1_473' title='bbox 984 2469 1117 2499; x_wconf 86' lang='lat' dir='ltr'>mortale</span> <span class='ocrx_word' id='word_1_474' title='bbox 1130 2479 1227 2509; x_wconf 81' lang='lat' dir='ltr'>genus</span> <span class='ocrx_word' id='word_1_475' title='bbox 1237 2479 1330 2499; x_wconf 89' lang='lat' dir='ltr'>omne</span> <span class='ocrx_word' id='word_1_476' title='bbox 1344 2469 1569 2510; x_wconf 80' lang='lat' dir='ltr'>gubernabant.</span> <span class='ocrx_word' id='word_1_477' title='bbox 1583 2475 1615 2499; x_wconf 91' lang='lat' dir='ltr'>et</span> <span class='ocrx_word' id='word_1_478' title='bbox 1629 2469 1684 2500; x_wconf 84' lang='lat' dir='ltr'>alii</span> 
     </span>
     <span class='ocr_line' id='line_1_43' title="bbox 224 2522 1683 2564; baseline 0 -11"><span class='ocrx_word' id='word_1_479' title='bbox 224 2522 353 2564; x_wconf 89' lang='lat' dir='ltr'>quidem</span> <span class='ocrx_word' id='word_1_480' title='bbox 367 2522 421 2553; x_wconf 92' lang='lat' dir='ltr'>Dii</span> <span class='ocrx_word' id='word_1_481' title='bbox 437 2523 565 2553; x_wconf 83' lang='lat' dir='ltr'>aliorum</span> <span class='ocrx_word' id='word_1_482' title='bbox 579 2523 713 2554; x_wconf 88' lang='lat' dir='ltr'>locorum</span> <span class='ocrx_word' id='word_1_483' title='bbox 729 2523 981 2564; x_wconf 85' lang='lat' dir='ltr'>gubernationem</span> <span class='ocrx_word' id='word_1_484' title='bbox 996 2523 1097 2553; x_wconf 82' lang='lat' dir='ltr'>sortiti</span> <span class='ocrx_word' id='word_1_485' title='bbox 1109 2533 1147 2553; x_wconf 81' lang='lat' dir='ltr'>ea</span> <span class='ocrx_word' id='word_1_486' title='bbox 1160 2522 1376 2554; x_wconf 85' lang='lat' dir='ltr'>instituebant.</span> <span class='ocrx_word' id='word_1_487' title='bbox 1400 2522 1562 2553; x_wconf 79' lang='lat' dir='ltr'>Vulcanus</span> <span class='ocrx_word' id='word_1_488' title='bbox 1576 2528 1683 2553; x_wconf 84' lang='lat' dir='ltr'>autem</span> 
     </span>
     <span class='ocr_line' id='line_1_44' title="bbox 226 2576 1685 2618; baseline -0.001 -11"><span class='ocrx_word' id='word_1_489' title='bbox 226 2576 446 2618; x_wconf 82' lang='lat' dir='ltr'>Minervaque,</span> <span class='ocrx_word' id='word_1_490' title='bbox 465 2582 608 2608; x_wconf 86' lang='lat' dir='ltr'>naturam</span> <span class='ocrx_word' id='word_1_491' title='bbox 620 2577 771 2608; x_wconf 86' lang='lat' dir='ltr'>habentes</span> <span class='ocrx_word' id='word_1_492' title='bbox 781 2587 989 2613; x_wconf 81' lang='lat' dir='ltr'>communem,</span> <span class='ocrx_word' id='word_1_493' title='bbox 1002 2582 1068 2607; x_wconf 90' lang='lat' dir='ltr'>tum</span> <span class='ocrx_word' id='word_1_494' title='bbox 1080 2578 1153 2618; x_wconf 87' lang='lat' dir='ltr'>quia</span> <span class='ocrx_word' id='word_1_495' title='bbox 1162 2576 1274 2608; x_wconf 89' lang='lat' dir='ltr'>eodem</span> <span class='ocrx_word' id='word_1_496' title='bbox 1285 2587 1321 2607; x_wconf 83' lang='lat' dir='ltr'>ex</span> <span class='ocrx_word' id='word_1_497' title='bbox 1335 2581 1424 2617; x_wconf 86' lang='lat' dir='ltr'>patre</span> <span class='ocrx_word' id='word_1_498' title='bbox 1437 2581 1520 2615; x_wconf 85' lang='lat' dir='ltr'>sunt,</span> <span class='ocrx_word' id='word_1_499' title='bbox 1532 2581 1598 2606; x_wconf 87' lang='lat' dir='ltr'>tum</span> <span class='ocrx_word' id='word_1_500' title='bbox 1610 2576 1685 2618; x_wconf 88' lang='lat' dir='ltr'>quia</span> 
     </span>
     <span class='ocr_line' id='line_1_45' title="bbox 225 2629 1685 2673; baseline 0 -13"><span class='ocrx_word' id='word_1_501' title='bbox 225 2640 283 2671; x_wconf 89' lang='lat' dir='ltr'>per</span> <span class='ocrx_word' id='word_1_502' title='bbox 298 2631 459 2671; x_wconf 73' lang='lat' dir='ltr'>sapientiae</span> <span class='ocrx_word' id='word_1_503' title='bbox 475 2631 611 2661; x_wconf 89' lang='lat' dir='ltr'>studium</span> <span class='ocrx_word' id='word_1_504' title='bbox 627 2642 743 2673; x_wconf 88' lang='lat' dir='ltr'>perque</span> <span class='ocrx_word' id='word_1_505' title='bbox 758 2632 869 2662; x_wconf 84' lang='lat' dir='ltr'>artium</span> <span class='ocrx_word' id='word_1_506' title='bbox 879 2631 1073 2672; x_wconf 86' lang='lat' dir='ltr'>diligentiam</span> <span class='ocrx_word' id='word_1_507' title='bbox 1087 2631 1128 2661; x_wconf 90' lang='lat' dir='ltr'>ad</span> <span class='ocrx_word' id='word_1_508' title='bbox 1143 2632 1253 2662; x_wconf 87' lang='lat' dir='ltr'>eadem</span> <span class='ocrx_word' id='word_1_509' title='bbox 1271 2629 1413 2665; x_wconf 87' lang='lat' dir='ltr'>tendunt,</span> <span class='ocrx_word' id='word_1_510' title='bbox 1430 2629 1474 2660; x_wconf 80' lang='lat' dir='ltr'>ita</span> <span class='ocrx_word' id='word_1_511' title='bbox 1486 2640 1685 2660; x_wconf 89' lang='lat' dir='ltr'>communem</span> 
     </span>
     <span class='ocr_line' id='line_1_46' title="bbox 224 2684 1686 2727; baseline -0.001 -13"><span class='ocrx_word' id='word_1_512' title='bbox 224 2690 339 2715; x_wconf 86' lang='lat' dir='ltr'>sortem</span> <span class='ocrx_word' id='word_1_513' title='bbox 367 2686 447 2715; x_wconf 83' lang='lat' dir='ltr'>hanc</span> <span class='ocrx_word' id='word_1_514' title='bbox 469 2686 555 2716; x_wconf 81' lang='lat' dir='ltr'>nacti</span> <span class='ocrx_word' id='word_1_515' title='bbox 582 2691 654 2716; x_wconf 89' lang='lat' dir='ltr'>sunt</span> <span class='ocrx_word' id='word_1_516' title='bbox 678 2687 850 2727; x_wconf 82' lang='lat' dir='ltr'>regionem,</span> <span class='ocrx_word' id='word_1_517' title='bbox 870 2691 979 2726; x_wconf 82' lang='lat' dir='ltr'>utpote</span> <span class='ocrx_word' id='word_1_518' title='bbox 1006 2685 1111 2716; x_wconf 79' lang='lat' dir='ltr'>virtuti</span> <span class='ocrx_word' id='word_1_519' title='bbox 1137 2684 1374 2726; x_wconf 68' lang='lat' dir='ltr'>prudentiaeque</span> <span class='ocrx_word' id='word_1_520' title='bbox 1399 2689 1510 2714; x_wconf 76' lang='lat' dir='ltr'>nutura</span> <span class='ocrx_word' id='word_1_521' title='bbox 1526 2684 1686 2725; x_wconf 84' lang='lat' dir='ltr'>propriam</span> 
     </span>
     <span class='ocr_line' id='line_1_47' title="bbox 225 2737 1684 2781; baseline 0 -12"><span class='ocrx_word' id='word_1_522' title='bbox 225 2744 319 2780; x_wconf 84' lang='lat' dir='ltr'>atque</span> <span class='ocrx_word' id='word_1_523' title='bbox 340 2748 525 2780; x_wconf 84' lang='lat' dir='ltr'>congruam:</span> <span class='ocrx_word' id='word_1_524' title='bbox 550 2745 810 2781; x_wconf 83' lang='lat' dir='ltr'>procreantesque</span> <span class='ocrx_word' id='word_1_525' title='bbox 826 2739 859 2770; x_wconf 87' lang='lat' dir='ltr'>in</span> <span class='ocrx_word' id='word_1_526' title='bbox 872 2749 911 2769; x_wconf 82' lang='lat' dir='ltr'>ea</span> <span class='ocrx_word' id='word_1_527' title='bbox 922 2739 1003 2770; x_wconf 80' lang='lat' dir='ltr'>viros</span> <span class='ocrx_word' id='word_1_528' title='bbox 1015 2739 1181 2781; x_wconf 85' lang='lat' dir='ltr'>indigenas</span> <span class='ocrx_word' id='word_1_529' title='bbox 1193 2737 1362 2769; x_wconf 85' lang='lat' dir='ltr'>admodum</span> <span class='ocrx_word' id='word_1_530' title='bbox 1378 2747 1556 2778; x_wconf 87' lang='lat' dir='ltr'>generosos,</span> <span class='ocrx_word' id='word_1_531' title='bbox 1577 2748 1684 2769; x_wconf 86' lang='lat' dir='ltr'>eorum</span> 
     </span>
     <span class='ocr_line' id='line_1_48' title="bbox 224 2791 1685 2834; baseline 0 -12"><span class='ocrx_word' id='word_1_532' title='bbox 224 2792 384 2823; x_wconf 89' lang='lat' dir='ltr'>mentibus</span> <span class='ocrx_word' id='word_1_533' title='bbox 404 2792 450 2822; x_wconf 90' lang='lat' dir='ltr'>rei</span> <span class='ocrx_word' id='word_1_534' title='bbox 471 2792 603 2834; x_wconf 81' lang='lat' dir='ltr'>publicae</span> <span class='ocrx_word' id='word_1_535' title='bbox 629 2793 769 2824; x_wconf 85' lang='lat' dir='ltr'>ordinem</span> <span class='ocrx_word' id='word_1_536' title='bbox 794 2793 986 2824; x_wconf 80' lang='lat' dir='ltr'>infuderunt.</span> <span class='ocrx_word' id='word_1_537' title='bbox 1008 2803 1139 2834; x_wconf 88' lang='lat' dir='ltr'>quorum</span> <span class='ocrx_word' id='word_1_538' title='bbox 1165 2792 1317 2823; x_wconf 84' lang='lat' dir='ltr'>duntaxat</span> <span class='ocrx_word' id='word_1_539' title='bbox 1341 2791 1470 2822; x_wconf 84' lang='lat' dir='ltr'>nomina</span> <span class='ocrx_word' id='word_1_540' title='bbox 1490 2791 1685 2829; x_wconf 74' lang='lat' dir='ltr'>restiterunt,</span> 
     </span>
     <span class='ocr_line' id='line_1_49' title="bbox 226 2846 1682 2890; baseline 0 -14"><span class='ocrx_word' id='word_1_541' title='bbox 226 2856 323 2887; x_wconf 86' lang='lat' dir='ltr'>opera</span> <span class='ocrx_word' id='word_1_542' title='bbox 344 2855 418 2877; x_wconf 84' lang='lat' dir='ltr'>vero</span> <span class='ocrx_word' id='word_1_543' title='bbox 438 2851 564 2887; x_wconf 85' lang='lat' dir='ltr'>propter</span> <span class='ocrx_word' id='word_1_544' title='bbox 576 2857 692 2882; x_wconf 83' lang='lat' dir='ltr'>eorum,</span> <span class='ocrx_word' id='word_1_545' title='bbox 709 2848 763 2889; x_wconf 90' lang='lat' dir='ltr'>qui</span> <span class='ocrx_word' id='word_1_546' title='bbox 779 2853 978 2890; x_wconf 83' lang='lat' dir='ltr'>accepemnt,</span> <span class='ocrx_word' id='word_1_547' title='bbox 994 2847 1155 2878; x_wconf 85' lang='lat' dir='ltr'>interitum</span> <span class='ocrx_word' id='word_1_548' title='bbox 1168 2852 1201 2877; x_wconf 84' lang='lat' dir='ltr'>et</span> <span class='ocrx_word' id='word_1_549' title='bbox 1213 2847 1307 2888; x_wconf 75' lang='lat' dir='ltr'>longa</span> <span class='ocrx_word' id='word_1_550' title='bbox 1320 2850 1496 2887; x_wconf 86' lang='lat' dir='ltr'>temporum</span> <span class='ocrx_word' id='word_1_551' title='bbox 1514 2846 1682 2876; x_wconf 71' lang='lat' dir='ltr'>intervana</span> 
     </span>
     <span class='ocr_line' id='line_1_50' title="bbox 224 2899 1686 2945; baseline 0 -15"><span class='ocrx_word' id='word_1_552' title='bbox 224 2909 244 2930; x_wconf 82' lang='lat' dir='ltr'>e</span> <span class='ocrx_word' id='word_1_553' title='bbox 265 2900 413 2933; x_wconf 84' lang='lat' dir='ltr'>memoria</span> <span class='ocrx_word' id='word_1_554' title='bbox 433 2899 592 2932; x_wconf 88' lang='lat' dir='ltr'>hominum</span> <span class='ocrx_word' id='word_1_555' title='bbox 616 2901 721 2933; x_wconf 80' lang='lat' dir='ltr'>deleta</span> <span class='ocrx_word' id='word_1_556' title='bbox 741 2907 824 2933; x_wconf 86' lang='lat' dir='ltr'>sunt.</span> <span class='ocrx_word' id='word_1_557' title='bbox 846 2912 968 2945; x_wconf 83' lang='lat' dir='ltr'>semper</span> <span class='ocrx_word' id='word_1_558' title='bbox 992 2902 1077 2934; x_wconf 87' lang='lat' dir='ltr'>enim</span> <span class='ocrx_word' id='word_1_559' title='bbox 1097 2905 1256 2944; x_wconf 83' lang='lat' dir='ltr'>superstes</span> <span class='ocrx_word' id='word_1_560' title='bbox 1276 2899 1434 2932; x_wconf 80' lang='lat' dir='ltr'>hominum</span> <span class='ocrx_word' id='word_1_561' title='bbox 1449 2909 1570 2942; x_wconf 81' lang='lat' dir='ltr'>,genus,</span> <span class='ocrx_word' id='word_1_562' title='bbox 1594 2904 1628 2931; x_wconf 90' lang='lat' dir='ltr'>ut</span> <span class='ocrx_word' id='word_1_563' title='bbox 1651 2899 1686 2930; x_wconf 86' lang='lat' dir='ltr'>in</span> 
     </span>
    </p>
   </div>
  </div>
 </body>
</html>
