1840 3225
261 224 305 262 18
863 220 1129 261 PLATONIS
1650 225 1721 276 [44

254 324 294 355 sit
310 335 347 356 ex
362 324 400 357 iis
416 335 511 357 unum
535 324 654 366 aliquid
676 333 797 366 semper
821 324 912 356 nobis
935 324 1089 361 accidere,
1114 323 1377 366 quemadmodum
1400 323 1557 366 sapientes
1579 325 1720 357 tradunt.

254 384 369 410 cuncta
394 379 514 420 quippe
541 389 659 409 sursum
685 377 870 410 deorsumve
889 377 1008 419 jugiter
1034 379 1147 409 fluunt.
1193 377 1280 409 Pno.
1306 377 1421 408 Ferunt
1445 388 1530 415 sane,
1557 388 1616 410 nec
1640 379 1720 411 male

251 428 341 473 loqui
358 432 510 463 videntur.
554 432 609 463 So.
635 432 803 469 Quomodo
819 431 902 463 enim
920 432 1021 463 male?
1045 442 1116 463 cum
1131 432 1205 463 mali
1215 432 1343 463 minime
1354 432 1481 463 fuerint.
1525 432 1643 464 Verum
1659 432 1720 463 im—

252 486 441 525 pendentem
465 496 636 516 sermonem
662 485 778 517 evitare
802 486 885 518 volo.
909 486 967 517 hac
994 491 1097 517 autem
1119 486 1226 527 fugere
1239 483 1372 527 cogito:
1398 492 1494 528 tuque
1517 496 1580 517 una
1595 497 1716 517 mecum

249 538 361 579 fugito.
407 539 489 570 Pno.
516 539 580 570 Dic
597 539 680 581 qua?
726 539 779 571 So.
805 538 872 569 Ista
897 549 970 569 sane
986 538 1030 570 sic
1053 550 1085 570 se
1111 539 1223 570 habere
1248 539 1285 570 iis
1311 539 1461 571 dicamus.
1506 539 1554 570 Tu
1581 550 1654 571 vero
1669 550 1716 572 re-

251 593 392 633 sponde:
419 592 530 623 Utrum
555 593 705 634 quicquid
731 603 868 634 unquam
884 592 1000 634 patitur
1027 592 1153 629 animal,
1177 592 1260 624 idern
1287 598 1320 624 et
1335 585 1447 624 sentiat
1462 593 1634 634 patiendo:
1659 604 1717 625 ne-

251 656 313 687 que
339 647 413 677 dum
451 647 629 684 crescimus,
666 657 723 677 nos
746 647 830 688 ipsos
866 647 1028 682 lateamus,
1065 657 1167 687 neque
1190 648 1263 677 dum
1288 646 1406 688 aliquid
1429 647 1514 678 aliud
1538 646 1717 688 hujusmodi

251 699 408 740 patimur?
443 711 482 731 an
510 706 619 731 contra
642 700 793 731 omnino?
825 700 920 730 ferme
951 700 1035 730 enim
1058 699 1134 730 talia
1157 701 1299 741 quaedam
1328 700 1470 731 universa
1494 710 1551 730 nos
1576 700 1714 742 fugiunt.

250 752 339 785 Pno.
364 754 483 785 Contra
511 755 649 786 omnino.
695 755 747 785 So.
772 754 865 785 Haud
889 754 982 795 igitur
1012 759 1096 786 recte
1121 754 1239 785 dictum
1265 759 1312 785 est
1337 766 1355 785 a
1379 755 1482 792 nobis,
1509 755 1594 796 quod
1619 756 1714 787 modo

250 807 396 847 diximus,
433 808 621 839 mutationes
660 819 778 839 sursum
817 809 998 839 deorsumve
1029 807 1127 839 saetas
1157 808 1332 849 voluptates
1371 812 1403 839 et
1439 808 1562 839 dolores
1589 809 1714 842 inferre.

248 859 337 892 Pno.
362 861 426 893 Cur
454 862 543 892 non?
588 863 646 894 So.
670 862 722 893 Sic
756 868 858 893 autem
894 861 1007 893 rectius
1041 872 1077 893 ac
1111 862 1207 892 tutius
1244 862 1348 893 dicere
1385 862 1469 894 licet.
1514 862 1601 894 Pao.
1625 862 1715 899 Quo·

248 914 367 945 modo?
412 914 469 946 So.
491 916 688 947 Mutationes
711 916 837 957 quidem
865 926 984 956 magnae
1008 915 1186 956 voluptates
1209 915 1394 957 doloresque
1417 916 1570 948 afferunt:
1596 917 1714 947 medio-

249 977 316 998 cres
347 973 450 999 autem
483 974 515 999 et
537 970 656 1010 exiguae
687 969 825 1001 minime.
871 969 957 1000 Pno.
981 968 1115 999 Rectius
1139 969 1197 1000 isto
1218 970 1316 1000 -modo
1343 980 1435 1012 quam
1464 970 1530 1006 illo,
1557 982 1576 1001 o
1604 970 1713 1002 Socra·

249 1025 306 1057 tes,
323 1021 448 1053 dicitur.
493 1023 546 1054 So.
571 1023 737 1055 Enimvero
766 1024 791 1054 si
806 1024 866 1054 ista
881 1024 924 1054 sic
950 1034 983 1054 se
998 1024 1128 1059 habent,
1152 1034 1220 1053 mox
1237 1024 1301 1054 vita
1317 1024 1347 1054 in
1366 1024 1574 1066 superioribus
1590 1030 1712 1055 narrata

245 1074 372 1107 redibit.
418 1076 503 1108 Pno.
529 1077 681 1113 Quaenam
697 1078 707 1107 ?
754 1077 809 1107 So.
834 1077 935 1113 Quam
953 1076 1071 1118 absque
1087 1087 1214 1108 moerore
1229 1082 1261 1107 et
1277 1077 1383 1108 laetitia
1394 1078 1599 1120 ponebamus.
1621 1078 1709 1110 Pno.

243 1128 329 1159 Vera
357 1128 502 1170 loqueris.
546 1130 602 1161 So.
627 1130 674 1160 Ex
701 1130 737 1161 iis
763 1130 914 1172 triplicem
942 1131 1036 1161 vitam
1061 1142 1225 1172 ponamus,
1251 1142 1388 1168 suavem,
1411 1133 1539 1170 tristem,
1555 1138 1708 1165 neutram.

246 1181 300 1213 An
317 1187 349 1212 tu
366 1183 451 1214 aliud
467 1183 584 1214 sentis?
608 1184 696 1215 Pno.
718 1184 812 1216 Haud
830 1185 918 1215 aliter
931 1196 1023 1226 qnam
1040 1185 1093 1221 ita,
1111 1186 1264 1226 triplicem
1282 1186 1427 1217 videlicet
1442 1186 1535 1217 vitam
1552 1197 1630 1218 esse.
1652 1187 1709 1219 So.

244 1235 319 1266 Non
335 1236 430 1277 igitur
443 1237 527 1268 idem
542 1238 600 1268 erit
615 1249 677 1269 non
691 1238 808 1279 dolere,
819 1240 902 1280 quod
918 1244 950 1269 et
961 1238 1068 1269 laetari.
1106 1238 1192 1270 Pno.
1218 1239 1440 1280 Nequaquam.
1473 1240 1528 1272 So.
1553 1240 1711 1278 Quotiens

243 1299 318 1330 ergo
342 1291 461 1331 audies,
485 1292 624 1322 omnium
651 1292 863 1323 dulcissimum
886 1303 952 1323 csse
979 1291 1151 1323 universam
1180 1293 1274 1322 vitam
1300 1293 1367 1324 sine
1385 1304 1511 1324 moerore
1528 1294 1708 1336 transigere,

243 1342 320 1383 quid
337 1348 411 1375 tunc
426 1345 484 1375 sibi
501 1345 580 1376 velle
596 1345 627 1376 id
643 1346 799 1377 dicentem
815 1346 998 1376 existimas?
1045 1346 1133 1377 Pno.
1157 1346 1260 1377 Dulce
1275 1357 1342 1377 esse
1366 1347 1540 1388 significare
1555 1348 1609 1379 ille
1632 1348 1709 1381 mihi

243 1395 367 1427 videtur
383 1398 414 1428 id
430 1398 543 1439 ipsum,
559 1400 644 1440 quod
662 1399 776 1430 dicitur
790 1411 853 1430 non
869 1400 988 1431 dolere.
1034 1400 1087 1430 So.
1111 1400 1200 1430 Pone
1218 1401 1275 1430 tria
1290 1401 1446 1441 quaedam,
1463 1406 1497 1431 ut
1511 1401 1611 1442 lubet,
1627 1407 1659 1433 et
1673 1410 1709 1435 ut

242 1450 469 1491 pulchrioribus
486 1458 609 1483 utamur
632 1454 822 1491 nominibus,
845 1454 973 1484 alterum
998 1465 1116 1490 aurum¹
1141 1460 1301 1495 argentum
1319 1455 1460 1490 alterum,
1477 1460 1620 1486 neutrum
1635 1457 1708 1488 reli-

243 1514 338 1545 quum
352 1506 524 1538 nominato.
551 1507 637 1538 Puo.
654 1507 828 1541 Ponantur.
849 1508 903 1538 So.
921 1509 1014 1544 Quod
1028 1509 1134 1538 horum
1149 1513 1291 1538 neutrum
1304 1514 1362 1543 est,
1375 1513 1518 1549 potestne
1530 1509 1658 1541 alterurn
1669 1522 1707 1542 ex

241 1557 282 1588 iis
295 1559 372 1596 fieri,
385 1559 432 1590 vel
446 1565 606 1601 argentum
620 1561 668 1591 vel
681 1562 810 1591 aurum?
856 1561 943 1592 Pno.
966 1561 1099 1603 Nequit.
1146 1562 1202 1593 So.
1226 1562 1303 1592 Vita
1316 1561 1410 1602 igitur
1424 1561 1535 1598 media,
1549 1562 1709 1604 siquando

243 1613 346 1643 suavis
359 1613 406 1644 vel
420 1619 525 1645 moesta
537 1614 651 1645 dicitur
665 1620 719 1644 aut
731 1614 934 1655 existimatur,
949 1626 1145 1656 nequaquam
1161 1620 1243 1646 recte
1258 1616 1306 1646 vel
1318 1615 1511 1646 existimatur
1524 1616 1571 1646 vel
1586 1616 1710 1651 dicitur.

244 1664 330 1697 Pno.
355 1666 460 1698 Certe.
505 1667 559 1698 So.
585 1666 748 1707 Attamen,
775 1678 794 1697 o
809 1668 920 1708 amice,
937 1667 1059 1709 aliquos
1074 1667 1135 1698 ista
1152 1668 1240 1710 loqui
1264 1667 1338 1709 [44]
1363 1675 1396 1700 et.
1411 1669 1531 1710 opinari
1548 1671 1709 1704 sentimus.

245 1718 335 1750 Pno.
353 1718 507 1753 Maxime.
530 1721 586 1752 So.
603 1720 655 1751 An
668 1721 760 1762 igitur
771 1722 907 1763 gaudere
920 1727 1007 1759 tunc,
1020 1723 1147 1763 quando
1163 1733 1226 1753 non
1243 1728 1382 1759 moerent,
1398 1723 1597 1755 existimant?
1621 1725 1710 1758 Pno-

242 1771 342 1803 Aiunt
357 1768 503 1814 quidem(
531 1775 584 1807 So.
608 1775 727 1806 Nonne
744 1781 819 1808 tunc
836 1777 972 1818 gaudere
989 1778 1124 1818 putant?
1150 1788 1213 1808 non
1229 1776 1312 1808 enim
1329 1777 1582 1818 pronunciarent.
1619 1779 1708 1812 Pno.

244 1825 401 1868 Apparet.
447 1828 503 1859 So.
526 1828 617 1860 Falso
644 1831 684 1860 de
714 1830 823 1861 laetitia
852 1831 1039 1872 opinantur:
1080 1830 1231 1872 siquidem
1263 1830 1422 1872 utriusque
1452 1836 1572 1869 natura,
1602 1834 1711 1874 gaudii

241 1880 360 1912 scilicet
377 1886 409 1912 et
427 1881 618 1920 indolentiae,
643 1883 764 1919 diversa
787 1889 845 1915 est.
890 1884 978 1916 I’no.
1002 1884 1133 1916 Diversa
1150 1885 1301 1925 profecto.
1347 1885 1403 1917 So.
1429 1885 1541 1916 Utrum
1559 1885 1709 1927 eligemus

240 1943 338 1973 penes
354 1945 410 1965 nos
426 1936 491 1967 liaec
508 1947 588 1976 esse,
603 1938 865 1978 quemadmodum
883 1949 995 1979 nuper,
1012 1938 1081 1974 tria,
1098 1938 1145 1970 vel
1161 1939 1224 1969 duo
1238 1939 1390 1969 duntaxat
1404 1951 1411 1969 z
1428 1939 1567 1970 dolorem
1578 1939 1707 1982 quidem

240 1987 416 2019 hominibus
432 1989 560 2030 malum,
575 1991 746 2022 absentiam
764 1998 868 2023 autem
885 1993 1029 2028 tristium,
1046 2004 1082 2023 ex
1099 1993 1158 2024 hoc
1170 1993 1238 2034 ipso
1249 1993 1362 2024 bonam
1375 1993 1569 2031 existentem,
1582 1994 1707 2027 dulcem

241 2042 474 2083 cognominari?
519 2043 607 2075 Pno.
633 2045 801 2082 Quomodo
818 2047 861 2083 id,
878 2058 896 2077 o
923 2047 1078 2084 Socrates,
1103 2047 1167 2083 fiat,
1191 2058 1208 2078 a
1230 2047 1412 2089 nobisipsis
1434 2058 1619 2089 quaeramus.
1642 2060 1706 2080 non

239 2095 322 2126 enim
339 2096 491 2138 intelligo,
534 2097 590 2128 So.
616 2098 739 2130 Revera
755 2100 946 2131 adversarios
960 2100 1065 2141 hujus,
1078 2111 1096 2131 o
1113 2100 1296 2138 Protarche,
1312 2101 1436 2132 Philebi
1451 2103 1535 2132 haud
1546 2103 1706 2145 intelligis.

240 2148 327 2180 Pao.
353 2149 512 2186 Quosnam
529 2150 656 2192 inquis?
700 2152 757 2184 So.
783 2153 856 2190 Eos,
885 2153 938 2195 qui
954 2164 1052 2184 rerum
1079 2159 1218 2184 naturam
1241 2155 1400 2195 praecipue
1424 2155 1535 2187 callere
1554 2157 1705 2194 seruntur,

238 2202 291 2242 qui
310 2202 485 2243 voluptates
501 2204 641 2235 funditus
665 2207 790 2240 tollunt.
838 2207 925 2239 Piro.
949 2207 1093 2245 Quidni?
1139 2208 1195 2240 So.
1220 2208 1374 2239 Dolorum
1391 2209 1506 2250 effugia
1522 2220 1574 2241 eas
1597 2221 1705 2243 omnes

240 2262 366 2297 vocant,
380 2267 457 2298 quas
475 2257 599 2289 Philebi
624 2265 791 2291 sectatores
809 2267 992 2303 nuncupant
1016 2262 1203 2303 voluptates.
1248 2262 1335 2294 Pno.
1359 2262 1419 2294 His
1433 2273 1472 2294 ne
1488 2264 1660 2301 credamus,
1684 2276 1704 2296 o

237 2309 391 2347 Socrates,
418 2312 577 2342 consulis?
624 2313 678 2344 So.
702 2314 932 2357 Nequaquam:
959 2316 1013 2347 sed
1038 2321 1185 2357 tauquam
1211 2317 1332 2347 vatibus
1359 2317 1543 2358 quibusdam
1571 2324 1705 2355 utamur,

239 2373 301 2393 non
330 2368 407 2404 arte,
435 2366 488 2396 sed
515 2366 731 2408 indignatione
759 2371 893 2410 quadam
922 2381 986 2401 non
1012 2370 1204 2412 ingenerosae
1230 2375 1347 2401 naturae
1370 2370 1610 2403 vaticinantibus
1625 2373 1705 2404 etin

238 2416 395 2458 principio
412 2428 430 2448 a
446 2419 614 2460 voluptatis
629 2421 743 2453 affectu
760 2423 888 2454 nimium
912 2424 1158 2459 abhorrentibus,
1175 2423 1315 2465 nihilque
1339 2424 1371 2454 in
1387 2434 1424 2455 ea
1440 2424 1549 2455 sinceri
1565 2435 1632 2457 esse
1647 2436 1706 2457 vo-

237 2468 385 2508 lentibus,
401 2472 480 2502 adeo
498 2478 531 2503 ut
546 2473 628 2514 ipsas
651 2485 777 2518 quoque
799 2476 867 2518 ejus
891 2477 1051 2509 illecebras
1073 2478 1244 2508 maleficam
1268 2478 1424 2519 quandam
1447 2478 1704 2520 illaqueationem

238 2523 342 2564 potius
353 2535 444 2565 quam
455 2526 646 2567 voluptatem
660 2537 783 2562 vocent.
806 2530 866 2562 His
879 2542 951 2572 ergo
968 2532 1006 2562 ad
1021 2533 1087 2562 lraec
1099 2536 1197 2572 utere,
1209 2532 1407 2562 considerans
1423 2536 1571 2573 praeterea
1585 2537 1617 2564 et
1631 2533 1704 2564 reli-

238 2587 312 2618 qua,
330 2578 441 2618 quibus
458 2581 671 2614 ardentissime
699 2584 898 2615 invehuntur.
946 2585 1022 2616 Post
1037 2586 1104 2616 haec
1121 2590 1224 2616 autem
1251 2595 1327 2626 quas
1349 2596 1436 2617 veras
1459 2585 1632 2617 existimem
1648 2597 1703 2617 vo-

239 2629 387 2671 luptates,
403 2633 550 2674 accipito,
565 2640 599 2665 ut
622 2647 658 2666 ex
677 2638 834 2679 utriusque
857 2639 1049 2669 sermonibus
1074 2638 1133 2669 vim
1152 2639 1220 2680 ejus
1243 2639 1487 2675 considerantes.
1502 2639 1541 2669 ad
1553 2638 1703 2680 judican-

239 2684 314 2715 dum
341 2685 475 2726 denique
493 2697 718 2728 comparemus.
764 2691 852 2723 Puo.
878 2692 979 2723 Recte
1004 2693 1118 2734 inquis.
1163 2692 1219 2724 So.
1243 2692 1311 2723 Hos
1334 2691 1437 2733 igitur,
1458 2696 1605 2733 tanquam
1629 2702 1701 2734 pro-

239 2743 440 2779 pugnatores,
456 2742 626 2771 secundum
649 2744 876 2786 indignationis
893 2746 1012 2776 illorum
1031 2746 1196 2787 vestigium
1214 2755 1446 2787 prosequamur.
1470 2755 1537 2776 reor
1551 2745 1699 2786 equidem

239 2791 301 2824 mle
316 2792 465 2832 quiddam
481 2804 534 2824 eos
550 2795 688 2833 innuere,
716 2798 811 2829 altius
833 2805 927 2841 atque
951 2800 1073 2842 longius
1097 2801 1264 2836 ordientes,
1288 2800 1372 2841 quod
1396 2799 1422 2829 si
1438 2799 1568 2830 velimus
1583 2800 1700 2840 speciei

239 2845 390 2886 cujusque
408 2852 546 2877 naturam
564 2860 750 2890 cognoscere
766 2865 772 2883 :
792 2853 876 2884 velut
894 2854 961 2884 duri
978 2861 1129 2890 naturam,
1143 2860 1244 2885 utrum
1260 2855 1299 2884 ad
1310 2852 1471 2884 durissima
1484 2853 1696 2894 respicientes,

239 2898 282 2930 sic
299 2899 430 2931 maxime
455 2909 722 2945 cognosceremus,
738 2917 775 2937 an
803 2907 842 2938 ad
859 2908 969 2948 exigue
985 2909 1072 2945 dura,
1089 2913 1211 2951 oportet
1231 2913 1274 2948 te,
1289 2918 1307 2938 ο
1333 2906 1511 2943 Protarche‚
1528 2906 1564 2937 iis
1588 2906 1694 2948 indig-
