1840 3225
124 188 215 238 115]
755 184 983 225 CRlTlAS.
1499 189 1571 225 281

116 290 194 322 nuit.
217 301 307 322 secus
333 301 416 322 mare.
433 291 560 334 quidem
575 291 669 330 plana
684 289 781 319 insula
797 294 872 324 erat,
891 290 945 320 sed
964 290 995 319 in
1012 291 1113 320 media
1128 291 1230 322 insula
1250 291 1397 333 planities
1410 295 1486 326 erat,
1501 302 1571 333 qust-

115 345 254 376 omnium
282 346 512 387 speciosissima
536 343 792 384 feracissimaque
815 343 931 374 dicitur
945 344 1111 375 exstitisse.
1134 356 1230 387 prope
1247 346 1410 387 planitiem
1422 356 1524 377 rursus
1536 346 1569 376 in

114 399 217 431 medio
239 410 327 430 mons
343 407 407 431 erat
422 400 523 431 brevis
534 398 644 429 stadiis
656 396 882 438 quinquaginta
897 397 1029 429 distans.
1053 399 1104 430 hic
1121 410 1192 431 vero
1210 400 1248 430 ab
1263 400 1370 442 aliquo
1383 410 1498 436 eorum,
1515 401 1567 441 qui

113 463 132 484 a
155 453 307 494 principio
329 465 365 484 ex
388 460 467 485 terra
488 453 554 484 nati
578 457 660 487 sunt,
679 452 802 482 nomine
820 451 962 482 Euenore.
978 453 1147 484 colebatur.
1170 454 1224 494 qui
1245 465 1282 485 ex
1297 455 1457 496 Leucippe
1476 465 1571 486 uxore

114 505 270 538 Clitonem
298 509 420 539 unicam
447 507 540 538 filiam
566 505 685 548 genuit.
711 506 891 547 parentibus
917 517 988 537 vero
1018 508 1145 538 mortuis
1173 514 1205 538 et
1228 513 1346 538 matura
1371 509 1436 539 viro
1450 509 1568 550 puella,

112 559 281 601 Neptunus
293 562 362 603 ejus
378 561 534 592 desiderio
547 566 658 602 captus
670 560 714 590 illi
731 571 764 591 se
781 561 921 599 miscuit3
945 561 1224 604 circumsepsitque
1236 562 1359 598 collem,
1373 572 1464 602 quem
1479 563 1569 593 habi-

108 613 203 651 tabat,
230 616 323 657 spiris
344 626 433 657 aquae
454 615 642 646 circumfluis
663 620 813 656 terraeque
836 615 924 646 zonis
935 616 1067 651 alterne,
1084 617 1194 656 partim
1211 616 1424 657 amplioribus.
1451 617 1565 657 partim

107 669 344 710 angustioribus.
366 680 404 701 ex
427 669 540 711 quibus
565 668 626 700 duo
651 669 778 711 quidem
808 675 906 705 terrae,
930 674 994 700 tres
1022 681 1095 700 vero
1109 671 1202 701 maris
1213 671 1298 701 fuere
1314 670 1461 702 circuitus
1479 682 1485 699 :
1512 672 1566 711 qui

106 723 201 754 veluti
226 732 316 755 torno
340 723 498 764 descripti,
515 723 579 764 pari
598 723 736 764 undique
752 724 916 754 intrrvallo
929 724 1061 755 insulam
1077 735 1132 766 per
1146 724 1281 755 mediam
1296 724 1462 760 distabant,
1480 725 1567 755 inac-

105 778 342 820 cessibilemque
367 777 545 809 hominibus
567 778 678 809 collem
700 778 802 818 ipsum
827 779 1011 809 reddebant.
1034 789 1137 820 neque
1165 780 1249 810 enim
1273 784 1347 810 tunc
1364 789 1460 810 naves
1476 785 1566 810 erant

105 841 208 873 neque
229 831 398 874 navigandi
422 832 547 872 peritia.
570 832 637 873 ipse
650 842 734 869 vero,
749 838 857 874 utpote
871 832 974 870 Deus,
991 833 1082 864 facite
1098 833 1234 864 mediam
1246 833 1380 864 insulam
1395 833 1566 869 exornavit,

103 886 326 929 humoremque
351 886 486 928 duplicis
513 896 602 927 aquae
627 897 664 917 ex
680 891 770 917 terrae
786 887 900 918 abditis
916 898 970 928 per
990 888 1090 918 sontes
1107 888 1276 918 exteriores
1283 888 1377 930 jussit
1389 898 1564 929 erumpere,

102 941 256 981 partimve
267 940 405 972 calidum
421 940 534 982 partim
548 940 694 982 frigidum
707 942 853 972 scaturire
869 953 874 970 :
895 942 1046 972 alimenta
1060 942 1133 972 item
1149 943 1232 972 varia
1248 953 1301 982 per
1310 948 1407 973 terras
1418 947 1450 972 et
1465 942 1565 972 abun-

102 994 211 1026 dantia
225 995 388 1036 pullulare,
403 995 541 1037 quinque
550 1000 701 1036 praeterea
717 995 923 1026 masculorum
939 996 1070 1026 filiorum
1085 997 1224 1037 geminos
1234 1002 1341 1037 partus
1353 996 1521 1037 progenuit
1533 1001 1567 1026 et

102 1050 242 1082 nutrivit.
265 1054 358 1092 atque
373 1060 498 1080 ornnem
522 1048 714 1080 Atlanticam
737 1049 869 1080 insulam
893 1049 1001 1080 decem
1020 1050 1051 1080 in
1068 1051 1178 1091 plagas
1193 1051 1338 1091 partitus,
1353 1050 1561 1091 primogenito

102 1109 274 1135 maternam
297 1104 518 1135 habitationem
543 1109 576 1134 et
591 1104 726 1145 plagam,
753 1103 849 1146 [114]
868 1114 939 1144 quae
953 1104 1066 1134 circum
1081 1113 1157 1140 erat,
1172 1104 1290 1140 tn‘buit,
1309 1105 1470 1135 maximam
1487 1114 1560 1145 pro-

99 1157 183 1189 fecto
210 1164 323 1189 sortem
348 1163 442 1199 atque
469 1158 685 1199 potissimam:
710 1168 878 1199 regemque
902 1158 990 1188 illum
1007 1159 1118 1190 statuit
1134 1159 1334 1200 reliquorum,
1349 1166 1469 1190 ceteros
1485 1169 1558 1189 vero

99 1213 265 1244 multarum
290 1212 430 1255 gentium
456 1213 683 1254 regionumque
700 1212 868 1254 principes.
892 1212 1024 1253 singulis
1044 1213 1192 1254 imposuit
1207 1214 1344 1245 nomina.
1369 1213 1561 1254 primogeni-

100 1271 167 1298 tum
179 1268 305 1308 quidem
322 1267 445 1298 vocavit
457 1266 630 1302 Atlantem,
646 1267 742 1297 totius
756 1267 866 1297 insulae
881 1277 1006 1307 regem3
1030 1268 1114 1298 unde
1130 1273 1163 1297 et
1178 1268 1310 1309 pelagus
1320 1267 1557 1308 cognominatur

98 1321 304 1353 Atlanticum.
328 1332 398 1353 eum
424 1332 508 1357 vem,
533 1322 584 1362 qui
612 1322 736 1362 gemino
763 1326 853 1362 partu
876 1322 977 1352 statim
997 1329 1069 1362 post
1083 1321 1171 1352 illum
1186 1327 1232 1352 est
1247 1328 1350 1357 natuS,
1365 1322 1466 1362 patria
1481 1332 1558 1352 voce

97 1374 261 1412 Gadimm,
277 1386 371 1417 quem
387 1375 500 1407 Graece
515 1376 648 1406 dicimus
662 1376 830 1407 Eumelum
846 1388 851 1405 :
869 1376 922 1417 qui
937 1382 1090 1407 extremas
1102 1376 1209 1406 insulae
1224 1382 1326 1417 partes
1343 1376 1382 1406 ad
1397 1376 1560 1406 columnas

97 1428 243 1461 Herculis
265 1435 314 1461 est
338 1430 473 1466 sortitus,
487 1440 606 1471 suoque
622 1431 724 1463 locum
738 1431 862 1462 nomine
881 1430 1062 1462 Gadiricum
1075 1431 1281 1472 nuncupavit.
1303 1430 1434 1461 secundi
1450 1436 1560 1472 partus

97 1494 190 1515 unum
203 1484 408 1525 Ampherem‚
422 1485 551 1516 alterum
570 1485 791 1516 Eudaemonem
807 1485 999 1523 nominavit3
1016 1485 1100 1516 tertii
1113 1485 1244 1526 primum
1257 1490 1364 1515 natum
1378 1485 1559 1521 Mneseum,

98 1538 269 1569 secundum
280 1538 538 1570 Autochthonem
552 1550 560 1577 3
580 1539 679 1580 quarti
697 1545 801 1570 autem
819 1539 1002 1581 Elasippum
1015 1539 1162 1580 priorem,
1179 1540 1350 1570 Mestorem
1364 1549 1437 1570 vero
1453 1545 1558 1580 poste-

96 1592 221 1632 riorem3
247 1593 348 1633 quinti
373 1592 495 1624 demum
521 1594 651 1634 primum
673 1593 805 1630 Aza'em,
832 1593 1029 1635 Diaprepem
1060 1604 1131 1624 vero
1151 1594 1265 1625 secund
1272 1604 1333 1624 um.
1378 1593 1422 1624 Hi
1450 1604 1560 1625 ornnes

97 1647 272 1688 posterique
295 1648 429 1688 ipsorum
455 1647 554 1677 multa
569 1647 611 1677 ibi
627 1648 735 1678 secula
748 1648 938 1683 habitarunt,
954 1648 1022 1678 aliis
1037 1648 1145 1678 multis
1159 1658 1213 1688 per
1230 1658 1310 1678 mare
1326 1647 1436 1678 insulis
1453 1647 1556 1679 domi-

95 1706 215 1738 nantes,
236 1707 269 1732 ct
293 1702 466 1743 AEgyptum
497 1712 595 1743 usque
621 1701 887 1743 Tyrrheniamque
902 1702 949 1731 his
964 1701 1019 1742 qui
1032 1702 1110 1732 citra
1126 1702 1279 1738 habitant,
1295 1708 1329 1732 ut
1344 1701 1554 1743 pra-diximus.

95 1755 128 1786 in
143 1756 275 1786 maxima
290 1762 372 1788 certe
385 1756 586 1787 veneratione
604 1756 779 1786 universum
793 1755 932 1786 Atlantis
947 1761 1013 1786 erat
1029 1766 1138 1796 genus,
1154 1767 1339 1797 semperque
1354 1767 1407 1786 rex
1420 1756 1556 1798 antiqui-

94 1819 128 1840 or
139 1820 265 1851 regnum
280 1810 487 1852 primogenito
502 1810 713 1851 relinquebat:
738 1810 822 1851 quod
839 1810 1002 1850 imperium
1019 1810 1114 1840 multa
1127 1820 1183 1851 per
1197 1810 1304 1841 secula
1319 1817 1556 1842 conservarunt.

94 1868 183 1895 tanta
206 1875 278 1896 vero
304 1865 369 1895 illis
383 1865 563 1895 divitiarum
577 1864 679 1905 copia,
693 1869 812 1905 quanta
827 1863 919 1893 nullis
931 1869 1024 1893 antea
1038 1873 1144 1902 regum
1158 1864 1353 1904 superiorum
1367 1864 1478 1900 fuerat,
1496 1875 1555 1895 nec

95 1918 167 1948 ullis
181 1929 318 1960 unquam
333 1924 528 1960 posterorum
544 1919 637 1949 facile
653 1918 893 1959 comparabitur.
906 1923 1022 1948 stmcta
1038 1916 1243 1958 ordinataque
1257 1917 1321 1948 illis
1333 1924 1422 1948 erant
1433 1919 1466 1948 in
1479 1919 1556 1949 civi-

95 1976 159 2002 tate
172 1977 301 2014 totoque
316 1983 414 2013 regno
425 1973 542 2009 omnia,
560 1983 688 2013 quorum
704 1982 778 2002 usus
793 1972 956 2012 expetitur.
978 1972 1076 2002 multa
1090 1971 1220 2012 quidem
1236 1972 1276 2002 ad
1292 1982 1344 2003 eos
1362 1973 1557 2004 extrinsecus

95 2031 223 2067 propter
246 2027 411 2067 imperium
436 2026 649 2057 accedebant:
677 2027 830 2067 permulta
856 2037 980 2068 quoque
1004 2026 1105 2057 insula
1120 2027 1189 2067 ipsa
1203 2027 1242 2056 ad
1257 2027 1461 2058 sufficientem
1479 2028 1553 2058 vitae

96 2090 184 2111 usum
207 2080 397 2121 pertinentia
412 2080 610 2122 producebat.
636 2081 767 2121 primum
780 2081 908 2122 quidem
921 2081 1035 2116 omnia,
1053 2092 1250 2122 quaecunque
1266 2091 1302 2111 ex
1319 2087 1407 2112 terrae
1425 2083 1553 2114 visceri-

96 2134 154 2164 bus
180 2141 337 2170 eruuntur,
360 2140 392 2164 et
406 2145 474 2175 quae
489 2134 590 2164 solida
602 2140 786 2175 permanent
799 2140 831 2165 et
847 2145 916 2175 quae
932 2134 1120 2165 funduntur:
1140 2135 1262 2176 quodve
1279 2146 1363 2166 nunc
1378 2136 1556 2166 nominatur

95 2187 204 2224 solum,
219 2193 292 2219 tunc
305 2195 388 2219 certe
401 2189 568 2229 plurimum
581 2188 786 2220 effodiebatur
799 2189 1010 2220 aurichalcum
1026 2189 1131 2219 multis
1145 2200 1183 2220 ex
1200 2190 1310 2220 insulse
1328 2191 1416 2226 locis,
1432 2190 1553 2231 insigne

96 2242 269 2278 metallum,
285 2249 358 2274 tunc
373 2244 456 2284 apud
484 2253 538 2273 eos
563 2249 745 2279 ceterorum,
762 2249 894 2284 excepto
921 2254 1005 2280 auro,
1019 2244 1284 2285 pretiosissimum.
1307 2250 1341 2275 et
1357 2254 1554 2286 quaecunque

95 2297 173 2327 silva
197 2297 342 2338 producit
351 2297 392 2327 ad
407 2297 562 2328 fabrorum
577 2297 752 2333 artificium,
768 2298 889 2328 ferebat
903 2298 1037 2328 abunde.
1052 2307 1170 2339 pascua
1184 2299 1259 2339 quin
1276 2299 1372 2328 etiam
1387 2299 1554 2329 animanti-

99 2352 154 2381 bus
170 2357 233 2381 tam
246 2351 321 2381 feris
331 2361 425 2392 quam
439 2352 618 2382 domesticis
634 2352 829 2393 suggerebat.
876 2352 1086 2393 Elephantum
1103 2358 1255 2393 praeterea
1268 2352 1380 2393 ingens
1396 2352 1440 2383 ibi
1449 2353 1556 2394 copia.

97 2405 202 2436 alebat
231 2415 345 2445 nempe
374 2405 574 2442 sufficienter,
601 2417 796 2447 quaecunqne
813 2417 868 2447 per
887 2406 1027 2447 paludes,
1045 2407 1131 2437 lacus
1147 2413 1180 2436 et
1193 2406 1332 2442 flumina,
1350 2407 1415 2437 sive
1432 2412 1554 2437 :montes

97 2469 226 2501 agrosve
249 2465 442 2500 pascuntur:
467 2459 563 2502 [115]
589 2461 738 2502 pascebat
762 2471 885 2502 quoque
911 2467 1031 2491 vastum
1040 2461 1220 2491 animalium
1232 2470 1332 2501 genus
1347 2466 1379 2490 et
1393 2461 1555 2491 voracissi-

98 2524 193 2545 mum.
239 2513 372 2544 Ferebat
386 2522 417 2544 et
434 2524 629 2555 quaecunque
644 2516 736 2546 tellus
749 2526 833 2546 nunc
850 2515 1004 2546 odorifera
1015 2515 1124 2549 nutrit,
1140 2514 1272 2549 radices,
1289 2515 1439 2555 gramina,
1457 2516 1554 2556 ligna,

99 2568 258 2609 liquentes
282 2578 401 2603 succos,
425 2568 516 2598 fiores
537 2578 572 2599 ac
596 2569 725 2600 fructus.
754 2580 881 2600 suavem
906 2575 1058 2611 praeterea
1080 2569 1154 2599 vitis
1178 2570 1338 2599 humorem
1363 2574 1396 2599 et
1417 2569 1554 2600 solidum

98 2622 294 2658 alimentum,
306 2622 420 2663 quibus
430 2622 492 2662 ipsi
507 2622 672 2653 nutrimur.
687 2623 740 2654 illa
752 2623 839 2660 item,
855 2624 968 2664 quibus
982 2634 1038 2664 pro
1052 2623 1121 2653 cibo
1133 2623 1249 2653 utimur
1263 2628 1295 2653 et
1311 2623 1431 2654 obsonii
1446 2624 1555 2663 gratia,

99 2686 170 2716 quae
192 2677 351 2718 legumina
378 2676 561 2707 vocitamus.
584 2687 642 2707 nec
667 2687 729 2707 non
757 2678 892 2718 liquores
907 2688 946 2708 ex
963 2677 1130 2712 arboribus,
1145 2682 1239 2717 atque
1251 2686 1340 2708 escas
1352 2676 1393 2707 ad
1408 2677 1494 2708 sitim
1509 2676 1555 2707 fa-

102 2739 244 2772 memque
265 2730 536 2772 exstinguendam.
561 2741 662 2772 neque
687 2730 815 2762 deerant
827 2733 876 2762 his
888 2737 1059 2773 unguenta.
1104 2731 1308 2762 Accedebant
1324 2736 1357 2761 et
1372 2730 1553 2762 deliciarum

101 2785 200 2824 gratia
221 2786 339 2817 fructus
362 2786 512 2816 variarum
543 2785 686 2816 arborum
718 2786 937 2827 copiosissimi.
959 2786 1090 2817 aderant
1111 2795 1236 2827 quoque
1260 2785 1415 2816 satietatis
1445 2784 1556 2815 solatia

102 2837 242 2875 bellaria,
267 2839 501 2870 fastidientibus
524 2840 685 2880 requisita.
709 2841 774 2871 haec
800 2841 905 2871 omnia
918 2841 1031 2878 insula,
1048 2850 1118 2881 quae
1131 2841 1289 2881 quondam
1302 2840 1439 2873 extabat,
1456 2848 1554 2871 sacra,

102 2891 255 2932 speciosa,
278 2893 431 2929 miranda,
446 2894 599 2925 uberrima
616 2894 816 2936 producebat.
840 2901 933 2936 atque
952 2896 1016 2926 haec
1033 2894 1218 2936 colligentes
1234 2904 1271 2925 ex
1287 2900 1376 2928 terra.
1392 2893 1510 2931 templa
1523 2898 1556 2921 et

191 2945 278 2977 Plut.
298 2947 350 2978 Tr.
870 2950 915 2982 ΙΙ,
1400 2951 1418 2977 2
1439 2946 1464 2976 N
