1840 3225
106 232 179 284 58]
743 234 975 276 TlMAEUs.
1498 236 1576 273 257

104 337 234 369 vitatem
249 340 332 370 cerni
343 350 364 371 a
378 340 468 372 nobis
482 340 597 382 poterit
611 351 617 368 :
635 339 683 369 sin
699 339 796 370 multa
807 339 942 369 invicem
967 345 1203 380 congregentur,
1219 349 1323 371 eorum
1341 337 1438 370 moles
1451 337 1572 379 magni-

102 391 291 434 tudinesque
300 400 476 425 cernentur,
492 394 569 435 quin
581 393 676 424 etiam
686 394 752 423 haec
763 394 868 424 omnia
879 403 899 423 a
909 393 979 424 Deo
991 398 1079 423 tanta
1091 394 1216 435 ubique,
1225 392 1330 435 quoad
1341 391 1573 428 multitudines,

103 454 206 477 motus
226 454 320 489 atque
336 448 501 489 potentias,
523 447 722 489 proportione
738 452 848 478 exacte
864 447 1007 478 absoluta
1029 457 1232 489 connexaque
1249 453 1332 483 sunt,
1349 453 1496 488 quantam
1512 455 1570 476 ne-

102 501 259 531 cessitatis
273 507 383 532 natura
399 502 500 532 libens
515 507 549 532 et
562 511 711 542 persuasa
725 511 838 542 capere
855 507 988 542 poterat.
1014 501 1061 531 Ex
1077 502 1219 532 omnibus
1232 512 1317 537 sane,
1331 512 1460 543 quorum
1474 510 1571 542 gene-

101 564 135 584 ra
150 565 245 596 supra
258 555 460 591 narravimus,
474 555 520 585 ita
535 556 642 585 merito
658 565 692 585 se
707 565 757 586 res
772 555 887 586 habere
904 555 1039 585 videtur.
1061 561 1142 586 terra
1154 566 1225 587 cum
1237 556 1271 586 in
1288 555 1391 596 ignem
1409 555 1569 591 inciderit,

102 609 170 651 ejus
183 609 326 640 acumine
336 609 487 640 dissoluta
498 609 604 645 fertur,
620 610 756 640 resoluta
766 609 798 639 in
811 609 916 650 ignem
930 614 984 639 aut
1000 608 1104 641 ae'rem
1115 615 1169 640 aut
1183 619 1307 651 aquam,
1324 619 1485 651 quousque
1497 619 1570 650 par-

100 669 149 694 tes
163 663 262 704 ipsius
277 673 448 704 congressae
464 663 580 694 iterum
594 662 716 704 sibique
739 663 874 694 invicem
891 661 1046 705 copulatae
1060 668 1170 695 terram
1185 663 1340 694 reficiant.
1362 674 1425 694 non
1439 664 1523 693 enim
1536 664 1571 694 in

103 716 196 746 aliam
209 726 344 758 unquam
360 717 498 758 speciem
511 717 753 758 transmigraret.
779 727 861 758 aqua
874 723 1028 759 praeterea
1044 718 1083 748 ab
1097 718 1171 759 igne
1187 717 1235 748 vel
1251 717 1324 749 ae're
1339 717 1441 748 divisa
1449 717 1482 748 in
1498 727 1570 759 par-

100 775 160 806 tes,
185 780 292 806 unum,
307 771 447 812 partibus
462 772 525 802 suis
549 771 770 807 reconciliatis,
781 771 865 813 ignis
889 782 1012 813 corpus,
1029 771 1112 803 aeris
1127 773 1190 803 duo
1213 772 1290 803 facit
1303 783 1310 801 z
1323 772 1483 814 portiones
1494 781 1569 803 vero

101 824 183 855 ae'ris
196 834 237 854 ex
255 834 316 855 una
330 824 482 856 dissoluta
495 830 585 867 parte
601 824 663 856 duo
676 825 761 867 ignis
776 835 905 867 corpora
920 826 1051 858 faciunt.
1082 836 1187 857 rursus
1202 826 1328 867 quando
1341 826 1425 867 ignis
1439 826 1478 856 ab
1492 825 1567 857 aere

102 878 153 909 vel
166 888 248 920 aqua
259 879 309 909 vel
324 884 408 910 terra
421 880 527 921 aliqua
538 885 718 921 occupatur,
733 884 765 910 et
778 880 848 922 ipse
865 880 992 921 quidem
1008 891 1127 922 paucus
1142 880 1176 911 in
1189 881 1294 911 multis
1306 885 1456 916 movetur,
1470 884 1567 921 atque

100 932 135 963 in
151 933 278 974 agitatis
291 939 412 975 pugnat
422 934 621 976 jactatusque
640 934 831 971 distrahitur,
847 934 910 965 duo
927 945 1056 976 corpora
1074 935 1157 976 ignis
1170 935 1204 965 in
1215 934 1352 976 speciem
1368 934 1452 966 aeris
1472 944 1567 964 unam

101 994 324 1018 concrescunt:
341 987 458 1018 deinde
470 994 616 1030 superato
629 989 701 1020 aere
715 994 808 1030 atque
821 988 973 1030 disperso,
985 999 1027 1020 ex
1037 989 1111 1019 totis
1123 989 1244 1020 duobus
1256 994 1350 1031 atque
1362 988 1492 1019 dimidio
1503 998 1567 1019 una

99 1050 191 1082 aquae
207 1046 272 1072 tota
286 1042 408 1083 species
422 1042 583 1074 coalescit.
606 1042 742 1084 denique
757 1043 801 1074 sic
817 1053 856 1074 ea
872 1054 975 1074 rursus
989 1043 1232 1074 consideremus.
1270 1043 1345 1084 [57]
1362 1042 1509 1084 quotiens
1523 1043 1563 1073 ab

99 1094 174 1136 igne
197 1097 456 1137 comprehensum
471 1096 601 1127 aliorum
615 1108 714 1137 genus
739 1097 868 1139 aliquod
891 1099 1073 1138 angulorum
1087 1099 1283 1139 laterumque
1297 1097 1397 1138 ipsius
1419 1097 1564 1127 acumine

99 1149 264 1186 scinditur,
279 1157 344 1181 tum
360 1151 484 1181 demum
497 1150 633 1192 discerpi
646 1151 772 1187 desinit,
786 1162 855 1182 cum
872 1152 906 1182 in
921 1152 1004 1193 ignis
1018 1157 1159 1182 naturam
1170 1152 1328 1183 transierit
1341 1163 1347 1181 :
1365 1151 1466 1182 simile
1479 1151 1563 1182 enim

98 1203 245 1245 idemque
258 1215 356 1246 genus
369 1205 530 1246 quodlibet
541 1216 560 1236 a
573 1205 669 1236 simili
683 1205 856 1247 eodemque
870 1206 1000 1236 minime
1011 1206 1145 1247 patitur:
1160 1216 1322 1247 quousque
1338 1216 1412 1236 vero
1426 1206 1460 1236 in
1476 1206 1565 1236 aliud

97 1263 302 1300 permutatur,
311 1259 560 1301 imbecilliusque
571 1270 640 1290 curn
651 1260 826 1301 potentiore
837 1261 982 1296 luctatur,
991 1260 1121 1291 dissolvi
1131 1271 1194 1291 non
1207 1260 1334 1292 desinit.
1350 1270 1454 1291 rursus
1465 1270 1566 1302 quan·

97 1312 138 1343 do
154 1313 273 1344 minora
297 1323 317 1344 a
331 1314 437 1344 multis
457 1313 628 1355 majoribus
651 1314 863 1344 circumventa
877 1323 960 1350 sunt,
977 1319 1010 1345 et
1032 1325 1135 1356 pauca
1150 1315 1287 1344 lacerata
1309 1315 1564 1355 exstinguuntur,

96 1377 169 1397 cum
184 1367 215 1397 in
237 1367 395 1398 vincentis
418 1367 522 1398 ideam
549 1367 697 1399 constitui
721 1367 830 1403 velint,
847 1373 971 1398 cessant
997 1368 1166 1409 exstingui,
1182 1368 1281 1409 fitque
1303 1377 1343 1398 ex
1357 1368 1424 1409 igni
1439 1368 1505 1405 aer,
1522 1379 1563 1399 ex

97 1420 172 1452 aere
187 1430 280 1462 aqua.
302 1421 387 1463 quod
402 1421 429 1452 si
443 1421 478 1451 in
491 1422 558 1452 haec
573 1421 723 1452 transitus
737 1421 842 1457 fuerit,
859 1426 892 1452 et
906 1422 1036 1452 aliorum
1052 1422 1181 1463 aliquod
1196 1432 1294 1463 genus
1307 1422 1481 1464 impugnet,
1497 1433 1562 1455 non

98 1480 224 1505 cessant
245 1475 364 1517 agitata
388 1475 528 1512 dissolvi,
544 1476 724 1517 priusquam
750 1481 805 1506 aut
819 1476 955 1512 omnino,
972 1487 1045 1507 cum
1065 1475 1261 1507 dissolubilia
1282 1476 1355 1513 sint,
1371 1476 1505 1519 depulsa
1519 1479 1561 1509 ad

99 1537 264 1570 cog-natum
288 1529 465 1571 refugiant;
482 1535 537 1561 aut
548 1535 729 1572 expugnata
748 1530 783 1560 in
796 1540 893 1561 unum
918 1530 1069 1572 quiddam
1091 1540 1131 1561 ex
1152 1531 1259 1561 multis
1273 1532 1435 1573 superanti
1458 1532 1561 1564 simile

95 1583 222 1614 tandem
235 1584 381 1620 evadant,
401 1584 657 1626 familiariterque
671 1595 743 1616 cum
754 1584 872 1615 victore
894 1590 1109 1626 permaneant.
1133 1585 1291 1617 enimvero
1306 1596 1362 1627 per
1375 1587 1431 1617 has
1441 1587 1563 1628 passio-

93 1648 149 1669 nes
165 1638 255 1669 sedes
270 1639 408 1669 vicissim
423 1644 537 1669 cuncta
551 1644 756 1670 commutant.
790 1639 913 1680 generis
926 1649 1062 1681 namque
1079 1638 1248 1680 cujuslibet
1269 1640 1488 1672 multitudines
1504 1651 1561 1683 per

95 1692 201 1724 locum
217 1693 376 1734 proprium
394 1693 639 1734 distinguuntur,
654 1694 693 1724 ob
706 1693 793 1724 sedis
807 1693 907 1735 ipsius
921 1693 1122 1734 agitationem
1136 1705 1142 1723 :
1160 1705 1231 1735 quae
1246 1705 1319 1725 vero
1334 1694 1498 1726 dissimilia
1509 1697 1558 1726 in-

94 1747 198 1778 vicem
212 1747 297 1778 facta
311 1752 394 1783 sunt,
409 1752 536 1788 propter
550 1747 680 1778 fluctum
694 1747 992 1789 concussionemque
1009 1748 1049 1778 ad
1065 1749 1166 1779 locum
1183 1759 1301 1785 eorum,
1317 1749 1429 1791 quibus
1443 1750 1560 1781 similia

96 1811 235 1837 evasere,
250 1801 400 1832 feruntur.
446 1800 584 1843 Corpora
605 1801 701 1842 igitur
715 1801 857 1832 immixta
872 1812 908 1832 ac
923 1802 1026 1843 prima
1040 1813 1076 1833 ex
1093 1803 1195 1834 causis
1209 1803 1386 1845 hujusmodi
1408 1804 1560 1836 fabricata

95 1860 179 1886 suut.
194 1855 278 1897 quod
290 1860 395 1886 autem
410 1854 443 1886 in
460 1866 564 1886 eorum
581 1855 746 1897 speciebus
761 1857 824 1886 alia
839 1866 962 1897 quoque
977 1856 1087 1887 innata
1100 1863 1172 1887 sunt
1185 1867 1414 1899 genera‚causa
1427 1864 1476 1889 est
1491 1860 1556 1890 ele-

95 1910 194 1940 menti
207 1910 367 1951 utriusque
383 1910 576 1946 constitutio,
593 1921 662 1951 quae
677 1921 740 1941 non
756 1911 857 1940 solum
872 1912 910 1940 ab
927 1911 1017 1941 initio
1031 1922 1128 1942 unum
1142 1922 1213 1942 cum
1227 1912 1444 1953 magnitudine
1459 1913 1556 1944 trian-

97 1963 203 2004 gulum
218 1964 352 2005 peperit,
369 1964 426 1994 sed
442 1964 537 1994 etiam
553 1965 670 2006 majora
685 1970 717 1995 et
731 1965 863 2001 minora,
885 1970 932 1995 tot
947 1965 1076 2006 quidem
1090 1976 1230 2002 numero,
1247 1972 1322 2007 quot
1335 1966 1367 1996 in
1390 1967 1557 2007 speciebus

93 2023 167 2047 sunt
182 2027 308 2058 genera.
329 2023 517 2059 quapropter
531 2018 628 2049 mixta
642 2019 709 2049 haec
726 2019 758 2049 in
774 2029 808 2049 se
822 2020 900 2060 ipsis
915 2025 1008 2061 atque
1022 2020 1160 2051 invicem
1172 2020 1328 2051 infinitam
1343 2021 1461 2052 habent
1477 2022 1557 2052 vari-

95 2076 211 2102 etatem
224 2083 230 2100 :
249 2071 335 2114 cujus
349 2072 464 2113 peritos
479 2082 548 2103 esse
565 2082 620 2103 eos
635 2078 768 2114 oportet,
786 2074 839 2115 qui
855 2073 894 2104 de.
906 2080 1018 2105 natura
1029 2080 1102 2105 sunt
1114 2074 1267 2105 rationem
1279 2075 1473 2116 probabilem
1483 2076 1556 2107 red-

94 2123 199 2155 ditum:
234 2125 336 2166 Igitur
349 2126 411 2156 nisi
428 2126 507 2167 quis,
524 2137 585 2168 quo
601 2133 693 2168 pacto
709 2133 741 2158 et
757 2138 828 2158 cum
840 2128 954 2169 quibus
967 2139 1031 2160 una
1045 2134 1196 2160 motuset
1210 2129 1391 2160 constitutio
1406 2129 1470 2166 fiat,
1487 2140 1554 2162 cer-

91 2183 124 2210 te
151 2179 432 2221 comprehenderit,
448 2181 548 2212 multa
570 2181 786 2222 disputationi,
799 2193 868 2224 quae
895 2189 1004 2214 manet
1030 2194 1049 2214 a
1074 2189 1172 2225 tergo,
1197 2183 1424 2224 impedimento
1452 2184 1555 2215 futura

94 2232 249 2264 videntur.
293 2235 334 2265 de
358 2235 407 2266 his
428 2235 542 2277 partim
568 2235 696 2277 quidem
719 2236 837 2268 dictum
860 2243 918 2275 est,
941 2239 1056 2279 partim
1085 2249 1160 2269 vero
1181 2243 1280 2269 restat
1301 2237 1480 2269 dicendum.
1524 2239 1557 2269 in

91 2288 162 2328 ipsa
191 2289 257 2319 leni
278 2289 434 2330 planaque
457 2295 569 2321 natura
590 2296 693 2322 motus
715 2301 783 2322 esse
806 2302 967 2334 nunquam
990 2293 1085 2323 solet.
1128 2303 1200 2324 nam
1233 2293 1415 2333 agitandum
1437 2292 1555 2335 absque

94 2342 246 2383 agitatum
258 2343 306 2374 vel
316 2344 502 2384 agitaturum
513 2345 627 2387 absque
641 2345 790 2387 agitando
801 2345 927 2377 difficile
939 2352 997 2383 est,
1009 2347 1106 2377 immo
1122 2347 1327 2388 impossibile,
1340 2347 1475 2388 reperiri.
1490 2359 1556 2378 mo·

94 2401 143 2426 tus
166 2401 268 2427 autem
294 2397 400 2428 hor-um
417 2399 553 2429 omnium
570 2400 698 2431 minime
713 2406 772 2431 est.
795 2401 861 2431 haec
872 2411 944 2433 vero
957 2401 1043 2432 lenia
1056 2402 1212 2443 planaque
1228 2411 1296 2431 esse
1308 2411 1466 2442 nunquam
1482 2411 1555 2442 pos-

94 2456 176 2481 sunt.
205 2450 248 2481 sic
262 2451 366 2492 itaque
381 2457 497 2482 statum
508 2452 634 2493 quidem
645 2453 678 2483 in
691 2454 822 2495 planitie
831 2454 1036 2497 lenitateque,
1047 2460 1163 2486 motum
1177 2455 1290 2485 veroin
1306 2455 1459 2485 contraria
1473 2465 1554 2485 sem·

93 2513 149 2544 per
170 2509 281 2535 natura
297 2515 463 2545 ponemus.
490 2505 564 2549 [58]
583 2507 782 2549 inaequalitas
796 2519 885 2550 porro
901 2515 1017 2540 naturae
1030 2509 1122 2550 hujus
1132 2513 1180 2540 est
1199 2519 1304 2544 causa,
1321 2519 1390 2549 quae
1408 2508 1470 2538 leni
1485 2508 1554 2550 pla-

94 2567 196 2599 noque
209 2559 364 2589 contraria
375 2565 431 2590 est.
456 2560 677 2601 inaequalitatis
686 2572 759 2593 vero
773 2564 1006 2604 generationem
1015 2563 1079 2606 jam
1104 2562 1302 2593 tractavimus
1317 2573 1324 2599 ;
1347 2563 1400 2593 sed
1415 2573 1551 2604 quonam

94 2612 190 2642 modo
204 2613 325 2654 singula
338 2613 510 2645 secundum
520 2625 634 2656 genera
646 2626 709 2646 non
722 2617 821 2648 divisa
834 2618 950 2648 moveri
964 2618 1099 2648 invicem
1113 2616 1247 2658 ferrique
1265 2615 1422 2653 desinunt,
1436 2627 1554 2659 nequa-

95 2674 188 2706 quam
199 2667 412 2708 exposuimus.
429 2668 462 2698 id
474 2679 546 2710 ergo
556 2670 707 2711 deinceps
717 2670 760 2701 sic
773 2672 1020 2713 explanabimus.
1035 2671 1187 2702 uuiversae
1199 2676 1318 2701 naturae
1328 2670 1474 2702 circuitus
1484 2682 1555 2702 curn

97 2718 240 2751 circulari
249 2721 365 2752 ambitu
377 2732 432 2753 suo
444 2732 559 2763 genera
570 2725 749 2765 complexus
761 2726 810 2761 sit,
825 2731 857 2756 et
868 2737 972 2757 secum
987 2726 1056 2768 ipso
1069 2724 1214 2767 congredi
1226 2724 1361 2761 studeat,
1370 2725 1556 2766 constringit

96 2774 200 2804 omnia
214 2785 223 2812 ;
242 2775 408 2817 locumque
419 2786 554 2808 vacuum
565 2777 699 2818 relinqui
712 2788 863 2819 nusquam
878 2781 1005 2822 patitur.
1030 2779 1175 2821 quocirca
1188 2779 1270 2821 ignis
1283 2789 1338 2821 per
1354 2779 1457 2810 omnia
1469 2789 1555 2809 max-

96 2825 159 2856 ime
173 2829 355 2867 penetravit,
367 2829 482 2861 deinde
498 2830 563 2867 aer,
579 2835 689 2872 utpote
704 2833 758 2873 qui
771 2832 832 2874 ipsi
847 2835 998 2865 tenuitate
1013 2840 1061 2865 est
1076 2834 1232 2876 proximus
1249 2845 1258 2873 3
1281 2838 1313 2864 et
1328 2833 1388 2863 alia
1405 2833 1498 2863 simili
1509 2843 1558 2862 ra—

95 2879 181 2910 tione
204 2880 363 2924 deinceps.
392 2894 461 2925 quae
483 2885 564 2916 enim
591 2896 628 2916 ex
644 2886 782 2917 maximis
797 2888 934 2928 partibus
949 2894 1021 2918 sunt
1035 2887 1220 2930 composita,
1232 2887 1559 2927 vacuitatemquoque

95 2933 125 2962 in
151 2944 205 2964 sua
229 2937 450 2970 constitutione
475 2939 639 2972 maximam
659 2941 832 2983 reliquere:
858 2942 987 2973 minima
1010 2949 1117 2974 contra
1143 2941 1314 2974 minimam.
1339 2940 1558 2972 coarctationis

186 2988 274 3020 Piae.
295 2990 348 3023 Tr.
861 2997 907 3029 Π,
1398 2997 1417 3025 2
1444 2993 1472 3024 Κ
