1840 3225
223 215 303 254 290
818 210 1082 251 PLAToNrs
1585 209 1683 262 [633

225 327 305 360 quas
318 317 368 349 vel
382 322 494 359 sponte
509 317 559 349 vel
575 321 684 349 coacte
695 315 825 354 faciant,
840 316 991 359 quicquid
1007 316 1115 346 horum
1129 314 1209 345 inter
1218 324 1252 345 se
1263 318 1493 350 contraxerunt,
1504 313 1559 345 ubi
1566 313 1690 355 justitia

227 372 321 408 adsit,
334 371 386 402 ubi
400 372 490 408 absit,
505 371 747 411 animadvertat,
761 377 794 402 et
820 371 999 412 parentibus
1016 369 1143 411 quidem
1164 370 1309 406 honores,
1331 378 1394 399 non
1409 368 1591 410 parentibus
1601 366 1689 398 debi-

227 432 275 457 tas
289 436 397 468 poenas
413 426 596 457 constituat.
618 425 744 457 demum
772 425 916 457 omnibus
942 424 982 455 ad
1012 425 1105 455 finem
1131 433 1230 464 usque
1256 424 1300 455 rei
1323 422 1459 465 publicae
1483 421 1695 464 pertractatis,

226 480 455 512 animadvertat
477 485 655 522 statuatque
678 490 806 511 necesse
823 485 882 515 est,
903 479 1065 521 quomodo
1091 483 1295 508 monumenta
1318 477 1448 508 mortuis
1461 476 1581 508 exstrui
1595 476 1691 517 quive

227 534 385 565 defunctis
412 535 545 576 singulis
574 536 713 566 honores
741 534 884 576 impendi
914 533 1061 564 debeant.
1098 533 1148 563 his
1177 533 1314 574 denique
1341 531 1515 568 declaratis,
1534 530 1695 572 legislator

227 588 373 618 omnibus
395 589 464 620 istis
491 589 639 620 custodes
663 589 825 630 praeficiet‚
840 589 917 620 alios
944 588 1123 629 prudentia,
1139 587 1217 618 alios
1238 597 1314 618 vera
1333 587 1483 627 opinione
1499 590 1641 628 agentes,
1657 591 1698 616 ut

227 653 315 673 mens
330 643 363 673 in
379 653 473 673 unum
486 644 555 674 haec
579 644 685 674 omnin
699 644 849 684 colligens
874 654 912 673 eo
940 642 1086 678 deducat,
1103 647 1138 672 ut
1161 641 1403 683 temperantiam
1423 646 1456 672 et
1465 640 1620 682 justitiam
1634 649 1693 681 po—

226 697 288 727 tius
310 707 402 738 quam
419 697 545 728 divitias
560 698 807 728 ambitionemve
831 702 1013 738 sequantur.
1035 697 1081 727 ita
1105 697 1263 737 equidem,
1276 696 1428 737 hospites,
1449 695 1629 730 voluissem,
1645 698 1694 724 at·

226 762 288 792 que
304 753 402 782 etiam
425 752 511 789 volo,
526 763 546 783 a
571 752 659 783 vobis
685 752 812 794 exponi,
827 763 890 793 quo
912 758 1006 793 pacto
1021 752 1053 782 in
1077 751 1198 792 legibus
1218 751 1309 783 Jovis
1333 756 1366 781 et
1387 749 1548 791 Apollinis
1571 746 1695 790 Pythii,

227 815 304 846 quas
327 806 436 837 Minos
459 812 492 838 et
514 807 675 849 Lycurgus
701 807 903 848 scripserunt,
921 806 1017 837 insint
1039 806 1106 837 haec
1129 806 1246 843 omnia,
1263 811 1294 836 et
1306 814 1444 846 quonam
1457 803 1566 835 ordine
1591 802 1695 844 posita

226 863 357 900 pateant
371 860 429 897 illi,
445 861 499 902 qui
523 861 654 892 artificio
671 861 720 892 vel
747 872 807 892 usu
827 861 965 902 quodam
991 860 1095 901 legum
1118 860 1263 900 peritiam
1278 860 1391 904 babet}
1408 858 1497 889 nobis
1523 867 1595 888 vero
1623 856 1692 887 aliis

227 913 314 944 nullo
342 914 435 945 modo
464 919 604 956 pateant.
650 915 727 946 Cu.
751 916 825 953 Quo
849 920 942 956 pacto
970 915 1075 956 igitur,
1093 915 1218 955 hospes,
1233 924 1303 955 quae
1329 917 1512 954 sequuntur,
1529 910 1693 942 tractanda

225 967 324 998 sunt?
350 967 491 999 Arnim.
514 969 567 999 Ab
591 969 683 1000 initio
709 979 823 1006 rursus,
839 974 875 1000 ut
900 979 996 1011 supra
1020 969 1181 1010 coepimus,
1197 968 1360 998 tractanda
1382 967 1415 997 in
1436 965 1544 1008 primis
1567 975 1604 996 ea
1614 964 1693 995 mihi

225 1020 384 1058 videntur,
400 1033 470 1064 quae
487 1023 527 1054 ad
543 1023 762 1054 fortitudinem
784 1024 964 1065 pertinent:
979 1023 1094 1053 deinde
1121 1022 1216 1053 aliam
1231 1027 1326 1063 atque
1338 1021 1431 1052 aliam
1455 1019 1576 1051 virtutis
1590 1018 1693 1060 speci-

227 1086 279 1106 em
292 1077 508 1118 transigemus,
524 1077 549 1109 si
571 1078 658 1109 vobis
674 1078 769 1109 etiam
795 1078 841 1109 ita
866 1077 982 1119 placet.
1003 1088 1110 1108 verum
1131 1077 1199 1119 jam
1222 1075 1356 1117 primum
1379 1079 1628 1117 pertractemus3
1651 1071 1694 1103 ad

224 1129 355 1171 ejusque
369 1132 529 1172 exemplar
543 1136 659 1167 cetera,
676 1137 712 1162 ut.
733 1131 946 1161 confabulatio
970 1131 1114 1161 levamen
1135 1130 1225 1161 nobis
1247 1129 1367 1161 itineris
1391 1128 1514 1160 afferat.
1535 1131 1692 1169 postremo

225 1193 310 1220 vero,
328 1195 399 1216 cum
416 1185 455 1216 de
473 1186 616 1216 universa
635 1185 752 1216 virtute
775 1185 1023 1222 tractaverimus,
1039 1196 1088 1222 ea,
1115 1195 1186 1226 quae
1206 1185 1302 1215 modo
1317 1183 1489 1220 retulimus,
1503 1182 1579 1213 illuc
1595 1181 1693 1223 respi-

228 1247 310 1274 cere,
328 1240 353 1269 si
370 1238 458 1271 Deus
475 1239 621 1277 voluerit,
636 1240 849 1270 ostendemus.
873 1238 950 1270 (ἴω.
973 1239 1077 1270 Recte
1094 1239 1174 1270 dicis
1188 1251 1195 1269 :
1215 1239 1312 1281 [633]
1330 1247 1503 1280 conareque
1517 1236 1620 1279 primo
1635 1245 1695 1267 no-

226 1292 274 1323 bis
287 1293 376 1325 Jovis
392 1294 476 1325 hunc
491 1294 686 1324 laudatorem
703 1293 917 1334 comprobare.
941 1293 1082 1324 Arum«.
1105 1293 1251 1325 Conabor
1265 1298 1297 1323 et
1311 1297 1342 1324 te
1357 1292 1450 1323 simul
1465 1296 1498 1323 et
1510 1301 1562 1322 me
1576 1291 1694 1332 ipsum.

227 1347 399 1378 communis
413 1347 497 1379 enirn
514 1347 651 1388 pertinet
663 1347 731 1378 haee
745 1346 838 1377 nobis
854 1346 963 1377 oratio.
988 1346 1083 1377 dieite
1096 1347 1210 1389 igitur:
1235 1357 1309 1377 num
1326 1346 1470 1378 convivia
1484 1345 1694 1386 exercitiaque

227 1401 268 1431 ad
280 1401 397 1432 bellurn
416 1412 434 1432 a
453 1401 657 1443 legumlatore
673 1401 802 1432 inventa
825 1400 921 1431 suisse
943 1400 1102 1431 diximus?
1126 1401 1201 1432 Cm.
1225 1401 1355 1443 Utique.
1378 1399 1517 1431 Aram.
1539 1398 1591 1430 An
1605 1398 1694 1430 terti-

226 1465 279 1485 um
294 1455 344 1486 vel
358 1461 504 1497 quartum
524 1457 564 1487 ad
580 1456 664 1487 idem
677 1456 841 1486 inventum
864 1455 960 1486 fuisse
986 1454 1186 1486 dicendum?
1209 1456 1288 1486 forte
1314 1454 1399 1486 enim
1424 1454 1470 1485 ita
1495 1453 1693 1484 dinumerare

225 1514 361 1550 oportet,
377 1515 444 1541 tum
457 1510 488 1541 in
504 1511 564 1541 hoc
580 1510 703 1541 virtutis
719 1520 846 1552 genere,
861 1517 925 1540 turn
942 1509 975 1540 in
993 1514 1164 1541 ceterarum
1180 1509 1330 1541 virtutum
1345 1509 1410 1540 sive
1426 1512 1523 1549 parte,
1535 1507 1601 1538 sive
1614 1517 1694 1548 quo-

226 1564 447 1606 modocunque
463 1565 554 1596 aliter
569 1564 788 1596 declarationis
809 1563 962 1595 duntaxat
982 1565 1082 1606 gratia
1101 1564 1262 1595 nominare
1276 1565 1399 1595 deceat.
1432 1563 1531 1594 Mzo.
1551 1561 1693 1592 Tertium

225 1627 301 1648 vero
314 1618 383 1659 ipse
399 1617 549 1656 dicerem,
561 1630 621 1651 nec
645 1619 956 1651 Lacedaemoniorum
980 1619 1143 1660 quisquam
1167 1623 1307 1660 negaret,
1323 1617 1523 1649 venationem
1536 1615 1698 1656 excogita-

224 1676 291 1702 tam
308 1672 419 1704 fuisse.
443 1678 586 1715 quartum
612 1679 716 1704 autem
733 1678 766 1704 et
789 1673 932 1715 quintum
955 1674 1097 1704 invenire
1121 1683 1280 1705 conemur.
1302 1678 1447 1714 quartum
1473 1670 1581 1712 itaque
1609 1679 1695 1711 pono

225 1727 313 1768 apud
329 1737 415 1758 meos
439 1728 646 1770 praecipuum,
665 1728 786 1759 scilicet
808 1728 924 1759 doloris
948 1727 1171 1759 tolerantiam:
1197 1737 1267 1769 quae
1292 1737 1340 1757 res
1362 1725 1476 1768 pugnis
1493 1725 1576 1756 inter
1602 1733 1636 1754 se
1654 1733 1692 1754 ac

226 1778 349 1822 rapinis
362 1781 550 1822 quibusdam
576 1782 684 1813 multis
711 1792 782 1813 cum
808 1782 986 1813 vulneribus
1008 1782 1149 1824 quotidie
1172 1782 1350 1813 adhibetur.
1372 1781 1413 1811 ad
1439 1781 1507 1811 haec
1523 1777 1694 1810 occultatio

225 1835 372 1876 quaedam
389 1835 539 1867 mirabilis
554 1841 587 1867 et
612 1836 651 1867 ad
677 1835 876 1868 tolerantiam
903 1836 1019 1873 valida,
1036 1836 1131 1867 nudis
1150 1836 1182 1866 in
1203 1836 1307 1866 hieme
1325 1834 1470 1876 pedibus,
1484 1831 1572 1864 nudo
1593 1831 1691 1863 etiarn

224 1898 309 1930 saepe
321 1889 441 1931 reIIquo
463 1900 603 1932 corpore,
617 1890 683 1921 sine
706 1891 852 1922 ministris
872 1891 924 1922 die
938 1896 1094 1932 nocteque
1111 1900 1167 1932 per
1188 1899 1316 1920 omnem
1330 1889 1496 1930 regionem
1520 1886 1690 1917 errantium

223 1948 396 1975 enarratur.
417 1949 570 1986 praeterea
583 1945 616 1975 in
641 1945 797 1976 nudorum
814 1945 1091 1977 exercitationibus
1114 1944 1350 1976 adolescentum
1368 1941 1516 1973 mirabilis
1531 1939 1617 1982 apud
1633 1949 1693 1970 nos

223 1997 403 2035 tolerantia,
420 2009 489 2030 curn
516 1999 633 2030 intensi
663 2000 774 2031 caloris
795 2000 946 2041 potentiae
973 1998 1179 2031 resistendum
1196 1998 1258 2029 sit:
1283 1997 1383 2028 multa
1406 1994 1589 2038 hujusmodi
1604 1993 1691 2036 apud

224 2061 282 2082 nos
298 2052 359 2083 alia
374 2057 456 2088 suut,
473 2063 544 2094 quae
559 2064 622 2084 non
635 2053 729 2085 facile
751 2055 907 2096 quispiam
932 2059 1140 2085 enumeraret.
1173 2052 1309 2083 Amen.
1331 2051 1434 2082 Probe
1450 2048 1601 2091 loqueris,
1618 2049 1692 2079 hos-

223 2115 279 2146 pes
303 2105 555 2138 Lacedaemonie.
578 2107 634 2138 sed
651 2112 751 2139 utrum
768 2109 808 2139 ad
826 2109 951 2140 timores
963 2109 1063 2139 solum
1088 2113 1183 2149 atque
1200 2106 1323 2138 dolores
1335 2104 1511 2137 fortitudini
1525 2113 1630 2145 pugna
1643 2107 1692 2134 est

223 2158 378 2190 duntaxat
392 2160 403 2190 ?
426 2170 466 2191 an
481 2160 575 2191 etiam
592 2162 631 2192 ad
648 2161 840 2203 cupiditates
862 2163 1104 2204 voluptatesque
1120 2172 1156 2193 ac
1173 2162 1374 2192 vehementes
1390 2157 1541 2201 quasdam
1562 2156 1690 2187 blandi-

220 2213 295 2251 tias,
310 2224 382 2256 quae
405 2224 514 2246 eorum
540 2216 646 2251 etiam,
661 2216 714 2257 qui
730 2216 853 2247 honesti
878 2217 1036 2252 videntur,
1051 2216 1169 2247 animos
1186 2216 1318 2247 flectunt
1338 2219 1372 2245 et
1386 2212 1476 2255 quasi
1490 2221 1598 2244 cereos
1611 2210 1690 2242 faci-

225 2268 303 2299 unt?
341 2269 438 2300 Mac.
460 2269 621 2302 Adversus
633 2271 701 2302 haec
717 2272 833 2303 omnia.
872 2271 1012 2302 Arum<-
1034 2271 1068 2302 Si
1082 2276 1169 2301 recte
1183 2269 1336 2301 dictorum
1352 2266 1562 2302 meminimus,
1578 2265 1630 2297 hic
1645 2264 1692 2296 ci-

221 2322 353 2354 vitatem
370 2322 506 2365 aliquam
520 2335 553 2356 se
570 2325 639 2367 ipsa
662 2325 838 2357 inferiorem
853 2330 886 2357 et
900 2326 998 2356 virum
1026 2325 1163 2366 aliquem
1189 2323 1367 2355 inferiorem
1383 2331 1416 2353 se
1431 2321 1502 2364 ipso
1515 2329 1584 2352 esse
1601 2319 1690 2351 dice·

222 2376 287 2408 bat.
309 2377 407 2414 itane,
421 2379 533 2420 hospes
556 2379 701 2411 Gnosie?
725 2380 802 2412 Cn.
824 2380 876 2411 Ita
897 2390 1032 2422 prorsus.
1059 2379 1198 2410 Arum.
1222 2378 1338 2410 Utrum
1348 2377 1445 2419 igitur
1458 2385 1544 2412 eum,
1558 2374 1614 2416 qui
1630 2373 1688 2405 do-

222 2430 288 2462 lore
310 2431 472 2474 frangitur,
489 2444 529 2464 an
545 2443 628 2471 eum,
645 2433 699 2476 qui
715 2434 874 2476 voluptate
900 2439 1073 2476 superatur,
1090 2434 1275 2465 deteriorem
1302 2441 1414 2463 vocare
1435 2429 1583 2473 oportet?
1610 2428 1691 2461 Cn.

225 2484 320 2523 Eum,
337 2487 478 2524 arbitror,
494 2487 546 2530 qui
562 2494 728 2530 superatur
747 2499 765 2520 a
781 2490 943 2530 voluptate
959 2500 966 2518 :
992 2499 1164 2530 omnesque
1179 2488 1342 2530 voluptate
1365 2487 1572 2528 illaqueatum
1583 2482 1687 2514 homi-

223 2549 296 2570 nem
312 2539 491 2572 inferiorem
514 2553 547 2574 se
562 2543 632 2584 ipso
645 2543 758 2586 magis,
772 2548 805 2574 et
819 2543 946 2585 quidem
963 2554 1032 2573 cum
1046 2543 1227 2585 opprobrio,
1243 2552 1338 2584 quarn
1364 2541 1473 2572 dolore
1487 2537 1685 2570 demollitum

223 2599 348 2634 putant.
372 2594 470 2638 [634]
495 2595 634 2629 Arnen.
658 2599 762 2636 Quare
784 2598 874 2630 Jovis
889 2604 921 2628 ct
944 2597 1104 2639 Apollinis
1121 2597 1344 2639 legumlatores
1366 2594 1513 2627 claudam
1528 2590 1686 2624 fortitudi-

222 2656 297 2679 nem
324 2650 492 2689 posuerint,
507 2661 578 2692 quae
606 2652 646 2682 ad
672 2652 827 2684 sinistram
854 2652 980 2694 quidem
1006 2651 1143 2683 adversis
1170 2652 1312 2683 resistere
1335 2649 1461 2692 possit3
1485 2646 1526 2679 ad
1540 2645 1684 2677 dextram

222 2710 296 2732 vero
319 2702 412 2734 rebus
433 2705 580 2735 secundis
606 2711 639 2736 et
663 2707 744 2738 laetis
777 2706 1072 2750 blandientibusque
1103 2706 1307 2738 succumbat:
1331 2704 1425 2734 immo
1453 2701 1493 2733 ad
1515 2706 1683 2741 utrumque

223 2755 443 2788 sufficientem.
480 2758 557 2790 CLr.
580 2759 631 2791 Ad
647 2766 827 2804 utrumque,
843 2761 985 2793 arbitror.
1020 2761 1160 2792 Arumv.
1189 2760 1389 2802 Exponamus
1411 2757 1519 2798 itaque
1532 2754 1686 2789 similiter,

223 2818 368 2849 quaenam
391 2811 493 2842 officia
515 2814 623 2848 vestris
645 2815 678 2845 in
700 2816 879 2847 civitatibus
905 2820 989 2853 sunt,
1005 2826 1074 2857 quae
1096 2820 1221 2857 gustent
1243 2810 1476 2855 quodammodo
1492 2809 1683 2851 voluptates,

222 2872 286 2894 non
312 2863 434 2906 fugiant
459 2867 598 2903 omnIno,
624 2870 886 2910 quemadmodum
908 2881 967 2901 nec
992 2870 1116 2901 dolores
1143 2869 1323 2911 refugiunt5
1347 2866 1403 2897 sed
1422 2863 1566 2906 perinde,
1580 2867 1617 2894 ut
1639 2860 1682 2891 de

223 2916 384 2951 doloribus
401 2926 508 2960 agunt,
522 2921 639 2953 ducant
662 2924 693 2954 in
721 2925 838 2955 medias
864 2925 1054 2967 voluptates,
1069 2925 1109 2955 ad
1131 2934 1245 2965 easque
1270 2919 1461 2963 superandas
1487 2914 1679 2958 compellunt
