1840 3225
163 189 258 240 705]
612 187 684 225 DE
714 182 944 223 LEGIBUS
985 182 1082 223 LIB.
1115 184 1183 223 IV.
1538 178 1617 217 325

159 293 246 335 leges
273 293 462 328 horreamus,
494 290 584 322 niodo
611 290 793 331 probentur.
815 297 899 318 nunc
927 287 1020 328 igitur
1047 293 1080 319 et
1105 289 1180 319 mihi
1211 293 1243 319 et
1273 287 1360 318 vobis
1384 288 1464 318 hanc
1489 286 1618 328 gratiam

160 347 353 388 praebeamus
371 358 377 375 z
401 345 541 378 collectis
564 343 702 386 undique
729 342 861 383 regibus,
876 342 1016 372 oratione
1031 342 1201 374 condamus
1229 342 1267 373 ab
1284 342 1374 373 initio
1389 342 1559 373 civitatem.
1574 341 1621 372 sic

161 401 244 432 enim
260 406 293 432 et
307 401 396 437 illud,
421 400 504 442 quod
530 410 549 430 a
568 398 657 429 nobis
685 396 843 439 quaeritur,
860 394 1043 437 diligentius
1069 396 1328 432 considerabitur,
1344 401 1374 430 et
1403 396 1476 427 mihi
1493 396 1621 426 forsitan

160 455 333 497 disputatio
350 456 416 485 haec
432 455 472 485 ad
484 454 594 485 futurae
616 449 752 483 civitatis
778 450 1032 482 constitutionem
1059 451 1210 482 conferet.
1256 451 1392 482 Arnen.
1414 450 1489 481 Non
1503 450 1620 480 bellum

162 509 288 545 iudicis,
303 519 324 540 o
346 508 460 541 Clinia.
484 517 590 549 quare,
618 506 676 536 nisi
704 505 737 535 id
767 505 901 546 Megillo
928 504 1169 541 incommodum,
1186 515 1255 536 mea
1279 505 1405 546 quidem
1430 515 1486 546 pro
1508 503 1623 535 viribus

162 564 219 595 ubi
245 569 355 605 parata
375 567 459 593 sunt.
505 561 601 592 Mac.
633 559 734 591 Probe
761 558 848 590 dicis.
872 569 932 600 ego
960 570 1085 601 quoque
1113 565 1236 600 paratus
1259 570 1338 590 sum.
1383 559 1460 590 CLr.
1492 559 1620 601 Optime

160 616 252 649 ambo
278 616 410 648 dixistis.
433 625 529 657 quare
555 614 735 646 conandum
762 617 811 643 est
824 612 960 654 primum
972 614 1111 644 oratione
1127 614 1288 645 civ-itatem
1303 613 1449 645 condere.

785 803 925 853 LIB.
968 804 1059 853 IV.

456 886 466 899 0

160 963 258 1006 [70⁴]
277 962 352 994 Aen
365 961 443 1004 jam,
457 971 622 1004 quamnam
637 961 702 992 fore
724 961 883 992 civitatem
911 961 1049 1002 cogitare
1075 960 1251 991 debemus?
1275 970 1378 1002 neque
1393 970 1466 991 vero
1481 970 1567 991 nunc
1583 959 1623 991 de

163 1017 308 1059 praesenti
322 1016 390 1059 ejus
404 1017 531 1048 nornine
551 1022 605 1046 aut
620 1015 659 1046 de
681 1016 783 1046 futuro
807 1015 972 1056 interrogo.
997 1016 1028 1046 id
1046 1015 1130 1046 enim
1155 1015 1257 1045 forsan
1283 1021 1337 1045 aut
1362 1014 1492 1046 coloniae
1517 1020 1625 1046 auctor

161 1071 248 1102 dabit
260 1076 314 1102 aut
328 1072 438 1110 locus3
466 1071 515 1101 vel
543 1071 639 1101 etiam
666 1070 752 1100 fluvii
779 1075 833 1100 aut
856 1070 951 1100 fontis
964 1075 1017 1100 aut
1044 1070 1198 1106 Deorum,
1223 1070 1277 1110 qui
1302 1070 1333 1099 in
1348 1079 1387 1099 ea
1399 1069 1525 1109 regione
1540 1073 1624 1106 sunt,

161 1126 290 1168 alicujus
317 1125 476 1157 civitatem
504 1136 618 1155 novam
651 1135 707 1155 suo
740 1125 928 1164 cognomine
955 1124 1162 1165 nuncupabit.
1194 1123 1250 1154 sed
1275 1123 1353 1154 illud
1376 1123 1480 1165 potius
1509 1134 1625 1164 quaero,

161 1186 266 1211 utrum
283 1179 435 1211 maritima
449 1179 509 1210 erit
533 1190 572 1210 an
598 1179 827 1215 mediterranea
842 1179 853 1209 ?
899 1179 975 1210 Cu.
1000 1179 1107 1209 Distat
1126 1179 1202 1214 fere,
1218 1179 1341 1220 hospes,
1355 1188 1374 1208 a
1396 1178 1471 1208 mari
1489 1178 1568 1213 haec,
1585 1177 1626 1207 de

160 1244 222 1276 qua
237 1234 403 1274 loquimur,
420 1234 540 1270 civitas,
567 1234 675 1264 stadiis
699 1233 870 1274 octoginta.
914 1233 1053 1264 Arnen.
1078 1234 1190 1264 Portus
1216 1243 1289 1263 vero
1306 1237 1419 1263 suntne
1437 1231 1561 1273 prope?
1586 1241 1625 1262 an

161 1299 245 1319 mare
270 1288 351 1319 illud
380 1288 504 1329 penitus
534 1288 784 1329 importuosum?
831 1286 910 1318 Cu.
934 1288 1088 1318 Portuosa
1112 1293 1172 1323 est,
1193 1288 1317 1327 hospes,
1338 1296 1376 1317 83
1405 1285 1501 1327 regio,
1532 1295 1627 1327 quarn

160 1343 294 1373 maxime
321 1342 387 1373 fieri
415 1347 529 1383 potest.
574 1341 714 1372 ATHEN.
739 1341 824 1379 Heu,
846 1342 922 1383 quid
951 1341 1020 1372 ais?
1044 1352 1118 1383 ager
1141 1347 1246 1372 autem
1269 1341 1323 1371 ille
1351 1341 1411 1371 fert
1430 1340 1562 1370 omnia?
1587 1349 1627 1370 an

160 1395 338 1437 aliquorum
364 1395 518 1437 indigus?
564 1395 640 1427 Cn.
662 1395 734 1426 Fert
759 1406 850 1437 paene
877 1396 993 1427 omnia.
1039 1395 1175 1427 Armzx.
1199 1395 1320 1427 Civitas
1334 1405 1408 1425 vero
1426 1394 1570 1436 aliquane
1583 1393 1627 1424 illi

158 1449 300 1492 proxima
316 1450 327 1481 ?
373 1449 451 1481 cm.
473 1450 547 1481 Non
560 1450 652 1481 vaide
672 1462 678 1480 :
703 1456 798 1492 atque
813 1450 928 1482 iccirco
954 1450 1145 1482 habitatores
1161 1450 1234 1481 illuc
1249 1449 1426 1481 conducere
1443 1448 1628 1490 cogitamus.

158 1504 261 1547 prisca
276 1504 361 1535 enirn
376 1505 511 1546 quadam
540 1504 700 1536 hominum
716 1505 791 1536 inde
807 1505 890 1536 facia
904 1505 1118 1547 propulsione,
1142 1514 1255 1546 magno
1269 1503 1418 1545 temporis
1430 1502 1532 1544 spatio
1541 1503 1628 1545 jacet

158 1558 246 1600 regio
260 1558 413 1590 desolata.
458 1559 593 1590 Arnen.
617 1559 732 1597 Quoad
757 1571 885 1602 campos
911 1565 1018 1591 autem
1041 1566 1224 1600 montesque
1249 1564 1282 1589 et
1297 1558 1390 1588 silvas
1401 1557 1549 1599 pertinet,
1563 1568 1626 1599 quo

161 1617 254 1654 pacto
280 1613 434 1654 disposita
461 1613 537 1644 est?
585 1613 662 1645 cm.
685 1614 803 1645 Similis
833 1619 881 1645 est
906 1614 1036 1656 reliquae
1065 1613 1160 1644 totius
1183 1612 1285 1644 Cretae
1316 1617 1444 1643 naturae.
1488 1612 1627 1644 Arnen.

161 1664 319 1707 Asperam
340 1666 438 1708 igitur
459 1667 559 1709 ipsam
582 1667 687 1709 potius
710 1673 744 1698 et
765 1667 940 1699 silvestrem
967 1677 1060 1710 quarn
1085 1671 1290 1708 campestrem
1314 1676 1382 1696 esse
1397 1664 1504 1696 dicis?
1552 1664 1629 1696 Cu.

160 1719 223 1752 Aio
250 1721 408 1762 equidem.
452 1721 591 1752 Armis.
625 1721 700 1753 Non
724 1727 772 1753 est
803 1722 896 1764 igitur
925 1721 965 1753 ad
994 1721 1221 1764 acquirendam
1249 1720 1394 1751 virtutem
1421 1719 1628 1750 incommoda.

162 1784 237 1806 nam
260 1774 285 1805 si
311 1775 384 1805 mari
408 1775 548 1817 proxima
571 1781 654 1807 esset
681 1781 717 1817 et¹
739 1782 898 1818 portuosa,
914 1788 973 1808 nec
1001 1777 1096 1808 ferret
1125 1776 1244 1813 omnia,
1267 1773 1324 1806 sed
1346 1774 1511 1805 multarum
1525 1784 1628 1804 rerum

160 1835 278 1870 egeret,
304 1829 436 1860 maximo
462 1829 522 1860 sibi
547 1829 658 1861 salutis
679 1830 846 1862 fundatore
876 1841 955 1872 opus
983 1836 1066 1861 esset
1093 1830 1269 1870 divinisque
1293 1827 1561 1869 legumlatoribus
1585 1837 1628 1858 ne

161 1884 274 1914 multos
292 1893 329 1914 ac
349 1883 449 1914 varios
472 1895 573 1915 mores
600 1884 755 1926 simulque
778 1895 891 1927 pravos
914 1884 1093 1927 hujusmodi
1119 1883 1256 1925 regionis
1284 1887 1400 1914 natura
1422 1882 1629 1914 contraheret.

162 1947 248 1968 nunc
259 1947 334 1968 vero
343 1937 444 1979 juvat,
460 1938 536 1980 quia
545 1937 653 1969 stadiis
677 1938 837 1980 octoginta
855 1943 978 1969 remota
991 1943 1040 1968 est
1054 1948 1073 1969 a
1096 1938 1172 1969 mari
1191 1949 1197 1966 τ
1222 1936 1425 1978 propinquior
1436 1942 1520 1967 certe
1533 1945 1629 1978 quam

162 1996 287 2033 oportet
302 1991 389 2029 mari,
404 2002 443 2023 eo
467 1992 576 2028 ferme,
590 1992 677 2034 quod
699 1992 873 2034 portuosior
895 1997 955 2030 est,
971 1998 1006 2023 ut
1021 1993 1076 2024 ais.
1103 1991 1200 2034 [705]
1225 1991 1299 2022 satis
1315 1996 1421 2021 tamen
1436 1995 1468 2021 et
1485 1991 1544 2021 hoc
1559 2001 1628 2023 esse

162 2045 298 2077 videtur.
330 2044 474 2088 profecto
503 2056 585 2077 mare
614 2047 736 2078 civitati
762 2047 934 2088 proximum
963 2046 1147 2088 quotidiana
1174 2045 1310 2088 quadam
1330 2043 1530 2087 jucunditate
1557 2055 1628 2077 83111

163 2099 270 2132 afficit.
293 2105 507 2131 verumtamen
524 2100 669 2131 vicinitas
696 2110 734 2132 ea
757 2101 885 2132 nimium
907 2111 1016 2132 revera
1036 2101 1117 2132 salsa
1143 2106 1192 2131 est
1215 2105 1309 2142 atque
1332 2109 1444 2130 amara.
1467 2109 1542 2130 nam
1556 2111 1628 2132 cum

162 2154 317 2185 mercibus
331 2161 363 2185 et
378 2153 523 2195 pecuniis
549 2154 758 2196 cauponando
781 2155 891 2186 civitas
911 2155 1077 2197 repleatur,
1092 2155 1194 2186 dolosi
1217 2154 1314 2185 animi
1338 2153 1500 2184 instabiles
1513 2160 1546 2185 et
1556 2155 1626 2186 infi-

162 2206 218 2238 dos
245 2217 346 2238 mores
371 2207 476 2249 parit:
501 2206 585 2238 unde
612 2219 718 2250 parurn
741 2214 773 2240 et
795 2208 864 2250 ipsa
887 2209 926 2240 ad
954 2219 987 2240 se
1012 2209 1114 2251 ipsam
1139 2213 1171 2240 et
1196 2209 1236 2239 ad
1261 2212 1371 2250 gentes
1396 2208 1474 2239 alias
1486 2208 1579 2239 fidem
1596 2215 1629 2241 et

163 2260 332 2292 amicitiam
357 2261 445 2292 colit.
489 2260 635 2292 adversus
663 2262 731 2293 haec
757 2266 864 2293 tamen
887 2262 966 2293 iliud
994 2263 1090 2294 habet
1114 2263 1297 2299 remedium,
1310 2261 1396 2304 quod
1424 2263 1530 2294 omnia
1556 2263 1627 2295 sert.

164 2325 298 2356 cumque
314 2315 427 2346 silvosa
442 2316 484 2346 sit
498 2320 530 2346 et
545 2326 666 2358 aspera,
682 2317 757 2348 licet
771 2317 878 2348 omnia
901 2316 992 2357 ferat,
1007 2328 1071 2348 non
1098 2323 1203 2348 tamen
1227 2316 1351 2348 abunde
1374 2317 1490 2348 omnia.
1512 2328 1587 2348 nam
1602 2318 1629 2349 si

162 2373 246 2398 esset
260 2368 300 2399 ad
315 2368 421 2399 omnia
438 2369 521 2400 ferax
546 2375 640 2411 atque
663 2370 819 2407 foecunda,
842 2371 974 2403 multum
992 2372 1060 2403 auri
1082 2376 1176 2413 atque
1198 2371 1319 2413 argenti
1344 2380 1384 2401 ex
1396 2371 1562 2402 emissione
1576 2382 1626 2403 re-

163 2431 230 2452 rum
248 2422 420 2464 colligeret.
441 2433 502 2465 qua
518 2434 622 2455 unare
650 2425 740 2461 nihil,
766 2431 801 2456 ut
824 2425 958 2457 breviter
982 2425 1095 2463 dicam,
1109 2426 1318 2468 perniciosius
1341 2430 1402 2464 est,
1417 2425 1443 2455 si
1459 2436 1554 2456 unum
1571 2426 1626 2458 uni

164 2476 304 2508 conferas
327 2477 366 2507 ad
393 2487 562 2518 generosos
579 2478 741 2520 justosque
764 2490 877 2515 mores,
895 2480 976 2510 utin
999 2480 1211 2522 superioribus
1225 2489 1361 2520 quoque,
1378 2478 1404 2508 si
1417 2479 1626 2516 recordamur,

163 2536 210 2561 est
237 2531 367 2563 dictum.
413 2531 490 2564 CLr.
514 2530 728 2564 Recordamur
756 2534 910 2575 quidem:
935 2540 969 2565 et
989 2535 1046 2565 illa
1070 2539 1157 2570 tunc,
1184 2539 1216 2564 et
1239 2543 1322 2563 nunc
1346 2532 1406 2562 ista
1428 2539 1512 2564 recte
1539 2534 1626 2565 dicta

164 2587 377 2618 concedimus.
422 2586 562 2618 Arnim.
585 2587 722 2618 Materia
738 2598 810 2619 vero
824 2589 862 2619 ad
888 2588 1085 2620 fabricandas
1111 2598 1205 2618 naves
1220 2585 1364 2627 nunquid
1382 2586 1448 2617 illic
1463 2586 1623 2619 abundat?

165 2638 242 2673 Cu.
266 2639 381 2682 Neque
405 2640 471 2672 illic
494 2640 581 2671 abies
602 2646 650 2671 est
664 2642 824 2672 mentione
849 2642 946 2684 digna
970 2653 1029 2674 nec
1050 2643 1138 2673 arbor
1150 2641 1262 2683 picea:
1287 2640 1428 2682 cupressi
1442 2641 1517 2671 item
1534 2642 1625 2683 copia

162 2703 275 2734 parva:
302 2695 475 2737 pinumque
500 2702 532 2726 et
556 2695 717 2736 platanum
740 2696 807 2728 iilic
830 2707 929 2728 raram
951 2697 1115 2728 invenies:
1141 2695 1253 2737 quibus
1276 2695 1453 2726 necessario
1474 2695 1552 2727 fabri
1566 2706 1623 2727 na-

163 2746 246 2777 vium
263 2749 300 2778 ad
325 2748 488 2780 interiores
505 2749 628 2779 navium
651 2754 756 2790 partes
772 2755 910 2782 utuntur.
956 2751 1094 2781 Arnen.
1116 2748 1222 2791 Atque
1247 2749 1280 2779 in
1295 2748 1344 2780 his
1355 2749 1451 2779 etiam
1466 2759 1529 2780 non
1542 2749 1624 2780 maie

163 2810 197 2831 se
226 2801 320 2832 habet
355 2802 491 2844 regionis
526 2804 626 2845 ipsius
655 2809 779 2836 natura.
824 2805 902 2838 Cu.
935 2805 1022 2842 Quid
1045 2803 1113 2834 ita?
1161 2803 1301 2834 Arum.
1334 2803 1494 2840 Quoniam
1519 2813 1623 2844 operae

166 2854 300 2895 pretium
314 2861 372 2893 est,
386 2863 422 2887 ut
435 2858 546 2890 civitas
561 2857 652 2889 facile
668 2858 782 2889 imitari
805 2859 910 2889 hostes
936 2858 1080 2900 improba
1103 2856 1278 2888 imitatione
1302 2866 1366 2887 non
1387 2857 1496 2899 possit.
1544 2854 1622 2887 CLr.

165 2907 334 2951 Cujusnam
359 2922 453 2954 supra
481 2912 636 2945 dictorum
659 2913 855 2955 potissimum
879 2912 976 2954 gratia
1002 2912 1062 2944 ista
1086 2911 1189 2944 dicis?
1234 2910 1374 2943 Arnen.
1396 2911 1536 2950 Observa
1560 2921 1623 2946 mc,
