1840 3225
129 233 225 282 295]
673 230 891 269 HlPPlAS
925 232 1122 269 MAJoR.
1560 234 1609 268 75

137 336 243 369 mere?
290 335 332 367 Et
348 335 455 367 merito
469 345 518 366 me
534 333 577 364 ita
596 333 747 374 jurgabit,
763 333 837 363 dum
863 333 922 363 sibi
947 334 1022 364 talia
1047 334 1256 375 respondebo.
1301 333 1384 365 Talis
1400 339 1447 364 est
1463 339 1497 364 ut
1514 334 1607 375 pluri-

136 401 221 421 mum
237 390 409 432 disputatio
425 394 539 420 nostra.
586 388 788 429 Quandoque
811 397 897 425 vero,
914 392 1063 429 tanquam
1088 389 1274 430 imperitiam
1291 399 1390 420 meam
1409 394 1441 419 et
1455 389 1608 418 inscitiam

136 444 310 485 miseratus,
332 445 400 485 ipse
426 443 504 474 mihi
527 442 670 478 occurrit,
696 442 901 483 interrogans,
926 448 1027 472 utrum
1053 443 1115 473 tale
1139 443 1288 484 quiddam
1313 444 1476 485 pulchrum
1505 443 1606 483 ipsum

136 506 205 529 esse
221 498 297 529 mibi
312 498 463 534 videatur,
479 497 528 528 vel
553 497 593 527 de
617 495 727 537 quovis
756 495 817 526 alio
843 495 1029 536 disputetur.
1073 497 1156 528 Hip.
1181 498 1350 535 Quomodo
1374 497 1406 528 id
1433 496 1490 533 ais,
1506 506 1525 526 o
1549 496 1607 525 So-

136 553 258 583 crates?
304 552 360 584 So.
385 551 512 582 Dicam.
558 550 587 580 Ο
605 551 696 581 beate
711 550 866 591 Socrates,
880 549 995 591 inquit,
1012 550 1056 581 ita
1070 553 1257 593 respondere
1273 552 1347 582 talia
1362 551 1482 582 desine.
1500 551 1607 591 inepta

137 606 257 647 quippe
272 611 355 640 sunt,
367 609 400 635 et
414 604 505 635 facile
521 604 714 635 refelluntur.
758 603 822 634 Sed
839 604 976 640 adverte,
990 615 1064 635 num
1081 605 1142 636 tale
1158 605 1309 647 quiddam
1326 606 1426 646 ipsum
1443 605 1605 646 pulchrum

139 664 299 700 appareat,
314 659 400 700 quod
416 669 472 689 nos
487 668 581 699 supra
596 658 766 699 tetigimus,
782 668 853 688 curn
877 667 984 688 aurum
1000 659 1186 698 diceremus,
1200 659 1313 700 quibus
1336 660 1451 690 decens
1466 665 1525 699 est,
1541 669 1607 690 esse.

136 713 299 754 pulchrum
313 723 323 752 3
341 717 460 750 contra,
475 712 590 754 quibus
607 712 733 742 minime
750 723 756 741 :
778 716 872 753 atque
889 712 949 742 alia
964 713 1080 750 onmia,
1096 713 1210 755 quibus
1224 713 1328 754 ipsum
1344 714 1459 744 decens
1474 715 1606 755 ejusque

134 772 244 797 natura
259 767 420 808 competit,
437 766 567 808 pulchra
592 765 670 797 fieri.
699 765 799 797 .Vide
826 765 930 807 igitur,
947 771 1020 796 num
1047 767 1106 798 hoc
1131 766 1233 807 ipsum
1258 767 1421 808 pulchrum
1441 768 1491 798 sit.
1537 768 1605 808 Ego

135 826 237 851 autem
254 821 312 851 ista
328 820 440 862 passim
457 820 628 852 concedere
645 820 807 852 consuevi.
823 830 894 850 nam
911 820 987 861 quid
1008 820 1168 861 objiciam,
1183 831 1245 851 non
1263 821 1400 852 invenio.
1444 821 1516 851 Tibi
1533 834 1604 853 vero

132 875 295 915 decorum,
309 874 412 916 ipsum
430 875 593 916 pulchrum
607 885 674 905 esse
698 875 842 905 videtur?
866 874 948 904 Hm.
964 874 1113 912 Omnino,
1131 885 1149 903 0
1166 874 1320 905 Socrates.
1343 874 1399 906 So.
1417 874 1604 917 Caveamus,

134 939 175 960 ne
188 928 220 959 in
236 929 342 970 aliquo
353 928 557 968 decipiamur.
579 929 662 957 H1P.
680 928 865 958 Cavendum
878 933 972 958 certe.
995 928 1052 959 So.
1068 928 1153 959 Vide
1164 928 1283 969 itaque.
1300 929 1446 959 decorum
1463 930 1494 959 id
1511 941 1603 961 voca-

134 993 214 1018 mus,
233 982 330 1024 [294]
348 982 432 1023 quod
447 981 615 1012 adveniens
631 981 729 1012 videri
747 980 876 1022 pulchra
890 981 1013 1022 singula
1025 982 1112 1018 facit,
1128 982 1242 1023 quibus
1257 983 1359 1022 adest,
1376 983 1424 1013 vel
1438 984 1523 1024 quod
1537 994 1605 1014 esse

133 1036 241 1074 efficit,
253 1037 299 1067 vel
310 1047 347 1067 ex
359 1036 395 1066 iis
408 1036 575 1067 neutrum?
592 1035 674 1067 Hm.
688 1035 773 1066 Mihi
785 1035 912 1076 quidem
926 1035 1059 1067 videtur.
1085 1036 1140 1067 So.
1158 1036 1268 1067 Utrum
1280 1037 1364 1078 quod
1374 1047 1522 1078 apparere
1534 1038 1603 1078 pnl-

133 1091 206 1122 chra
221 1090 309 1127 facit,
325 1090 454 1132 perinde
470 1100 506 1121 ac
528 1090 552 1120 si
569 1089 638 1131 quis
650 1089 809 1126 deformis,
827 1089 941 1120 amictu
957 1090 1132 1131 calce-isque
1148 1091 1268 1121 decoris
1292 1097 1429 1127 ornatus,
1446 1092 1606 1132 pulchrior

131 1145 305 1186 appareat?
322 1143 439 1175 Nonne
451 1143 475 1174 si
487 1144 633 1174 decorum
644 1154 692 1180 ea,
704 1143 816 1185 quibus
827 1144 918 1180 inest,
932 1143 1106 1184 pulchriora
1117 1155 1211 1185 quam
1227 1145 1291 1175 sint
1304 1144 1400 1175 videri
1410 1145 1515 1182 faciat,
1525 1156 1604 1187 qua..

133 1204 224 1229 tenus
235 1199 383 1230 decorum
394 1203 452 1234 est,
465 1198 610 1239 deceptio
620 1198 763 1239 quaedam
776 1197 858 1229 circa
871 1198 1032 1238 pulchrum
1043 1198 1189 1229 decorum
1200 1204 1284 1229 esset
1298 1210 1307 1238 ;
1322 1209 1424 1240 neque
1436 1205 1517 1230 esset
1530 1200 1601 1237 hoc,

133 1254 220 1294 quod
236 1252 413 1295 quaerimus,
426 1251 545 1292 Hippia
559 1251 570 1282 ?
586 1251 671 1282 Illud
688 1251 806 1293 quippe
823 1251 1034 1292 quaesivimus,
1051 1263 1113 1294 quo
1129 1263 1175 1283 res
1191 1263 1297 1283 omnes
1314 1253 1451 1294 pulchrae
1464 1253 1603 1294 pulchrae

133 1313 206 1337 sunt
218 1319 225 1337 :
239 1307 502 1348 quemadmodum
514 1306 617 1336 omnia
629 1316 740 1348 magna
748 1316 877 1337 excessu
889 1317 1001 1347 magna
1013 1312 1095 1337 sunt.
1107 1307 1174 1338 haec
1184 1307 1266 1338 enim
1277 1308 1380 1338 omnia
1391 1314 1598 1349 magnasunt:

131 1365 226 1402 atque
240 1360 363 1392 etiamsi
377 1371 441 1391 non
456 1360 634 1402 videantur,
649 1361 803 1391 excedant
825 1365 942 1402 tamen,
958 1371 1073 1403 magna
1087 1372 1154 1393 esse
1170 1372 1296 1393 necesse
1312 1368 1370 1393 est.
1416 1362 1468 1393 Sic
1483 1367 1514 1393 et
1531 1363 1600 1403 pul-

125 1415 235 1447 chrum
251 1415 461 1457 quaesivimuS,
477 1425 539 1457 quo
563 1415 694 1457 pulchra
709 1420 782 1446 sunt
805 1416 921 1452 omnia,
938 1415 1002 1447 sive
1025 1421 1199 1457 appareant
1222 1416 1286 1446 sive
1310 1426 1386 1453 non,
1402 1415 1478 1457 quid
1495 1417 1600 1447 esset?

126 1469 274 1500 decorum
285 1469 410 1511 quidem
422 1480 485 1500 nou
496 1474 559 1500 est:
575 1469 750 1511 pulchriora
760 1470 854 1505 enim,
863 1480 955 1511 quam
966 1470 1039 1506 sint,
1047 1470 1144 1500 videri
1154 1469 1241 1506 facit,
1249 1470 1280 1500 in
1291 1475 1442 1511 quantum
1453 1471 1600 1501 decorum

127 1527 187 1561 est,
198 1527 234 1553 ut
244 1523 312 1564 ipse
322 1523 427 1554 aiebas
443 1535 450 1554 :
467 1524 572 1565 qualia
586 1534 658 1554 vero
670 1529 754 1561 sunt,
772 1524 872 1554 videri
884 1534 947 1554 non
959 1523 1044 1555 sinit.
1068 1524 1164 1560 Quod
1177 1529 1281 1554 autem
1297 1524 1425 1565 pulchra
1435 1534 1502 1555 esse
1512 1524 1601 1560 facit,

126 1577 391 1618 quemadmodum
404 1577 499 1619 paulo
510 1583 582 1609 ante
596 1578 752 1615 dicebam,
764 1578 827 1608 sive
837 1583 1009 1620 appareant
1022 1578 1085 1608 sive
1098 1589 1174 1615 nou,
1187 1577 1261 1619 quid
1275 1584 1325 1608 cst
1341 1578 1521 1609 dicendum.
1539 1580 1598 1610 hoc

127 1642 242 1673 nempe
257 1632 416 1673 quaeritur,
433 1632 460 1663 si
475 1633 568 1662 modo
584 1631 748 1673 pulchrum
764 1632 924 1672 quaeritur.
962 1631 1044 1663 Hu‘.
1071 1630 1171 1673 Atqui
1187 1631 1345 1668 decorum,
1363 1642 1381 1662 o
1398 1632 1551 1669 Socrates,
1568 1638 1602 1663 et

128 1696 196 1717 esse
211 1691 243 1717 et
258 1696 407 1727 apparere
423 1685 563 1727 pulchra,
575 1697 646 1717 cum
662 1686 762 1726 adest,
778 1686 882 1716 efficit.
929 1686 984 1717 So.
1008 1685 1109 1726 Igitur
1123 1685 1316 1726 impossibile
1332 1691 1391 1724 est,
1408 1697 1478 1728 quae
1495 1698 1601 1718 revera

130 1740 259 1781 pulchra
275 1744 360 1776 sunt,
375 1750 438 1770 non
455 1739 555 1770 videri
572 1739 712 1781 pulchra,
726 1740 800 1770 dum
814 1739 914 1775 adest,
932 1740 1016 1780 quod
1033 1739 1130 1770 videri
1146 1740 1232 1770 facit.
1278 1740 1359 1771 Hrr.
1384 1740 1597 1782 Impossibile.

127 1793 185 1825 So.
209 1793 436 1825 Confitebimur
450 1794 523 1829 hoc,
538 1804 557 1824 o
573 1793 705 1835 Hippia,
719 1794 825 1836 onmia
840 1804 945 1825 revera
960 1793 1091 1834 pulchra
1106 1794 1248 1825 instituta
1263 1800 1294 1825 et
1310 1795 1415 1825 studia
1430 1796 1597 1826 existimari

125 1847 218 1878 etiam
234 1848 365 1889 pulchra.
379 1849 418 1878 ab
434 1848 612 1879 hominibus
628 1848 638 1878 ?
663 1848 711 1879 vel
726 1854 846 1889 contra,
861 1848 1009 1888 ignorari,
1024 1849 1103 1879 adeo
1128 1854 1161 1879 ut
1177 1850 1217 1879 dc
1233 1849 1279 1879 his
1295 1850 1436 1880 homines
1452 1850 1594 1890 privatim

121 1906 156 1932 et
180 1901 306 1942 publice
328 1901 474 1933 acerrime
499 1903 662 1943 pugnent?
709 1902 792 1935 Hip,
826 1902 966 1943 Ignorari
991 1902 1106 1943 potius,
1133 1914 1151 1932 o
1175 1903 1329 1938 Socrates,
1354 1903 1492 1935 arbitror.
1538 1905 1596 1935 So.

125 1956 203 1987 Non
228 1961 332 1987 tamen
354 1956 577 1998 ignorarentur,
595 1958 633 1993 si,
659 1963 692 1987 ut
717 1957 846 1998 pulchra
869 1962 953 1997 sunt,
968 1956 1012 1987 ita
1036 1957 1165 1998 pulchra
1187 1957 1281 1988 etiam
1308 1963 1513 1999 apparerent:
1540 1970 1595 2000 ap-

126 2016 271 2052 parerent
286 2016 402 2048 autem,
418 2011 444 2042 si
469 2012 616 2042 decorum
644 2011 806 2052 pulchrum
832 2017 923 2047 essct,
942 2021 1044 2051 neque
1069 2022 1135 2041 esse
1158 2011 1271 2048 solum,
1301 2013 1354 2043 sed
1379 2013 1475 2044 videri
1501 2014 1594 2044 etiam

127 2064 257 2104 pulchra
271 2070 407 2106 cogeret.
453 2065 676 2102 Quamobrem,
694 2065 717 2095 si
743 2065 890 2096 decorum
907 2071 964 2100 est,
981 2066 1065 2106 quod
1084 2065 1211 2106 pulchra
1226 2066 1301 2097 sacit
1317 2077 1396 2108 esse,
1413 2073 1459 2098 est
1475 2068 1597 2109 utique,

127 2118 214 2160 quod
237 2119 415 2160 quaerimus,
433 2119 607 2160 pulchrum,
632 2130 695 2150 non
722 2127 825 2149 tamen
853 2119 898 2156 id,
926 2121 1010 2161 quod
1039 2121 1136 2150 videri
1163 2121 1248 2161 cogit
1262 2132 1269 2150 :
1295 2120 1341 2151 sin
1366 2126 1470 2152 autem
1497 2122 1597 2153 videri

127 2172 281 2203 duntaxat
309 2173 455 2204 decorum
485 2173 592 2211 efficit,
620 2184 817 2215 nequaquam
846 2173 1009 2215 pulchrum
1037 2175 1136 2215 ipsum
1165 2180 1223 2211 est,
1240 2175 1323 2216 quod
1353 2175 1499 2216 petimus.
1531 2188 1597 2207 esse

120 2235 261 2268 -namque
290 2227 368 2257 illud
395 2227 567 2269 compellit.
614 2227 779 2270 Apparere
809 2233 913 2259 autem
938 2228 1027 2259 simul
1055 2235 1087 2259 et
1109 2239 1187 2265 csse,
1214 2239 1315 2270 neque
1341 2230 1471 2270 pulchra
1495 2241 1597 2272 neque

126 2280 213 2311 aliud
229 2281 396 2322 quicquam
413 2281 534 2312 efficere
551 2282 632 2313 idem
651 2287 765 2323 potest.
814 2282 971 2324 Eligamus
982 2282 1061 2323 jam,
1078 2288 1177 2313 utrum
1194 2284 1340 2314 decorum
1358 2294 1424 2314 esse
1441 2289 1596 2324 putemus,

125 2334 211 2375 quod
227 2335 325 2366 videri
340 2335 482 2376 pulchra,
498 2335 545 2366 vel
569 2337 654 2377 quod
671 2347 738 2367 esse
761 2336 847 2369 facit.
895 2337 974 2369 ΙΙιΡ.
1001 2338 1096 2374 Quod
1114 2337 1223 2372 videri.
1247 2348 1264 2368 0
1288 2338 1442 2374 Socrates,
1458 2339 1597 2370 arbitror.

126 2388 182 2419 So.
206 2388 316 2430 Papae,
338 2400 430 2431 quam
455 2390 548 2431 longe
563 2401 620 2421 nos
645 2391 778 2432 Hippia,
795 2391 891 2432 ipsius
906 2391 1028 2432 pulchri
1045 2391 1184 2432 cognitio
1200 2392 1291 2432 fugit,
1320 2397 1484 2433 postquam
1502 2393 1596 2423 ‹leco-

123 2452 191 2472 rum
217 2443 304 2473 aliud
328 2444 478 2484 quiddam
505 2449 616 2486 praeter
644 2445 744 2486 ipsum
774 2445 934 2486 pulchrum
960 2457 1026 2477 csse
1047 2447 1202 2488 apparuit.
1248 2445 1328 2476 Hrr’.
1354 2446 1413 2476 Per
1437 2446 1561 2482 Jovem,
1579 2458 1597 2476 o

124 2495 276 2531 Socrates,
294 2497 368 2527 mihi
392 2497 519 2538 quidem
545 2499 678 2530 absurde
706 2500 801 2530 nimiu
809 2511 848 2532 m.
882 2499 979 2540 [295]
1008 2501 1063 2531 So.
1089 2500 1247 2535 Ceterum,
1275 2511 1292 2528 0
1319 2500 1429 2535 amice,
1454 2501 1595 2530 nondum

122 2549 326 2581 dimittamus.
341 2561 444 2592 neque
469 2551 551 2582 enirn
569 2563 692 2584 omnem
717 2553 818 2594 abjeci
843 2565 943 2595 spem,
960 2554 1036 2595 quid
1059 2554 1097 2584 sit
1123 2554 1285 2594 pulchrum
1303 2553 1496 2585 inveniendi.
1516 2554 1596 2586 llrv.

124 2602 264 2634 Omnino
279 2604 478 2645 sperandum,
495 2615 513 2635 ο
529 2605 682 2638 Socrates.
699 2617 801 2648 neque
819 2607 902 2638 enim
920 2608 1047 2638 inventu
1073 2607 1210 2638 dillicile.
1230 2607 1302 2636 mihi
1318 2607 1436 2648 quippe
1453 2608 1594 2638 conscius

125 2667 203 2694 sum,
217 2658 301 2699 quod
316 2658 340 2687 si
356 2657 515 2699 paulisper
529 2660 567 2689 ad
585 2670 632 2690 me
649 2660 749 2701 ipsum
767 2662 796 2691 in
815 2661 984 2692 solitudine
1001 2672 1048 2692 me
1064 2661 1243 2702 reciperem,
1260 2661 1398 2691 exactius
1415 2661 1485 2695 tuis,
1501 2672 1594 2702 quam

124 2712 253 2753 exprimi
267 2712 376 2753 possit,
393 2713 448 2743 tibi
465 2713 496 2743 id
508 2714 706 2755 explicarem,
718 2720 753 2745 ut
764 2716 839 2746 nihil
855 2715 932 2746 ultra
949 2716 1127 2757 requireres,
1170 2715 1225 2746 So.
1242 2714 1326 2755 Heu,
1341 2726 1378 2746 ne
1391 2715 1453 2745 alta
1469 2716 1500 2745 id
1520 2726 1595 2746 voce.

125 2766 223 2802 dicas,
235 2777 253 2797 o
263 2767 396 2808 Hippia,
408 2778 447 2798 ne
461 2767 657 2809 indignatum
671 2769 792 2810 longius
805 2781 861 2800 nos
877 2771 1017 2811 effugiat.
1032 2781 1092 2799 non
1106 2770 1203 2805 vides,
1217 2775 1367 2810 quantum
1381 2781 1435 2799 nos
1445 2771 1594 2800 hactenus

124 2819 319 2861 fatigaverit?
346 2832 449 2852 verum
475 2822 552 2852 nihil
578 2822 650 2853 dico
673 2828 719 2859 tu,
745 2824 839 2861 enim,
865 2835 934 2856 cum
961 2824 1044 2855 solus
1064 2824 1133 2859 eris,
1160 2824 1264 2863 facile,
1282 2829 1313 2853 nt
1338 2829 1428 2864 puto,
1445 2823 1596 2860 invenies,

127 2873 190 2904 Sed
203 2883 273 2914 age,
290 2885 344 2915 per
360 2874 459 2916 Deos,
477 2887 523 2906 me
538 2882 690 2917 praesente
706 2877 864 2908 invenias:
891 2884 933 2913 et,
950 2879 974 2908 si
993 2879 1048 2914 vis,
1067 2883 1099 2908 ut
1115 2878 1278 2917 hactenus,
1294 2878 1335 2907 ita
1360 2877 1508 2916 deinceps
1535 2886 1597 2905 una

128 2935 249 2958 mecum
281 2929 434 2970 perquire.
474 2930 497 2961 si
527 2930 732 2971 inveniemus,
764 2933 845 2965 bene
872 2934 941 2964 crit.
969 2933 1015 2963 siu
1042 2933 1157 2969 minus,
1183 2942 1241 2972 ego
1269 2931 1395 2972 quidem
1423 2940 1489 2960 nzca
1518 2935 1597 2960 sorte
