1840 3225
181 211 192 228 “
225 219 323 270 375]
820 220 896 258 DE
924 220 1106 259 JUSTO.
1602 222 1680 261 509

221 321 343 362 injusta
359 321 554 363 judicantur.
599 322 743 364 Apparet
757 321 909 363 profecto.
955 322 1042 358 Quid
1056 322 1152 364 igitur
1168 322 1295 354 tandem
1310 327 1382 354 sunt
1392 321 1479 364 justa
1494 327 1526 355 et
1539 323 1657 366 injusta
1671 326 1684 356 ?

224 376 502 413 Quemadmodum
535 376 632 418 siquis
659 387 677 407 e
698 376 790 407 nobis
817 381 1085 417 percunctaretur,
1114 377 1368 418 quandoquidem
1399 388 1546 409 mensura
1576 383 1609 408 et
1634 389 1684 410 ars

223 430 379 462 metiendi
395 436 428 461 et
442 441 566 462 mensor
579 430 678 471 majus
699 435 732 461 et
750 430 855 460 minus
872 428 1037 470 dijudicat,
1055 430 1130 471 quid
1145 436 1191 461 est
1207 431 1309 471 majus
1324 439 1357 461 et
1371 432 1487 468 minus,
1504 432 1682 463 diceremus

220 483 284 525 ipsi
298 484 399 526 majus
414 494 483 515 esse
497 484 582 526 quod
596 483 733 520 excedit,
748 483 861 519 minus,
875 484 959 524 quod
975 483 1141 514 exceditur
1155 495 1162 513 :
1187 485 1443 525 quandoquidem
1458 496 1532 516 vero
1544 496 1635 527 grave
1651 491 1685 517 et

222 537 306 574 leve,
334 537 458 580 pondus
481 543 514 568 et
542 548 590 569 ars
616 537 812 579 ponderandi
837 542 870 568 et
893 537 1084 578 ponderator
1099 537 1264 579 dijudicat,
1280 537 1358 578 quid
1373 543 1422 569 est
1437 549 1527 579 grave
1544 545 1576 570 et
1591 540 1659 571 leve
1672 550 1682 569 :

223 590 395 622 diceremus
410 592 472 633 ipsi
487 592 519 622 id
535 591 623 633 quod
636 593 781 623 deorsum
795 591 878 633 repit
891 592 925 622 in
940 592 1029 628 libra,
1047 601 1140 633 grave
1155 602 1225 622 esse
1239 603 1246 621 :
1270 592 1353 633 quod
1371 602 1501 629 sursum,
1518 593 1588 623 leve
1603 605 1609 623 :
1635 595 1681 626 sic

221 655 298 676 sane
313 645 411 687 siquis
424 651 655 687 percunctetur,
671 646 926 688 quandoquidem
937 645 1062 687 justum
1074 652 1108 677 et
1116 646 1267 688 injustum
1277 657 1388 683 sermo,
1401 651 1434 678 et
1445 657 1494 677 ars
1511 647 1685 689 judicandi,

220 703 254 729 et
273 698 377 740 judex
401 699 565 740 dijudicat,
591 700 671 742 quid
691 700 821 731 tandem
837 705 887 731 est
906 700 1033 732 Justum
1049 705 1081 731 et
1095 700 1253 742 Injustum
1269 701 1280 730 ?
1304 701 1381 743 quid
1396 701 1582 732 habebimus
1595 701 1682 742 quod

218 751 282 794 ipsi
307 753 574 794 respondeamus?
597 754 774 786 necdumne
803 754 837 785 id
866 754 972 786 dicere
1001 756 1191 795 possumus?
1237 754 1314 786 Non
1341 766 1520 796 possumus·
1565 756 1681 787 Utrum

217 815 294 836 vero
305 807 498 838 voluntarios
511 807 610 849 [374]
625 809 684 839 hoc
700 808 849 851 injustum
867 808 1011 840 homines
1025 809 1140 840 habere
1153 814 1260 851 putaS,
1275 819 1315 840 311
1326 809 1441 841 invitos
1454 811 1465 840 ?
1488 810 1560 841 Hoc
1575 816 1682 841 autem

218 857 303 896 dieo,
319 860 514 892 Volentesne
527 867 622 903 putas
634 862 752 904 injusta
766 863 882 900 facere,
897 868 931 894 et
943 863 1078 905 injustos
1093 864 1404 900 esse,annolentes?
1441 864 1606 901 Volentes,
1623 864 1682 896 So-

217 919 333 948 crates,
359 920 433 946 sunt
455 916 542 946 enim
568 917 667 958 pravi.
713 915 870 948 Volentes
891 927 966 959 ergo
989 928 1101 959 pravos
1117 922 1150 949 et
1163 918 1297 960 injustos
1310 928 1378 949 esse
1393 918 1537 949 homines
1550 918 1681 950 arbitra·

215 968 283 999 ris?
323 968 393 1010 Ego
413 979 510 1000 sane:
535 976 611 1001 tune
627 981 703 1002 vero
717 971 872 1002 minime?
918 971 1076 1013 Equidem
1099 983 1163 1003 non
1189 973 1327 1009 arbitror,
1351 972 1379 1003 si
1403 977 1507 1014 poetae
1531 972 1612 1004 fides
1634 977 1683 1003 est

219 1022 410 1054 adhibenda.
446 1022 581 1054 Cuinam
610 1025 741 1066 poetae?
787 1025 826 1056 Ei
840 1025 894 1066 qui
907 1024 996 1061 dicit,
1043 1026 1163 1057 Nolens
1188 1026 1296 1057 beatus
1315 1036 1404 1057 nemo
1428 1029 1487 1062 est,
1510 1036 1566 1058 nec
1581 1027 1682 1058 malus

217 1077 335 1108 volens.
381 1076 495 1117 Atqui,
523 1078 675 1115 Socrates,
705 1079 788 1109 bene
814 1079 911 1110 habet
935 1084 1026 1110 vetus
1051 1079 1262 1121 proverbium,
1289 1080 1391 1110 multa
1417 1080 1540 1110 mentiri
1557 1085 1682 1117 poetas.

216 1128 339 1160 Mirum
364 1130 460 1161 fuerit
487 1131 566 1162 mihi
590 1133 618 1163 si
641 1133 700 1163 hoc
727 1133 878 1164 mentitus
902 1138 952 1163 est
976 1133 1026 1164 hic
1059 1138 1163 1174 poeta.
1206 1134 1325 1170 Quare,
1351 1133 1377 1163 si
1403 1133 1501 1164 otium
1532 1135 1589 1165 tibi
1619 1138 1678 1171 est,

217 1183 451 1215 consideremus
479 1185 584 1226 ipsum
613 1196 653 1217 an
681 1197 754 1217 vera
781 1197 822 1217 311
850 1186 929 1217 falsa
950 1186 1037 1218 dicit.
1082 1186 1130 1217 At
1157 1191 1207 1217 est
1232 1187 1308 1217 mihi
1322 1187 1432 1218 otium.
1475 1187 1546 1228 Age
1559 1189 1679 1229 itaque,

215 1241 321 1268 utrum
346 1237 465 1278 justum
488 1249 558 1269 esse
584 1244 688 1281 putas,
712 1239 852 1276 mentiri,
874 1250 914 1271 an
937 1250 1014 1271 vera
1026 1240 1155 1271 dicere?
1200 1240 1286 1271 Vera
1309 1240 1426 1277 dicere,
1454 1252 1523 1273 rnea
1549 1242 1678 1283 quidem

216 1292 386 1323 sententia.
431 1293 564 1324 Mentiri
588 1304 662 1335 ergo
690 1293 844 1334 injustum
859 1299 918 1325 est.
963 1294 1033 1326 Est.
1078 1295 1192 1325 Utrum
1208 1304 1283 1325 vero
1311 1294 1457 1336 decipere
1469 1295 1592 1336 justum
1607 1307 1678 1328 esse

216 1350 321 1387 putas,
335 1356 377 1377 an
391 1356 456 1378 non
477 1347 652 1388 decipere?
698 1348 846 1379 Profecto
870 1358 934 1379 non
959 1347 1118 1389 decipere.
1161 1347 1323 1389 Decipere
1352 1358 1426 1390 ergo
1447 1350 1596 1391 injustum
1620 1356 1680 1382 est.

217 1399 332 1430 Etiam.
391 1400 480 1437 Quid
505 1402 601 1433 vero?
633 1411 748 1432 nocere
783 1402 946 1444 justumne
973 1406 1033 1438 est,
1064 1411 1105 1432 311
1119 1401 1294 1442 prodesse?
1340 1402 1505 1434 Prodesse.
1550 1403 1678 1437 Nocere

217 1463 291 1495 ergo
316 1453 469 1495 injustum
498 1459 559 1485 est.
603 1454 665 1485 Ita.
710 1455 768 1485 Est
797 1465 872 1496 ergo
900 1465 976 1485 vera
1003 1454 1120 1492 dicere,
1147 1460 1181 1486 et
1207 1465 1273 1486 non
1296 1455 1443 1497 decipere
1456 1463 1489 1487 et
1515 1457 1680 1498 prodesse,

210 1507 349 1549 justum:
374 1507 502 1538 mentiri
523 1518 608 1545 vero,
629 1508 776 1550 decipere
803 1512 836 1539 et
858 1519 985 1545 nocere,
997 1509 1160 1550 injustum.
1195 1507 1335 1540 Omnino
1349 1520 1405 1550 per
1419 1510 1544 1541 Jovem.
1588 1511 1679 1543 Num

216 1561 312 1592 etiam
340 1561 507 1592 hostibus?
564 1561 787 1604 Nequaquam.
831 1562 879 1593 At
910 1573 1026 1594 nocere
1058 1562 1198 1594 hostibus
1223 1562 1389 1604 justumne
1427 1571 1486 1601 est,
1526 1565 1680 1606 prodesse

215 1625 301 1652 vero,
332 1615 508 1656 injustum?
554 1615 659 1648 Certe.
703 1616 822 1647 Nonne
843 1617 940 1648 etiam
965 1616 1156 1658 decipiendo
1179 1627 1294 1648 nocere
1310 1617 1453 1648 hostibus
1468 1617 1592 1659 justum
1607 1620 1680 1650 est?

217 1669 366 1707 Quidni?
412 1669 500 1706 Quid
526 1670 621 1700 vero?
644 1670 784 1712 mentiri,
808 1676 844 1701 ut
872 1671 1079 1712 decipiamus,
1095 1676 1128 1701 et
1141 1671 1220 1712 ipsis
1247 1681 1427 1708 noceamus,
1463 1682 1527 1703 non
1551 1672 1679 1713 justum

216 1728 266 1754 est
281 1724 293 1754 ?
337 1724 470 1755 Prorsus
484 1724 497 1754 ?
542 1723 630 1761 Quid
644 1735 718 1755 vero
735 1725 746 1754 ?
770 1724 878 1755 amici-s
892 1724 1052 1766 prodesse,
1063 1724 1183 1765 justum
1198 1735 1269 1756 esse
1285 1725 1365 1756 dicis
1378 1727 1390 1756 ?
1419 1725 1488 1767 Ego
1502 1737 1578 1759 sane
1594 1728 1677 1762 dico.

258 1777 374 1808 Utrum
398 1787 462 1809 non
482 1777 685 1819 decipiendo,
709 1789 749 1809 an
762 1778 967 1820 decipiendo,
982 1779 1021 1808 ob
1036 1778 1176 1820 ipsorum
1191 1779 1361 1810 utilitatem
1376 1779 1388 1809 ?
1434 1780 1540 1812 Etiam
1556 1781 1680 1824 decipi-

216 1830 314 1870 endo,
343 1842 402 1873 per
428 1832 553 1863 Jovern.
597 1831 644 1862 At
670 1833 862 1874 decipiendo
890 1832 1017 1874 quidem
1039 1832 1166 1873 justum
1202 1837 1250 1864 est
1292 1832 1454 1874 prodesse,
1483 1841 1678 1869 nontamen

216 1886 420 1917 mentiendo:
446 1895 486 1916 an
515 1886 610 1917 etiam
637 1886 848 1918 mentiendo?
894 1886 1000 1917 Etiam
1029 1887 1213 1917 mentiendo
1233 1887 1355 1929 justum
1371 1893 1429 1921 est.
1474 1888 1532 1920 Est
1545 1900 1628 1931 ergo,
1643 1900 1679 1922 ut

216 1945 360 1982 apparet,
375 1944 408 1971 et
421 1940 547 1971 mentiri
572 1945 605 1971 et
628 1951 704 1971 vera
718 1940 835 1977 dicere,
847 1939 969 1981 justum
983 1945 1016 1971 et
1028 1939 1193 1980 injustum.
1239 1941 1308 1972 Est.
1352 1941 1394 1972 Et
1408 1941 1553 1984 decipere
1567 1949 1601 1974 et
1615 1954 1679 1976 non

216 1994 377 2036 decipere,
401 1995 519 2036 justum
546 2004 583 2025 ac
612 1994 776 2035 injustum.
829 1993 987 2036 Apparet.
1032 1994 1074 2024 Et
1099 2004 1214 2026 nocere
1244 2000 1278 2025 et
1307 1995 1466 2036 prodesse,
1489 1996 1612 2038 justum
1641 2009 1680 2031 ac

214 2048 379 2090 injustum.
424 2048 574 2079 Omnino.
618 2048 700 2079 Haec
723 2048 822 2089 igitur
842 2048 947 2079 omnia
961 2059 1032 2089 quae
1048 2048 1205 2089 ejusmodi
1222 2053 1306 2085 sunt,
1321 2054 1358 2079 ut
1373 2055 1512 2091 apparet,
1540 2057 1573 2082 et
1595 2052 1682 2094 justa

215 2107 250 2132 et
279 2102 395 2143 injusta
409 2106 494 2134 sunt.
539 2101 623 2132 Mihi
648 2112 724 2133 sane
745 2103 880 2135 videtur.
923 2102 1014 2133 Audi
1028 2103 1153 2144 itaque:
1187 2102 1353 2134 oculumne
1368 2104 1470 2135 habeo
1486 2104 1632 2137 dextrum
1646 2112 1680 2138 et

216 2155 386 2192 sinistrum,
413 2157 502 2187 velut
524 2155 620 2186 etiam
643 2157 697 2187 alii
723 2155 888 2187 homines?
933 2156 1053 2189 Habes.
1097 2157 1140 2187 Et
1161 2167 1270 2188 narem
1285 2158 1428 2189 dextram
1443 2168 1479 2189 ac
1495 2159 1679 2192 sinistram?

216 2209 371 2243 Maxime.
415 2209 459 2240 Et
471 2219 600 2241 manum
615 2210 756 2241 dextram
770 2215 803 2241 et
818 2210 975 2241 sinistram
988 2210 1000 2241 ?
1045 2210 1107 2241 Ita.
1150 2210 1281 2248 Nonne,
1298 2211 1551 2253 quandoquidem
1566 2214 1680 2245 eadem

217 2263 396 2300 nominans,
418 2264 535 2295 alteras
558 2274 600 2295 ex
620 2265 697 2295 meis
711 2264 857 2306 partibus
870 2264 997 2295 dextras
1011 2274 1078 2295 esse
1095 2264 1184 2301 dicis,
1202 2266 1318 2296 alteras
1330 2265 1481 2302 sinistrae,
1496 2266 1523 2297 si
1538 2277 1597 2308 ego
1612 2279 1631 2299 a
1645 2274 1680 2300 te

217 2327 391 2357 quaererem
416 2322 503 2348 utras
518 2329 524 2348 :
549 2317 682 2348 haberes
708 2318 795 2360 quod
810 2318 943 2356 diceres,
959 2328 1028 2360 quae
1044 2318 1082 2349 ab
1098 2319 1156 2349 hac
1172 2323 1261 2359 parte
1277 2323 1360 2355 sunt,
1377 2318 1498 2351 dextras
1514 2330 1592 2357 esse,
1608 2331 1679 2363 quae

216 2370 256 2402 ab
285 2371 352 2407 illa,
382 2371 549 2401 sinistras?
595 2372 703 2403 Certe.
746 2371 819 2414 Age
843 2372 962 2414 itaque,
989 2372 1085 2403 etiam
1109 2372 1172 2409 hic,
1203 2372 1461 2414 quandoquidem
1475 2373 1549 2404 dum
1564 2374 1679 2407 eadem

216 2425 370 2461 nominas,
387 2435 425 2455 ea
440 2425 552 2466 partim
573 2425 661 2466 justa
675 2435 744 2456 esse
759 2425 851 2462 dicis,
868 2426 983 2467 partim
998 2426 1126 2467 injusta,
1143 2431 1278 2468 potesne
1295 2426 1400 2457 dicere
1414 2431 1484 2458 utra
1503 2427 1593 2468 justa
1604 2429 1680 2467 sint,

218 2483 252 2510 et
268 2484 335 2509 utra
351 2478 448 2520 [375]
463 2478 580 2520 injusta
593 2479 604 2509 ?
620 2479 705 2509 Mihi
720 2480 871 2521 equidem
883 2480 1017 2517 videtur,
1031 2481 1056 2510 si
1072 2481 1196 2521 singula
1206 2481 1274 2512 haec
1284 2485 1378 2522 prout
1386 2485 1509 2522 oportet
1518 2486 1551 2512 et
1562 2492 1679 2524 oppor-

217 2537 295 2563 tune
310 2532 397 2568 fiant,
407 2531 495 2573 justa
508 2542 576 2563 esse
589 2544 595 2562 :
621 2532 669 2563 sin
683 2533 798 2571 minus,
809 2534 938 2576 injusta.
968 2534 1073 2566 Recte
1087 2534 1234 2577 opinaris·
1258 2534 1323 2572 Qui
1339 2534 1435 2576 igitur
1447 2540 1539 2576 prout
1554 2540 1680 2577 oportet

217 2585 343 2627 singula
371 2586 438 2616 haec
458 2586 546 2623 facit,
567 2585 654 2628 justa
679 2587 775 2618 facit:
801 2588 856 2630 qui
885 2598 987 2626 secus,
1015 2588 1144 2631 injusta.
1191 2589 1342 2620 Omnino.
1386 2588 1502 2620 Nonne
1526 2589 1580 2631 qui
1589 2589 1681 2631 justa

215 2639 304 2676 facit,
335 2639 436 2681 justus
466 2640 537 2670 est?
562 2641 618 2682 qui
644 2641 772 2682 injusta,
799 2642 959 2684 injustus?
1004 2643 1063 2674 Est
1087 2643 1143 2674 ita.
1189 2643 1270 2680 Quis
1292 2642 1388 2684 igitur
1409 2648 1503 2684 prout
1529 2644 1680 2675 convenit

218 2698 393 2735 opportune
404 2703 522 2730 secare,
538 2699 572 2725 et
585 2704 686 2732 urere,
701 2700 734 2726 et
748 2700 912 2728 attenuare
926 2698 1052 2739 potest?
1097 2696 1258 2728 Medicus.
1304 2697 1420 2728 Nonne
1436 2697 1511 2738 quia
1523 2696 1555 2727 id
1571 2697 1679 2728 novit?

217 2757 258 2778 an
273 2749 313 2779 ob
323 2748 418 2780 aliam
433 2758 558 2779 causam
573 2749 584 2778 ?
629 2749 713 2786 Quia
727 2751 827 2782 novit.

260 2801 342 2838 Quis
364 2813 439 2834 vero
463 2808 555 2843 prout
580 2804 730 2834 convenit
753 2810 931 2846 opportune
954 2805 1072 2842 fodere,
1097 2810 1193 2847 atque
1216 2813 1314 2840 arare,
1345 2809 1379 2836 et
1392 2804 1534 2845 plantare.
1551 2803 1674 2844 potest?

218 2855 378 2897 Agricola.
422 2857 539 2889 Nonne
564 2857 658 2889 etiam
682 2857 756 2900 quia
769 2859 880 2890 novit?
904 2869 944 2892 an
958 2859 1072 2894 secus?
1119 2859 1204 2896 Quia
1226 2859 1327 2892 novit.
1373 2858 1488 2890 Nonne
1504 2858 1597 2888 etiam
1613 2857 1675 2888 alia
