1840 3225
335 270 410 310 176
908 265 1173 304 PLATONIS
1681 265 1778 318 [503

326 380 429 406 autem
445 371 644 404 nihilominus
659 371 822 412 transigere
846 371 913 401 lizec
928 370 1080 411 cogimur.
1104 374 1197 410 atque
1222 379 1259 399 ea
1283 369 1422 410 quidem,
1437 378 1506 411 quae
1521 369 1560 401 ad
1576 369 1718 400 mulieres
1738 378 1777 400 ac

330 430 409 460 tilios
424 428 588 469 pertinent,
601 426 668 468 jam
684 425 857 467 peregimus
871 436 877 454 :
904 435 974 465 quae
990 434 1061 455 vero
1077 425 1116 454 ad
1133 423 1299 464 principes,
1316 429 1462 465 tanquam
1476 433 1495 454 a
1511 423 1663 465 principio
1677 432 1778 453 rursus

329 482 535 525 percurrenda
558 481 714 511 videntur.
757 479 900 509 Diximus
926 484 1041 513 autem,
1064 478 1087 508 si
1115 477 1261 508 memoria
1285 484 1382 513 tenes,
1409 482 1560 508 amatores
1581 487 1635 508 eos
1647 476 1782 508 civitatis

328 547 396 568 esse
412 540 565 577 oportere,
589 533 685 576 [503]
709 532 741 564 in
757 532 969 574 voluptatibus
991 531 1212 572 doloribusque
1234 531 1401 572 probatos:
1426 536 1519 572 atque
1534 541 1571 562 ex
1586 531 1646 562 boc
1662 541 1781 572 propo-

330 590 390 622 sito
405 600 506 631 neque
520 588 675 620 laboribus
689 598 790 628 neque
813 592 896 617 metu
915 586 1118 626 periculorum
1143 596 1245 627 neque
1263 586 1432 616 mutatione
1448 585 1508 616 alia
1523 585 1684 616 dimoveri.
1705 595 1777 615 eum

330 655 414 682 vero,
429 644 483 686 qui
498 644 557 674 hoc
573 646 720 683 nequeat,
736 640 880 672 abdicare
896 645 1020 682 oportet
1035 651 1042 669 :
1065 646 1097 670 at
1112 639 1209 674 illurn,
1225 639 1279 680 qui
1294 639 1408 680 passim
1424 638 1560 670 sincerus
1571 644 1603 669 et
1616 638 1777 679 incorrup-

328 704 379 730 tus
394 698 512 734 evadit,
528 703 674 738 tanquam
691 705 796 726 aurum
824 694 856 725 in
880 694 958 736 ignis
982 694 1122 725 examine
1149 694 1394 734 comprobatum.
1426 693 1635 734 gubemandae
1660 692 1780 724 civitati

328 753 494 794 praeficere,
512 750 750 791 muneribusque
765 759 872 780 ornare
888 754 918 779 et
933 748 1087 779 viventem
1104 754 1136 779 et
1152 755 1315 778 mortuum.
1359 747 1493 778 Praemia
1508 757 1579 778 vero
1605 745 1679 777 talia
1703 746 1778 782 sint,

328 806 434 849 qualia
449 805 652 837 communiter
666 804 750 835 dicta
765 809 848 845 sunt,
863 803 994 834 breviter
1009 804 1066 833 hoc
1083 808 1279 844 percurrente
1297 806 1330 833 et
1351 801 1440 843 quasi
1466 801 1685 842 tergiversante
1714 810 1776 830 ser·

326 870 442 891 mone:
467 860 585 902 quippe
601 869 671 889 cum
695 868 754 898 res,
771 862 805 888 ut
819 868 902 888 nunc
918 863 1000 894 sunt,
1017 867 1140 887 movere
1169 857 1357 887 timeremus.
1403 855 1486 886 Am.
1509 854 1592 886 Vera
1617 853 1751 895 loqueris
1767 864 1775 882 ι

324 913 452 945 memini
466 913 623 954 equidem.
667 911 723 942 So.
745 911 883 942 Verebar
896 912 992 948 cuim,
1007 922 1025 941 ο
1041 911 1151 945 amice,
1168 921 1237 951 quae
1254 920 1336 941 nunc
1352 919 1443 940 ausus
1457 919 1537 949 sum,
1551 908 1665 939 dicere.
1711 906 1777 938 Nos

324 978 397 998 vero
414 968 446 998 in
462 965 626 1009 praesentia
640 965 671 995 id
687 974 819 995 asserere
846 965 1026 1001 audeamus,
1042 965 1126 1005 quod
1152 964 1296 995 custodes
1322 962 1549 1004 diligentissimi
1572 961 1684 1002 optimi
1709 971 1776 992 esse

322 1022 442 1053 debent
468 1019 658 1062 philosophi.
703 1018 785 1049 Aur.
809 1018 927 1049 Ratum
951 1019 985 1049 id
1015 1019 1174 1050 habeatur.
1219 1017 1275 1048 So.
1298 1017 1532 1053 Animadverte,
1560 1025 1653 1057 quam
1681 1015 1776 1056 pauci

323 1074 402 1106 tales
416 1079 517 1105 erunt.
540 1074 623 1104 illius
639 1072 793 1114 siquidem
809 1078 926 1102 naturae
942 1078 1056 1114 partes,
1071 1082 1162 1114 quam
1179 1071 1279 1103 inesse
1296 1071 1355 1102 illis
1380 1076 1522 1112 oportere
1549 1070 1695 1106 diximus,
1713 1080 1775 1100 una

320 1139 387 1160 raro
403 1132 590 1159 concurrunt
604 1132 636 1158 et
660 1131 694 1157 ut
721 1126 886 1168 plurimum
909 1126 1075 1167 disjunctae
1101 1131 1280 1157 nascuntur.
1327 1125 1408 1156 Aur.
1431 1125 1505 1162 Quo
1527 1129 1620 1166 pacto
1647 1125 1679 1155 id
1704 1125 1774 1155 ais?

322 1183 375 1214 So.
399 1181 450 1213 An
462 1181 594 1222 ignoras,
610 1181 694 1222 quod
706 1181 800 1211 iidem
812 1180 952 1211 homines
964 1180 1095 1220 dociles,
1109 1191 1270 1216 memores,
1287 1179 1454 1221 ingeniosi,
1469 1179 1552 1211 acuti
1564 1189 1627 1210 non
1642 1184 1725 1216 sunt,
1737 1189 1774 1210 ac

319 1236 414 1267 etiam
438 1235 532 1266 fortes
557 1240 650 1276 atque
676 1235 877 1275 magnanimi,
894 1240 928 1264 ut
955 1236 1124 1270 moderate,
1142 1233 1319 1274 tranquille,
1343 1238 1521 1264 constanter
1543 1233 1672 1264 vivant?
1697 1232 1773 1264 tales

318 1290 471 1332 siquidem
488 1289 542 1320 viri
558 1288 707 1320 acuminis
725 1288 821 1329 ipsius
845 1287 976 1323 fervore,
992 1297 1180 1329 quocunque
1206 1287 1384 1329 contigerit,
1400 1287 1607 1329 proferuntur,
1623 1287 1775 1318 stabilita-

318 1344 358 1376 tis
372 1344 472 1375 omnis
494 1349 526 1374 et
549 1343 709 1384 gravitatis
735 1347 887 1382 expertes.
933 1341 1015 1373 Ant.
1040 1341 1123 1373 Vera
1149 1342 1294 1383 loqueris.
1339 1341 1395 1374 So.
1418 1341 1556 1373 Habitus
1581 1348 1684 1372 autem
1711 1341 1772 1382 ipsi

318 1398 490 1429 animorum
505 1396 629 1427 stabiles
642 1401 674 1427 et
688 1406 706 1426 a
721 1395 846 1426 levitate
862 1395 985 1437 penitus
1011 1395 1117 1432 alieni,
1133 1406 1263 1437 quorum
1285 1395 1318 1425 in
1341 1395 1491 1437 gravitate
1517 1395 1648 1427 maxime
1671 1395 1772 1426 conti-

317 1452 468 1489 dendum‚
494 1456 605 1493 utpote
633 1450 686 1492 qui
712 1450 744 1480 in
771 1449 854 1480 bello
882 1449 1030 1491 intrepidi
1059 1456 1142 1489 sunt,
1159 1456 1194 1481 ut
1219 1449 1251 1480 in
1278 1448 1326 1480 his
1351 1449 1523 1480 immobiles
1550 1454 1634 1485 sunt,
1659 1448 1705 1480 ita
1730 1449 1771 1479 ad

313 1506 495 1547 disciplinas
516 1505 663 1535 tardiores
678 1509 710 1535 et
726 1505 862 1535 hebetes.
885 1509 1009 1545 torpent
1023 1504 1175 1546 siquidem
1201 1510 1295 1545 atque
1319 1504 1464 1540 oscitant,
1481 1503 1629 1545 quotiens
1654 1503 1699 1534 eis
1723 1509 1771 1534 est

312 1557 823 1601 contemplationiinvigilandum.
869 1557 951 1588 Am.
976 1557 1044 1594 Est,
1062 1563 1094 1587 ut
1109 1557 1198 1589 dicis.
1243 1557 1300 1588 So.
1323 1557 1392 1588 Nos
1415 1562 1519 1588 autem
1545 1556 1578 1587 in
1604 1557 1770 1599 superiori·

315 1614 372 1645 bus
387 1613 520 1645 diximus
537 1617 678 1654 oportere
693 1612 865 1653 principem
882 1616 1080 1653 utrorumque
1097 1612 1218 1652 optima
1238 1612 1356 1642 ratione
1384 1609 1566 1653 participem
1589 1621 1667 1642 esse.
1691 1611 1769 1642 alio-

313 1667 391 1709 quin
406 1678 470 1698 non
485 1677 551 1698 esse
565 1666 612 1697 illi
628 1676 800 1707 supremam
816 1664 1014 1706 disciplinam
1039 1665 1259 1702 exhibendam,
1275 1676 1376 1707 neque
1400 1666 1531 1696 honores
1558 1665 1770 1707 magistratus-

312 1732 374 1763 que
404 1720 636 1762 impartiendos.
679 1719 764 1750 Anr.
786 1718 900 1751 Recte.
945 1718 1000 1750 So.
1023 1718 1139 1750 Nonne
1171 1730 1236 1750 raro
1267 1720 1327 1751 hoc
1361 1725 1544 1751 eventurum
1579 1719 1764 1751 existimas?

311 1776 395 1807 A'm.
417 1774 502 1806 Raro
518 1774 699 1805 admodum.
742 1774 798 1804 So.
822 1773 1005 1804 Examinare
1021 1773 1113 1815 igitur
1128 1773 1223 1804 futuri
1240 1774 1389 1816 principis
1403 1779 1527 1816 oportet
1547 1773 1709 1815 ingenium
1733 1774 1766 1804 in

313 1830 371 1866 liis,
387 1839 456 1871 quae
471 1839 564 1870 supra
579 1827 722 1867 diximus,
739 1827 904 1864 laboribus,
921 1828 1093 1867 timoribus,
1111 1828 1333 1869 voluptatibus.
1355 1828 1498 1859 addimus
1514 1832 1671 1869 praeterea,
1680 1828 1766 1870 quod

311 1893 406 1925 supra
420 1883 613 1914 dimisimus:
637 1887 778 1924 oportere
794 1881 938 1912 videlicet
954 1881 1030 1912 illud
1045 1881 1077 1912 in
1104 1880 1280 1922 disciplinis
1305 1881 1444 1922 plurimis
1467 1891 1628 1921 exercere;
1653 1887 1687 1912 ut
1710 1892 1765 1924 pa-

310 1942 386 1974 teat,
402 1937 543 1978 nunquid
559 1936 698 1967 maximae
713 1936 809 1977 ipsius
835 1934 931 1978 [504]
957 1935 1106 1966 doctrinae
1121 1935 1331 1976 percipiendae
1355 1935 1396 1966 sit
1420 1945 1561 1977 compos,
1576 1944 1616 1966 an
1640 1935 1767 1967 deficiat

311 1991 428 2033 potius,
441 1990 703 2032 quemadmodum
719 1988 821 2031 quiin
841 1988 908 2020 aliis
935 1989 1080 2030 operibus
1104 1989 1262 2031 trepidant
1283 1994 1378 2031 atque
1401 1988 1563 2020 deficiunt.
1607 1989 1690 2021 Am.
1713 1989 1765 2020 Ita

310 2049 394 2076 certe
408 2044 594 2085 investigare
609 2043 711 2076 decet.
735 2053 838 2073 verum
855 2052 946 2084 quam
963 2042 1125 2073 maximam
1151 2042 1323 2074 doctrinam
1349 2043 1463 2074 vocas?
1508 2043 1566 2074 So.
1589 2043 1766 2074 Meministi

309 2097 553 2140 quodammode,
568 2107 639 2128 cum
655 2102 714 2127 tres
739 2096 770 2127 in
795 2096 897 2127 anima
924 2097 1043 2137 species
1066 2097 1287 2137 posuissemus,
1303 2097 1378 2139 quid
1389 2097 1513 2139 justitia
1536 2102 1629 2134 esset,
1643 2103 1764 2139 tempe-

311 2152 422 2188 rantia,
437 2151 598 2187 fortitudo,
614 2150 778 2192 sapientia,
794 2160 850 2180 nos
866 2149 1049 2180 definientes
1065 2150 1196 2181 invicem
1212 2151 1418 2182 convenisse?
1463 2150 1545 2182 Am.
1567 2150 1602 2181 Si
1626 2161 1691 2182 non
1716 2161 1764 2182 re-

310 2205 464 2243 cordarer,
478 2204 561 2235 haud
577 2204 690 2245 dignus
706 2214 816 2240 essem,
831 2203 884 2245 qui
900 2204 1016 2245 reliqua
1030 2204 1083 2234 abs
1101 2209 1131 2234 te
1146 2204 1295 2234 audirem.
1340 2205 1394 2235 So.
1418 2204 1470 2235 An
1486 2210 1519 2235 et
1542 2204 1619 2235 illud
1648 2215 1764 2236 memo-

309 2259 355 2290 ria
369 2264 468 2300 tenes,
484 2258 568 2300 quod
584 2262 656 2289 ante
670 2258 737 2289 haec
754 2258 870 2288 dictum
884 2257 964 2288 suit?
1010 2257 1091 2289 on.
1115 2258 1274 2294 Quidnam
1288 2258 1299 2288 ?
1344 2258 1401 2289 So.
1424 2257 1569 2289 Diximus
1585 2265 1668 2290 certe
1696 2269 1763 2290 am-

310 2312 401 2354 pliori
415 2312 550 2354 quodam
567 2311 627 2342 alio
643 2311 789 2342 orationis
801 2311 931 2342 circuitu
947 2311 1085 2343 exactius
1100 2321 1136 2342 ea
1153 2322 1241 2353 posse
1256 2311 1423 2353 cognosci:
1451 2322 1553 2343 verum
1569 2312 1762 2344 commodius

311 2377 391 2404 esse,
407 2371 442 2396 ut
461 2365 738 2397 demonstrationes
764 2365 972 2407 superioribus
999 2366 1095 2406 magis
1118 2370 1343 2397 consentaneas
1369 2366 1597 2399 induceremus.
1618 2367 1704 2408 quod
1731 2373 1764 2398 et

311 2432 367 2452 vos
382 2420 519 2451 sufficere
531 2419 742 2461 respondistis.
788 2419 893 2461 Atque
909 2420 951 2450 ita
968 2425 1041 2451 tuuc
1057 2430 1094 2450 ea
1117 2419 1225 2462 pingui
1249 2420 1404 2457 Minerva,
1420 2425 1455 2450 ut
1477 2419 1553 2450 mihi
1579 2419 1678 2451 visum
1703 2426 1762 2456 est,

309 2480 440 2507 tractata
453 2479 536 2505 sunt.
560 2473 607 2504 sin
623 2479 725 2505 autem
743 2473 845 2515 placet
860 2474 958 2510 vobis,
975 2474 1035 2515 ipsi
1060 2475 1118 2506 hoc
1143 2475 1249 2506 dicite.
1294 2474 1375 2505 Am.
1399 2473 1445 2504 At
1459 2474 1616 2506 moderate
1640 2474 1760 2506 dictum

311 2534 345 2560 et
373 2529 448 2559 mihi
478 2534 510 2559 et
539 2528 606 2558 aliis
633 2532 680 2558 est
708 2528 819 2558 visum.
863 2527 917 2559 So.
942 2528 1014 2564 Sed,
1046 2539 1065 2559 o
1094 2529 1204 2564 amice,
1234 2528 1342 2559 talium
1374 2538 1515 2560 mensura
1542 2538 1761 2570 quamcunque

310 2583 446 2613 veritatis
462 2587 579 2624 partem
598 2582 745 2619 omiserit,
760 2582 978 2613 immensurate
1006 2583 1051 2614 fit.
1074 2583 1118 2613 nil
1143 2583 1225 2614 enim
1250 2582 1398 2614 deficiens
1420 2582 1514 2613 ullius
1536 2588 1583 2613 est
1606 2593 1761 2614 mensum.

309 2646 488 2678 quanquam
503 2635 661 2666 nonnullis
675 2636 863 2677 quandoque
890 2636 1010 2667 videtur
1037 2637 1222 2668 sufficienter
1247 2637 1349 2667 statim
1373 2646 1441 2667 esse.
1466 2640 1642 2673 tractatum,
1657 2646 1759 2678 neque

309 2689 443 2730 longiori
471 2680 686 2729 inquisitione
703 2699 782 2730 opus
806 2700 884 2721 esse.
928 2689 1011 2720 Aur.
1035 2690 1200 2721 Permultis
1226 2691 1258 2721 id
1286 2694 1413 2731 propter
1435 2688 1604 2721 secordiam
1632 2690 1761 2722 accidit.

311 2742 368 2774 So.
390 2741 511 2773 Vitium
527 2743 585 2773 hoc
600 2753 617 2772 a
633 2744 762 2774 custode
778 2743 914 2774 civitatis
928 2748 960 2774 et
975 2744 1073 2785 legem
1090 2754 1159 2775 esse
1175 2744 1270 2775 debet
1293 2742 1524 2774 alienissimum.
1566 2742 1650 2774 Am.
1671 2742 1760 2774 Con-

309 2801 503 2828 sentaneum.
548 2796 603 2827 So.
629 2795 709 2838 Ergo
737 2797 868 2838 amplior
898 2797 1036 2838 quidam,
1062 2798 1171 2834 amice,
1199 2797 1271 2828 huic
1298 2796 1436 2837 agendus
1460 2795 1630 2827 circuitus:
1654 2806 1757 2838 neque

310 2850 430 2881 brevior
445 2849 594 2880 discendo
609 2860 700 2890 quam
716 2851 912 2882 exercitando
927 2851 1138 2892 impendenda
1152 2856 1200 2882 est
1214 2860 1318 2892 opera.
1342 2849 1491 2891 alioquin,
1507 2854 1543 2879 ut
1566 2849 1660 2891 paulo
1683 2856 1757 2882 ante

310 2903 455 2940 diximus,
477 2903 516 2933 ad
540 2913 666 2934 summae
694 2905 880 2947 penitusque
906 2905 1086 2936 necessariae
1110 2905 1261 2936 doctrinm
1285 2903 1378 2934 finem
1402 2912 1562 2943 nunquam
1587 2904 1758 2945 perveniet.

311 2958 394 2991 Aur.
417 2958 469 2990 An
485 2957 550 2990 haec
566 2959 698 2990 maxima
712 2969 775 2990 non
791 2960 885 2991 sunt?
911 2965 1018 3001 estque
1035 2960 1117 2990 aliud
1136 2960 1270 3001 iusuper,
1283 2957 1408 2999 justitia
1422 2962 1454 2988 et
1468 2957 1577 2989 ceteris
1591 2967 1661 2999 quae
1683 2967 1756 2988 nar-
