1840 3225
209 235 306 286 389]
801 235 1079 277 SISYPHUS.
1586 236 1664 276 51²7

206 353 287 373 unus
311 352 348 373 ex
380 341 561 374 Pharsaliis,
604 341 650 372 At
675 351 734 382 ego
749 352 768 372 ο
783 341 929 384 Sisyphe,
945 352 1009 373 non
1025 342 1065 372 de
1081 341 1161 372 bene
1177 339 1385 372 consultando
1399 347 1558 372 semones
1573 340 1612 371 ad
1625 345 1658 372 te

204 397 319 427 habere
337 407 477 438 possum,
495 402 528 427 ut
542 395 596 437 qui
610 401 643 426 et
658 395 748 425 multi
763 395 819 425 otii
834 400 867 425 et
882 396 967 436 longi
980 395 1129 436 temporis
1143 405 1209 425 rem
1224 405 1294 425 esse
1313 400 1417 436 putem
1431 407 1438 425 :
1463 394 1520 426 sed
1535 395 1573 425 de
1588 394 1660 435 ipso

203 451 425 491 consultando,
452 450 528 492 quid
552 451 606 486 sit,
631 449 789 490 disputare
816 454 922 480 tecum
942 449 1087 479 audeam.
1133 448 1218 479 Num
1234 449 1329 489 igitur
1343 455 1434 490 potes
1450 448 1526 479 mihi
1541 448 1658 484 dicere,

203 503 308 544 ipsum
333 505 510 535 consultare
534 503 686 544 quidnam
713 502 782 533 sit'?
805 512 869 533 non
893 503 974 533 bene
1002 508 1055 533 aut
1080 503 1162 532 male
1179 507 1232 532 aut
1245 507 1331 533 recte
1347 502 1588 543 quodammodo,
1602 501 1659 533 sed

203 557 308 598 ipsum
335 559 438 589 solum
461 558 638 589 consultare
664 557 757 598 quale
779 557 856 597 quid
882 557 924 587 sit
939 557 950 587 ?
974 562 1028 587 aut
1042 557 1135 587 etiam
1152 555 1321 586 admodum
1336 556 1428 586 facile
1442 562 1544 597 potes,
1559 561 1593 586 ut
1606 555 1661 597 qui

204 611 285 642 adeo
299 612 431 643 consilio
445 617 576 653 praestes
590 612 600 642 ?
646 611 692 642 At
707 610 850 651 nunquid
865 610 1027 641 curiositas
1044 611 1189 651 quaedam
1204 620 1274 640 mea
1289 611 1356 640 haec
1373 615 1434 646 est,
1446 610 1531 651 quod
1546 611 1585 640 de
1600 610 1659 640 1100

202 671 234 697 te
260 666 442 707 interrogo?
489 667 554 697 815.
578 665 667 696 Ν11111
693 675 766 696 vero
789 665 847 695 tibi
862 665 1003 706 ignotum
1020 670 1070 695 est
1084 664 1159 705 quid
1176 663 1217 694 sit
1230 663 1429 694 consultare?
1475 663 1551 695 Soc.
1576 661 1661 692 Mihi

202 724 287 750 certe
315 729 334 750 o
359 720 491 762 Sisyphe
507 730 513 748 :
539 719 564 749 si
590 729 664 750 sane
693 718 781 749 aliud
805 718 882 760 quid
906 724 965 754 est,
981 728 1075 759 quam
1087 723 1121 748 ut
1137 718 1207 759 quis
1223 717 1276 758 qui
1290 727 1353 747 non
1367 717 1455 747 novit
1469 716 1508 747 de
1525 716 1573 746 his
1588 725 1668 756 quae-

202 772 304 803 facere
331 778 465 813 oportet,
491 772 611 804 divinet
637 778 669 803 et
695 773 864 814 excogitet,
891 777 925 803 et
950 773 1123 803 secundum
1144 771 1253 802 eadem
1276 771 1444 812 conjectet,
1464 776 1498 801 et
1511 769 1660 811 quicquid

203 832 387 868 assequutus
410 827 516 863 fuerit,
541 827 649 859 dicat:
673 823 944 868 queniadmodum
973 827 1070 857 etiam
1095 826 1237 857 homines
1263 826 1318 867 qui
1341 835 1398 866 par
1419 825 1519 865 impar
1535 824 1660 859 ludunt,

203 890 278 911 curn
298 881 375 911 nihil
391 880 431 911 de
448 881 573 922 paribus
589 885 622 911 et
635 881 807 922 imparibus
824 880 925 911 sciant
938 891 1007 921 quae
1022 879 1085 921 ipsi
1101 880 1133 910 in
1148 880 1292 910 manibus
1307 880 1436 915 habent,
1453 882 1661 919 assequuntur

201 939 319 970 tamen,
343 940 376 965 et
391 934 431 965 de
446 935 523 976 ipsis
549 934 646 977 [388]
662 945 736 965 vera
757 935 877 965 dicunt.
923 935 1014 975 Saepe
1029 934 1125 975 igitur
1140 934 1202 964 tale
1216 933 1290 975 quid
1304 933 1399 964 etiam
1414 933 1588 963 consultare
1600 935 1662 967 est,

200 993 238 1019 ut
264 988 335 1029 quis
357 988 397 1019 de
423 989 470 1019 his
486 990 525 1019 de
542 989 655 1030 quibus
671 990 840 1026 consultat,
851 988 931 1019 nihil
947 989 1035 1025 sciat,
1051 988 1107 1019 sed
1121 988 1250 1019 fortuito
1266 987 1421 1018 sententia
1434 986 1569 1027 prolata,
1586 994 1662 1015 vera

202 1047 398 1084 assequatur.
443 1043 476 1074 Si
490 1043 619 1085 quidem
633 1044 728 1084 igitur
742 1044 805 1074 tale
822 1048 879 1079 est,
895 1043 1040 1084 intelligo
1056 1053 1132 1073 sane
1149 1042 1241 1083 quale
1255 1041 1330 1082 quid
1345 1041 1387 1072 sit
1411 1040 1586 1071 consultare
1603 1050 1610 1068 z
1635 1038 1663 1069 si

203 1107 275 1128 vero
300 1098 364 1127 tale
386 1107 450 1128 non
471 1103 531 1133 est,
554 1097 694 1128 nondum
721 1098 822 1139 ipsum
838 1098 923 1130 novi.
968 1097 1034 1129 815.
1059 1096 1135 1127 Νο11
1151 1097 1254 1137 itaque
1272 1096 1334 1126 tale
1348 1100 1396 1126 est
1410 1095 1503 1136 quale
1519 1092 1661 1124 estnihil

203 1150 330 1182 omnino
342 1151 420 1181 scire
436 1163 442 1180 :
468 1153 524 1182 sed
541 1152 633 1193 quale
649 1156 698 1182 est
713 1152 827 1193 partim
848 1151 915 1192 jam
933 1151 1050 1192 aliquid
1067 1151 1106 1181 de
1122 1161 1156 1181 re
1173 1150 1260 1185 scire,
1278 1149 1393 1190 partim
1407 1148 1545 1179 nondum
1560 1156 1664 1177 nosse.

203 1205 283 1235 Soc.
304 1204 390 1235 Num
413 1206 477 1235 tale
501 1205 589 1246 quid,
615 1216 671 1246 per
686 1206 815 1241 Jovem,
832 1205 1007 1235 consultare
1022 1204 1100 1236 dicis
1119 1205 1129 1234 ?
1153 1214 1226 1234 nam
1240 1204 1310 1244 ipse
1326 1203 1415 1233 velut
1427 1202 1568 1232 divinare
1583 1200 1663 1230 mihi

203 1258 313 1289 videor
337 1259 527 1289 sententiam
546 1263 631 1289 tuam
648 1259 687 1289 de
702 1259 784 1289 bene
800 1257 1010 1289 consultando
1027 1271 1032 1288 :
1057 1258 1205 1288 nimirum
1221 1267 1359 1298 quaerere
1375 1256 1525 1296 aliquem,
1542 1260 1577 1286 ut
1592 1265 1663 1296 quae

204 1313 325 1353 optima
350 1313 436 1344 factu
459 1318 544 1348 sunt,
570 1313 690 1353 sibiipsi
707 1312 857 1348 inveniat,
873 1311 1016 1342 nondum
1030 1323 1104 1342 veru
1120 1312 1202 1342 clare
1219 1311 1308 1346 sciat,
1323 1310 1379 1340 sed
1394 1309 1482 1339 velut
1496 1309 1529 1339 in
1545 1308 1667 1339 intelli«

203 1366 311 1408 gentia
336 1367 472 1407 quadam
498 1368 555 1398 11οο
580 1367 631 1398 sit.
677 1366 794 1397 Nonne
819 1367 864 1396 sic
889 1366 1120 1407 quodammodo
1136 1364 1241 1395 dicis?
1286 1365 1350 1394 815.
1372 1363 1441 1404 Ego
1456 1373 1542 1393 sane.
1586 1363 1663 1393 Soc.

203 1420 319 1451 Utrum
340 1431 413 1451 vero
441 1426 586 1462 quaerunt
609 1421 750 1451 homines
768 1431 821 1450 eas
847 1431 895 1450 res
910 1430 988 1460 quas
1004 1419 1108 1450 sciunt
1121 1419 1131 1449 ?
1154 1423 1208 1449 aut
1223 1418 1320 1448 etiam
1334 1428 1388 1448 eas
1402 1427 1478 1458 quas
1492 1416 1662 1447 nesciunt?

203 1475 268 1506 815.
292 1474 423 1506 Ambas.
468 1476 543 1506 Soc.
571 1475 686 1505 Nonne
703 1480 736 1505 et
751 1474 983 1516 quodammodo
999 1473 1079 1504 dicis
1095 1472 1180 1514 quod
1195 1473 1287 1503 ambo
1303 1478 1445 1513 quaerunt
1460 1471 1614 1506 homines,
1631 1475 1664 1501 et

203 1539 242 1559 ea
261 1539 331 1570 quae
356 1530 460 1560 sciunt
482 1535 515 1560 et
537 1539 574 1560 ea
589 1540 658 1570 quae
674 1529 842 1560 nesciunt?
867 1533 903 1559 ut
918 1528 960 1558 sit
974 1528 1076 1559 simile
1089 1528 1178 1558 velut
1192 1527 1293 1568 siquis
1309 1526 1519 1557 Callistratum
1535 1524 1662 1566 quidem

203 1588 321 1619 nosset,
347 1583 417 1624 quis
442 1588 527 1614 esset
553 1583 766 1620 Callistratus,
791 1593 857 1614 non
880 1588 987 1614 tamen
1012 1587 1121 1613 nosset
1146 1581 1315 1621 comperire
1337 1580 1392 1611 ubi
1406 1584 1500 1615 esset,
1515 1590 1579 1610 non
1594 1579 1666 1620 quis

202 1641 286 1667 esset
301 1636 510 1668 Callistratus.
555 1637 673 1668 Nonne
689 1637 732 1668 sic
748 1637 980 1678 quodammodo
997 1636 1076 1667 dicis
1089 1646 1172 1672 esse,
1185 1635 1275 1665 ambo
1288 1644 1429 1676 quaerere
1447 1635 1458 1664 ?
1502 1633 1569 1664 815.
1593 1633 1663 1673 Ego

203 1700 291 1722 sane.
335 1690 411 1722 Soc.
434 1691 551 1722 Nonne
578 1691 658 1722 illud
682 1692 810 1733 quidem
835 1701 899 1722 non
923 1690 1114 1733 quaesiverit,
1139 1689 1354 1720 Callistratum
1370 1699 1473 1724 nosse,
1489 1688 1542 1729 qui
1556 1687 1663 1718 novit?

203 1744 271 1775 Srs.
304 1744 379 1775 Non
399 1745 560 1786 equidem.
607 1746 682 1777 Soc.
706 1745 771 1776 Ubi
795 1756 868 1776 vero
898 1745 950 1781 sit,
973 1745 1079 1785 ipsum
1102 1748 1232 1785 quaeret.
1277 1743 1341 1773 815.
1363 1743 1448 1773 Mihi
1470 1742 1516 1772 ita
1530 1742 1667 1772 videtur.

204 1797 281 1829 Soc.
306 1797 422 1829 Nonne
449 1809 553 1840 neque
578 1799 638 1830 hoc
654 1804 817 1840 quaereret,
833 1798 887 1829 ubi
901 1799 1009 1840 ipsum
1022 1798 1163 1829 invenire
1179 1802 1295 1838 posset,
1311 1796 1337 1827 si
1352 1802 1469 1833 nosset,
1486 1796 1542 1827 sed
1558 1795 1666 1826 statim

204 1852 414 1893 comperiret?
460 1853 577 1884 Etiam.
621 1854 693 1884 Soc.
717 1853 792 1883 Non
815 1863 888 1894 ergo
910 1854 977 1884 haec
993 1857 1138 1894 quaerunt
1151 1851 1294 1882 homines
1309 1861 1379 1892 quae
1393 1850 1507 1887 sciunt,
1522 1850 1577 1880 sed
1593 1858 1663 1891 quae

203 1916 268 1936 non
294 1906 408 1943 sciunt,
438 1908 526 1938 velut
550 1913 693 1949 apparet.
734 1908 768 1938 Si
797 1918 872 1938 vero
898 1907 949 1938 hic
974 1917 1077 1938 sermo
1101 1906 1317 1937 contentiosus
1341 1916 1407 1936 esse
1423 1905 1481 1936 tibi
1495 1905 1629 1940 videtur,
1645 1913 1665 1934 o

204 1960 352 2002 Sisyphe,
367 1966 401 1991 et
414 1971 477 1992 non
492 1961 539 1992 rei
552 1962 652 2003 gratia
665 1961 721 1992 sed
736 1961 921 2003 disputandi
937 1961 1040 1991 solum
1055 1971 1149 1992 causa
1166 1960 1308 2002 proferri,
1323 1960 1487 1990 considera
1502 1959 1597 1989 etiam
1607 1957 1665 1994 sic,

204 2023 244 2044 an
260 2013 306 2044 ita
321 2024 355 2045 se
370 2015 483 2046 habere
495 2015 640 2046 videatur
650 2015 912 2057 quemadmodum
925 2026 1010 2046 nunc
1021 2015 1146 2046 dicitur.
1171 2014 1325 2055 Nunquid
1339 2014 1423 2044 enim
1438 2014 1471 2044 in
1484 2013 1668 2044 Geometria

204 2068 264 2098 hoc
281 2068 347 2098 fieri
361 2069 466 2099 nosti?
490 2069 659 2110 ignoraria
675 2070 854 2101 Geometn's
876 2070 1073 2106 diametrum,
1097 2079 1161 2100 non
1185 2079 1225 2100 311
1249 2068 1402 2100 diameter
1423 2068 1476 2105 sit,
1500 2075 1554 2098 aut
1572 2077 1636 2097 non
1653 2066 1665 2096 ?

205 2120 321 2163 Neque
337 2124 422 2153 enim
437 2123 585 2164 quaeritur
599 2125 658 2155 hoc
674 2124 713 2154 ab
725 2124 804 2166 ipsis
818 2130 854 2155 ut
866 2124 1044 2155 inveniatur
1058 2136 1065 2154 :
1089 2123 1148 2154 sed
1160 2115 1349 2164 quantussit
1357 2132 1507 2154 mensura
1518 2122 1558 2153 ad
1566 2122 1667 2152 latera

206 2175 346 2206 locorum
358 2187 428 2218 quae
440 2183 536 2209 secat.
581 2177 697 2209 Nonne
709 2179 768 2209 1100
781 2184 829 2209 est
841 2179 925 2219 quod
937 2178 976 2209 de
988 2179 1056 2220 ipso
1068 2178 1217 2219 quaeritur
1229 2178 1240 2207 ?
1286 2178 1353 2209 Srs.
1376 2178 1460 2208 Mihi
1472 2177 1517 2207 ita
1531 2176 1670 2207 videtur.

206 2229 280 2260 Soc.
312 2230 410 2267 Quod
435 2232 530 2262 etiam
556 2232 726 2271 ignoratur.
747 2233 914 2273 nunquid?
959 2233 1024 2263 815.
1059 2233 1212 2263 Maxime.
1258 2233 1334 2263 Soc.
1364 2232 1450 2268 Quid
1477 2230 1577 2261 vero?
1600 2239 1666 2260 non

204 2283 290 2313 nosti
305 2284 390 2325 quod
405 2295 424 2315 a
445 2284 627 2316 Geometris
642 2286 791 2326 (1035111111-
810 2292 928 2327 quanta
940 2287 980 2317 sit
993 2287 1066 2317 cubi
1081 2286 1268 2326 duplicatio,
1283 2291 1318 2316 ut
1330 2285 1450 2316 ratione
1464 2284 1642 2315 inveniatur
1655 2283 1666 2312 ?

206 2336 276 2378 ipse
292 2347 364 2368 vero
379 2339 477 2369 cubus
492 2348 554 2368 11011
571 2340 721 2380 quaeritur
736 2340 775 2370 ab
791 2340 868 2381 ipsis
883 2350 922 2370 an
939 2340 1035 2371 cubus
1049 2341 1101 2375 sit,
1115 2345 1256 2376 autnon,
1273 2339 1330 2370 sed
1345 2340 1402 2370 1100
1428 2338 1553 2370 sciunt?
1584 2347 1666 2368 nun-

206 2390 308 2431 quid?
355 2391 420 2422 Srs.
452 2392 569 2423 Etiam.
621 2392 717 2433 [359]
763 2394 839 2424 Soc.
862 2393 979 2424 Nonne
1004 2394 1100 2424 etiam
1123 2393 1162 2423 de
1179 2403 1249 2423 aere
1266 2393 1487 2434 Anaxagoram
1502 2397 1535 2423 et
1549 2393 1668 2433 Empe-

207 2444 344 2481 doclem,
357 2450 389 2475 et
404 2445 482 2476 alios
496 2456 603 2477 omnes
619 2448 658 2478 de
676 2447 860 2478 sublimibus
873 2448 967 2478 rebus
983 2448 1135 2483 curiosos,
1151 2457 1289 2487 quaerere
1303 2448 1386 2478 nosti
1404 2457 1444 2477 an
1459 2446 1600 2477 infinitus
1614 2446 1667 2482 sit,

207 2507 247 2528 an
273 2498 368 2528 finem
387 2499 522 2530 habeat?
568 2501 631 2533 Sis.
657 2500 770 2533 Etiam.
818 2502 894 2532 Soc.
917 2502 981 2532 Sed
1003 2511 1066 2532 non
1092 2501 1182 2538 illud,
1198 2511 1237 2531 an
1251 2511 1303 2531 aer
1317 2502 1367 2531 sit.
1389 2501 1557 2542 nunquid?
1601 2501 1668 2531 815.

208 2551 284 2582 Non
299 2553 457 2593 equidem.
484 2555 561 2584 Soc.
586 2554 828 2585 Concesserisne
846 2555 941 2596 igitur
954 2556 1032 2586 mihi
1042 2556 1137 2586 etiam
1152 2556 1182 2585 in
1195 2555 1265 2586 aliis
1279 2555 1424 2586 omnibus
1436 2555 1481 2585 ita
1493 2565 1525 2585 se
1542 2555 1666 2591 habere,

207 2610 242 2636 ut
264 2616 357 2636 nemo
382 2607 421 2638 de
445 2608 510 2638 ulla
525 2618 556 2639 re
585 2614 703 2649 quaerat
728 2620 767 2639 an
784 2610 834 2646 sit,
852 2620 945 2650 quarn
961 2610 1057 2646 novit,
1074 2609 1129 2640 sed
1144 2611 1246 2650 magis
1261 2610 1300 2639 de
1317 2619 1355 2640 ea
1367 2619 1462 2650 quam
1475 2619 1539 2640 11011
1554 2608 1666 2639 novit?

207 2659 273 2690 Srs.
297 2659 364 2700 Ego
380 2671 467 2691 sane.
510 2662 586 2693 Soc.
611 2662 726 2693 Nonne
742 2663 837 2694 etiam
852 2665 1041 2699 consultare,
1055 2665 1113 2695 hoc
1125 2664 1217 2694 nobis
1240 2673 1311 2694 esse
1333 2663 1506 2699 videbatur,
1522 2663 1668 2692 nimirum

207 2723 347 2754 quaerere
366 2714 501 2754 aliquem
514 2721 549 2745 ut
569 2727 638 2756 quae
656 2717 775 2757 optima
790 2718 875 2748 factu
891 2723 963 2748 sunt
977 2717 1129 2754 inveniat,
1141 2718 1174 2748 in
1187 2717 1235 2747 his
1246 2717 1322 2758 ipsis
1335 2717 1448 2758 quibus
1461 2727 1539 2757 opus
1551 2716 1644 2746 habet
1656 2716 1667 2744 ?

208 2765 274 2797 Sis.
298 2767 413 2798 Etiam.
459 2768 532 2799 Soc.
558 2769 706 2806 Quaerere
734 2776 851 2807 autem,
877 2776 947 2801 erat
973 2771 1150 2802 consultare
1180 2771 1221 2801 de
1250 2771 1351 2801 rebus.
1374 2770 1518 2810 nunquid
1535 2770 1544 2798 ?
1602 2769 1668 2800 Sis.

210 2819 366 2851 Maxime.
411 2823 487 2853 Soc.
510 2822 625 2853 Nonne
648 2823 716 2864 jam
741 2825 833 2855 nobis
861 2824 1128 2856 considerandum
1153 2829 1202 2855 est
1224 2824 1301 2865 quid
1330 2823 1541 2865 quaerentibus
1565 2822 1670 2852 obstet

211 2874 378 2913 quominus
389 2876 553 2907 inveniant
567 2886 606 2907 ea
621 2876 660 2908 de
675 2878 788 2918 quibus
811 2878 1050 2920 inquisitionem
1076 2878 1218 2908 faciunt?
1264 2878 1332 2908 815.
1355 2877 1439 2908 Mihi
1465 2878 1509 2906 ita
1531 2875 1668 2907 videtur.

212 2927 289 2959 Soc.
313 2928 344 2958 N
348 2930 468 2971 unquid
483 2930 569 2962 aliud
585 2930 662 2973 quid
678 2930 849 2964 dixerimus
866 2933 942 2974 ipsis
956 2933 1079 2964 obstare
1094 2941 1189 2974 quam
1205 2931 1410 2974 ignorantiam
1423 2931 1434 2960 ?
1480 2928 1668 2962 Considere-
