1840 3225
152 238 250 287 547]
556 237 627 273 DE
661 235 968 273 REPUBLICA
1003 237 1100 275 Llss.
1135 238 1243 275 vlu.
1546 243 1618 279 197

150 340 376 371 consideranda
393 346 440 371 cst
455 340 617 371 ambitiosa
634 349 680 368 res
697 338 822 378 publica
838 338 848 368 ?
873 337 964 378 cujus
980 337 1098 368 nullum
1115 339 1214 370 liabeo
1228 350 1340 371 nomen
1354 347 1464 381 pratter
1477 342 1624 372 ambitio-

152 405 215 424 sam
233 396 406 436 potentiam
423 400 455 425 et
471 395 679 435 principatum
697 403 704 422 :
733 398 802 431 post
819 401 886 421 eam
905 402 976 422 vero
992 392 1090 422 virum
1109 393 1200 423 talem
1219 395 1465 434 excogitabimus
1480 407 1487 424 :
1505 395 1621 426 deinde

153 459 322 489 paucorum
341 449 512 489 potentiam
530 447 685 486 talemque
703 446 798 475 virum
817 457 823 475 :
850 452 962 487 postea
980 446 1188 477 multitudinis
1205 449 1459 488 gubernationem
1475 455 1507 480 ct
1521 450 1622 482 homi-

153 512 222 533 nem
241 503 421 543 popularem
438 515 443 532 :
463 502 587 532 demum
605 499 772 541 tyrannide
789 510 923 540 pressam
940 499 1097 530 civitatem
1114 501 1362 537 considerantes,
1378 508 1409 532 et
1424 502 1499 533 iude
1513 508 1620 545 tyran-

152 557 257 586 nicum
272 561 497 596 cognoscentes
521 555 671 589 animum,
688 553 873 584 conabimur
896 564 944 590 ea,
970 565 1041 594 quae
1058 555 1287 595 proposuimus,
1303 556 1490 586 sufficienter
1505 557 1623 598 dijudi-

153 609 243 640 care?
289 608 403 640 Guu.
427 607 528 638 Recte
544 608 574 638 in
593 609 676 638 hunc
699 607 825 637 modum
850 607 1003 647 inspectio
1025 607 1246 649 judiciumque
1270 610 1428 649 procedet.
1473 610 1528 640 So.
1553 610 1622 651 Age

157 662 261 704 itaque
277 663 430 703 explicare
446 671 605 697 conemur,
622 671 684 702 quo
703 665 795 702 pacto
812 661 1009 691 ambitiosum
1033 661 1197 703 imperium
1214 672 1250 692 ex
1269 663 1453 703 optimatum
1470 665 1623 704 guberna-

153 716 238 746 tione
265 720 419 746 nascatur.
466 716 552 752 Quin
579 716 638 746 hoc
666 715 847 755 simpliciter
875 725 977 745 verum
1004 720 1050 745 est
1077 725 1201 745 omnem
1230 726 1294 746 rem
1324 717 1481 757 publicam
1507 729 1544 748 ex
1570 729 1621 754 eo,

157 769 242 810 quod
273 769 461 805 dominatur,
490 769 611 802 mutari,
636 769 763 809 quando
787 768 818 797 in
845 769 913 808 ipso
939 767 1051 798 seditio
1079 768 1192 798 oritur:
1219 769 1292 799 dum
1321 780 1392 799 vero
1419 780 1524 800 secum
1551 770 1621 811 ipso

153 823 320 859 consentit,
337 822 458 853 etiamsi
475 822 566 853 valde
581 822 726 863 exiguum
744 822 795 857 sit,
813 821 922 851 mutari
938 821 1130 861 impossibile
1154 827 1211 852 est.
1257 822 1370 854 GLAu.
1394 823 1451 854 Est
1465 824 1520 854 ita.
1566 824 1621 855 So.

152 877 200 908 At
216 888 285 908 vero
301 888 436 919 quonam
455 882 559 918 pacto,
577 888 595 907 ο
620 876 755 911 Glauco,
773 875 882 906 civitas
899 877 965 906 lraec
980 881 1085 906 nostra
1108 887 1125 906 e
1141 886 1198 906 suo
1214 881 1294 906 statu
1311 878 1510 908 movebitur?
1536 878 1621 918 prin·

152 932 240 973 cipes
255 937 287 962 et
301 931 480 961 defensores
496 931 630 961 invicem
647 936 679 960 et
702 930 781 959 inter
804 939 837 959 se
860 929 1058 959 dissidebunt
1074 930 1084 959 ?
1134 928 1182 959 An
1209 930 1255 960 vis
1277 930 1435 961 imitantes
1451 931 1620 962 Homerum

152 986 264 1016 Musas
279 995 412 1020 oremus,
430 990 461 1014 ut
478 985 566 1015 nobis
583 983 754 1024 explicent,
771 993 831 1023 qua
848 983 966 1012 ratione
982 982 1095 1012 seditio
1112 983 1243 1023 primum
1260 984 1400 1014 incidat?
1417 985 1622 1026 dicamusque

152 1039 236 1080 ipsas
251 1039 450 1080 Tragicorum
475 1038 535 1068 ritu
563 1037 724 1067 nobiscum
743 1036 838 1066 veluti
862 1036 966 1076 pueris
978 1035 1123 1076 jocantes
1151 1043 1368 1078 nugantesque
1391 1039 1434 1068 ita
1461 1038 1559 1080 loqui,
1577 1045 1624 1076 ut,

153 1094 228 1124 dum
246 1098 411 1134 nugantur,
427 1093 516 1134 quasi
532 1092 611 1122 serio
627 1097 733 1132 agant,
751 1090 841 1120 altius
858 1090 1065 1130 eloquantur?
1104 1090 1219 1121 GLAu.
1244 1092 1390 1128 Quonam
1408 1098 1500 1132 pacto
1516 1093 1526 1122 ?
1564 1094 1623 1123 So.

152 1147 202 1178 Ita
215 1147 320 1178 ferme.
347 1146 444 1188 [546]
471 1145 610 1176 Difficile
625 1146 751 1186 quidem
765 1150 812 1175 est
827 1145 870 1174 ita
884 1145 1086 1174 constitutam
1104 1145 1261 1175 civitatem
1279 1156 1296 1175 e
1313 1155 1368 1176 suo
1385 1152 1465 1176 s⁰atu
1481 1147 1596 1177 moveri
1613 1159 1620 1177 :

155 1211 259 1231 verum
273 1211 344 1232 cum
362 1210 466 1236 omne,
484 1201 567 1241 quod
582 1201 720 1240 genitum
733 1204 791 1234 est,
801 1199 993 1239 corruptioni
1004 1199 1046 1228 sit
1056 1198 1236 1235 obnoxium,
1250 1199 1319 1229 talis
1330 1200 1423 1230 etiam
1441 1200 1623 1231 constitutio

155 1265 275 1296 semper
292 1266 416 1286 manere
433 1266 497 1285 non
521 1255 648 1296 poterit,
673 1255 727 1284 sed
751 1253 896 1283 solvetur.
921 1252 1035 1283 solutio
1063 1263 1132 1283 vero
1157 1253 1223 1283 lraec
1251 1258 1319 1283 est:
1346 1264 1409 1283 non
1426 1255 1524 1284 solum
1542 1255 1622 1285 circa

155 1309 289 1350 plantas,
307 1310 359 1339 sed
380 1314 497 1340 terrena
512 1309 605 1339 etiam
629 1307 775 1338 animalia
799 1307 942 1341 fertilitas
966 1311 998 1337 et
1014 1307 1159 1337 sterilitas
1176 1307 1288 1337 animae
1304 1318 1531 1349 corporumque
1547 1319 1623 1339 cou-

155 1362 258 1404 tingit,
274 1363 400 1404 quando
416 1362 626 1393 revolutiones
651 1361 779 1402 singulis
801 1360 986 1391 circulorum
1000 1360 1222 1402 conjunxerint
1237 1361 1370 1391 ambitus
1386 1374 1392 1391 z
1420 1362 1467 1392 liis
1483 1364 1622 1402 quidem,

154 1426 224 1458 quae
242 1417 341 1447 brevis
355 1421 427 1447 sunt
441 1417 510 1453 aevi,
527 1415 661 1446 ambitus
679 1415 843 1450 brevioreS,
868 1414 1030 1444 contrariis
1055 1425 1125 1444 vero
1149 1415 1330 1446 contrarios,
1376 1415 1428 1445 Illi
1446 1426 1528 1456 vem,
1545 1426 1622 1457 quos

154 1471 193 1501 ad
209 1471 344 1501 civitatis
361 1471 616 1511 gubernationem
635 1468 837 1505 educamus,
848 1469 990 1509 quamvis
1001 1468 1156 1509 sapientes
1169 1468 1295 1505 fuerint,
1308 1469 1406 1499 nihilo
1418 1470 1516 1510 magis
1530 1471 1622 1501 vestri

155 1525 275 1566 generis
290 1526 456 1556 fecundam
473 1524 704 1566 generationem
723 1524 770 1554 vel
785 1523 918 1554 sterilem
933 1524 1051 1553 ratione
1066 1534 1127 1553 una
1140 1534 1209 1554 cum
1223 1534 1314 1554 sensu
1330 1525 1598 1564 comprehendent
1612 1536 1619 1556 :

154 1579 208 1610 sed
226 1579 335 1610 latebit
349 1590 403 1610 eos
418 1579 635 1621 opportunitas
652 1578 834 1619 generandi,
857 1583 889 1608 et
909 1578 1092 1618 plerumque
1114 1588 1184 1608 cum
1202 1588 1263 1608 nou
1281 1583 1491 1618 opportunum
1517 1579 1621 1615 suerit,

154 1633 320 1674 gignendis
337 1633 409 1664 filiis
425 1644 550 1675 operam
566 1634 697 1663 dabunt.
745 1631 800 1662 Est
815 1638 918 1662 autern
936 1632 977 1668 ei,
994 1633 1078 1673 quod
1096 1630 1246 1662 divinitus
1262 1633 1472 1673 generandum
1489 1639 1547 1669 est,
1563 1633 1621 1664 cir-

155 1688 270 1723 cuitus,
286 1698 378 1729 qucm
394 1698 540 1718 numerus
555 1688 696 1718 continet
711 1687 867 1727 perfectus
883 1698 890 1716 :
915 1686 1059 1716 humanae
1075 1697 1148 1716 vero
1163 1686 1314 1727 geniturae
1330 1686 1354 1716 is
1371 1686 1491 1727 utique,
1508 1687 1539 1716 in
1557 1697 1619 1728 quo

155 1740 256 1782 primo
269 1742 538 1783 augmentationes
551 1746 733 1782 superantes
748 1745 781 1771 et
795 1746 949 1782 superatae
965 1745 1026 1771 tres
1041 1740 1209 1776 distantiae,
1222 1746 1315 1781 atque
1331 1745 1464 1781 quatuor
1478 1742 1624 1771 terminos

154 1795 355 1836 accipientes,
373 1796 583 1826 simulantium
601 1800 633 1826 et
647 1794 912 1835 dissimilantium,
928 1800 959 1825 et
974 1794 1178 1825 crescentium
1194 1800 1225 1825 et
1238 1795 1497 1836 decrescentium,
1508 1801 1623 1826 cuncta

155 1850 431 1890 correspondentia
458 1856 489 1880 et
513 1849 735 1890 comparabilia
757 1848 890 1880 invicem
920 1849 1110 1879 effecerunt:
1150 1858 1280 1890 quorum
1311 1848 1507 1889 sesquitertia
1535 1849 1621 1879 radix

156 1903 301 1944 quinitati
329 1904 500 1946 conjuncta
527 1905 604 1934 duas
630 1903 806 1934 harmonias
831 1903 950 1944 praebet
976 1909 1022 1933 ter
1045 1906 1137 1933 aucta
1151 1912 1158 1933 :
1196 1912 1288 1932 uuam
1316 1902 1442 1943 quidem
1469 1902 1620 1944 aequalem

155 1958 326 1998 aequaliter,
342 1963 467 1989 centum
484 1958 623 1988 centies:
647 1958 774 1988 alteram
800 1968 871 1988 vero
897 1957 1026 1998 aequalis
1049 1957 1175 1998 quidem
1200 1956 1415 1997 longitudinis,
1440 1957 1493 1987 sed
1510 1956 1620 1987 oblon-

124 2022 135 2027 *
156 2011 261 2051 gioris‚
277 2016 403 2042 centum
419 2012 546 2053 quidem
569 2022 764 2042 numerorum
779 2022 816 2042 ex
841 2012 999 2042 diametris
1014 2011 1275 2052 comparabilibus
1298 2010 1430 2041 invicem
1446 2010 1620 2051 quinitatis,

154 2065 368 2106 indigentibus
385 2075 446 2095 uuo
461 2075 498 2096 ex
514 2065 663 2106 singulis3
677 2066 799 2096 duobus
813 2076 897 2107 vero,
912 2065 965 2107 qui
981 2065 1115 2096 invicem
1132 2065 1194 2096 dici
1208 2070 1389 2107 nequeant3
1406 2070 1530 2096 centum
1549 2075 1619 2096 vero

155 2119 305 2150 cubo-rum
321 2119 464 2150 trinitatis
479 2120 587 2160 ipsius.
634 2119 804 2151 Universus
819 2125 923 2151 autem
940 2121 996 2151 iste
1012 2130 1157 2150 numerus
1170 2110 1387 2161 geometricus,
1405 2119 1498 2150 talem
1513 2124 1621 2150 aucto-

155 2172 277 2204 ritatem
302 2173 430 2209 habens,
447 2175 485 2205 ad
504 2175 655 2215 potiorem
672 2174 920 2215 deterioremque
943 2174 1174 2217 generationem
1199 2174 1260 2204 vim
1283 2174 1388 2204 habet.
1404 2174 1488 2215 quod
1506 2173 1531 2204 si
1546 2173 1621 2203 civi-

154 2228 226 2258 tatis
236 2234 343 2258 vestrae
354 2229 499 2259 custodes
512 2229 730 2270 ignoraverint,
742 2239 801 2260 nec
812 2234 991 2270 opportuno
1001 2229 1037 2258 in
1051 2233 1188 2269 tempore
1204 2238 1332 2269 sponsas
1347 2227 1470 2269 sponsis
1487 2227 1620 2268 conjun-

155 2281 266 2316 xerint,
291 2282 530 2323 haudquaquam
555 2283 709 2324 ingeniosi
733 2283 880 2314 felicesve
904 2283 992 2324 pueri
1015 2282 1088 2312 inde
1111 2287 1287 2314 nascentur.
1334 2281 1381 2313 Ac
1399 2281 1472 2312 ticet
1490 2281 1621 2322 majores

157 2334 219 2375 ipsi
242 2345 296 2365 eos
322 2336 515 2367 constituant
540 2338 711 2378 principes,
736 2337 790 2378 qui
816 2338 896 2368 inter
920 2337 993 2367 illos
1014 2336 1243 2378 praestantiores
1265 2335 1403 2367 fuerint:
1430 2341 1532 2366 tamen
1548 2335 1622 2376 quia

155 2388 280 2429 indigni
296 2395 386 2420 erunt
401 2397 562 2430 pareutum
579 2392 786 2427 successione,
801 2391 832 2421 in
849 2391 924 2432 ipsis
942 2390 1169 2431 magistratibus
1185 2389 1343 2431 subjectos
1359 2389 1520 2430 negligent
1534 2400 1541 2418 ε
1565 2399 1620 2419 ne-

156 2452 219 2483 que
236 2443 360 2474 musicae
383 2454 499 2480 curam,
518 2450 550 2475 ut
573 2446 676 2482 decet,
700 2446 871 2481 habebunt,
895 2456 996 2486 neque
1021 2445 1249 2486 gymnasticae:
1274 2445 1357 2474 unde
1374 2442 1508 2483 juvenes
1530 2441 1623 2472 nimis

155 2501 247 2526 erunt
263 2507 280 2527 a
297 2497 413 2527 musica
429 2497 533 2528 alieni.
579 2498 625 2528 Ex
652 2499 698 2529 his
716 2504 819 2529 autem
837 2499 999 2542 principes
1012 2498 1241 2529 constituentur
1258 2497 1510 2538 negligentiores,
1528 2506 1621 2538 quam

156 2551 260 2587 decet,
277 2551 315 2581 ad
332 2550 572 2582 examinandum
589 2563 701 2593 genera
725 2553 790 2594 illa,
805 2564 874 2594 quae
891 2554 975 2594 apud
1002 2552 1174 2584 Hesiodum
1202 2551 1299 2592 [547]
1325 2557 1356 2581 et
1372 2561 1441 2592 quae
1458 2550 1542 2591 apud
1566 2561 1622 2581 vos

157 2604 340 2641 reseruntur,
355 2615 481 2635 aureum
504 2606 624 2636 scilicet
648 2617 757 2647 genus,
781 2612 961 2648 argenteum
985 2611 1018 2637 et
1041 2616 1160 2636 aeueum
1188 2611 1283 2646 atque
1306 2604 1450 2635 ferreum.
1472 2604 1620 2645 quoniam

157 2669 229 2690 vero
245 2659 372 2689 mixtum
388 2660 445 2690 erit
462 2666 590 2700 argento
606 2660 718 2691 ferrum
735 2666 766 2691 et
781 2672 822 2692 aes
838 2671 925 2698 auro,
939 2660 1160 2692 dissimilitudo
1177 2665 1209 2690 et
1225 2659 1422 2700 inaequalitas
1436 2658 1554 2690 discors
1567 2669 1623 2688 ex-

155 2712 302 2744 orientur.
317 2724 386 2754 quae
400 2714 579 2755 ubicunque
591 2721 770 2751 nascuntur,
784 2715 896 2746 bellum
906 2713 1250 2755 semperetinimicitias
1262 2713 1396 2753 pariunt.
1412 2718 1624 2754 genusauteni

155 2766 335 2807 hujusmodi
351 2767 510 2798 hominum
527 2769 706 2809 ubicunque
722 2769 811 2800 adest
826 2779 946 2811 semper
968 2768 1175 2800 seditionibus
1190 2767 1334 2809 agitatur.
1380 2766 1495 2798 GLAu.
1520 2765 1622 2797 Recte

157 2820 325 2851 admodum
351 2823 539 2863 respondere
565 2822 634 2853 illas
660 2823 810 2856 dicemus.
862 2824 920 2856 So.
944 2823 1082 2854 Necesse
1112 2827 1160 2852 est
1188 2821 1282 2858 enim,
1313 2831 1382 2852 cum
1412 2821 1517 2851 Musae
1546 2820 1619 2850 sint.

159 2872 275 2906 GLAU.
298 2875 384 2912 Quid
400 2887 470 2907 vere
488 2878 616 2918 posthac
633 2877 736 2908 Musae
752 2878 877 2909 dicent?
927 2878 983 2909 So,
1009 2877 1179 2918 Postquam
1195 2880 1262 2906 orta
1285 2874 1397 2906 seditio
1413 2874 1516 2910 fuerit,
1537 2879 1620 2903 utra-

158 2937 220 2968 que
237 2938 347 2969 gencra
363 2929 508 2968 ferentur,
525 2931 655 2963 ferreum
671 2931 798 2973 quidem
815 2938 847 2964 et.
860 2942 980 2964 aeneum
997 2931 1035 2963 ad
1051 2936 1217 2973 quaestum,
1234 2938 1436 2971 agrorumque
1452 2932 1483 2958 et
1507 2927 1617 2958 (lomo-
