1840 3225
172 190 240 240 72]
785 187 1016 227 'HMAEUs
1551 190 1632 228 265

167 292 295 324 tandam
327 292 381 324 Dii
402 293 526 325 dedisse
542 293 698 325 videntur.
742 292 898 329 Quoniam
916 303 990 323 vero
1012 291 1140 323 videbat
1164 292 1251 324 Deus
1275 298 1395 334 partem
1411 292 1498 324 illam
1514 293 1625 324 animae

167 347 266 378 talem
280 348 356 383 fore,
373 355 407 379 ut
421 349 573 379 rationem
587 358 651 378 11011
666 345 830 377 exaudiret
844 351 886 381 et,
902 346 929 376 si
943 356 1005 387 quo
1022 357 1116 377 sensu
1132 348 1307 387 pulsaretur
1319 358 1328 385 5
1344 347 1431 378 nullo
1445 346 1536 378 modo
1550 346 1626 377 rati-

166 400 277 432 onibus
288 402 525 444 obtemperaret,
536 401 592 432 sed
603 400 776 432 simulacris
787 400 923 442 visisque
935 406 1027 431 nocte
1040 400 1154 441 dieque
1167 401 1299 432 maxime
1312 407 1475 443 raperetur
1487 413 1493 430 :
1510 400 1627 432 iccirco

164 460 308 486 naturam
315 457 429 498 jecoris
443 456 629 496 procreavit,
646 461 678 486 et
690 455 723 484 in
739 454 804 495 ejus
813 454 1036 485 habitationem
1051 454 1214 495 disposuit,
1227 454 1368 496 densam,
1379 456 1518 496 inquam,
1532 460 1625 486 natu-

163 517 243 544 ram,
259 509 380 545 laevem,
397 510 521 545 claram,
537 509 663 539 dulcem
687 514 719 539 et
744 508 960 538 amaritudinis
981 518 1045 538 non
1072 514 1234 549 expertem
1250 520 1258 545 ;
1277 514 1312 539 ut
1333 510 1557 550 cogitationum
1583 519 1624 540 ex

165 567 270 593 mente
287 562 484 593 descendens
505 563 646 604 potentia
659 563 692 593 in
715 562 784 603 ipso
796 562 913 604 jecore,
929 562 1018 592 velut
1041 562 1074 592 in
1090 563 1218 605 speculo
1234 563 1347 603 figuras
1367 564 1557 604 suscipiente
1574 574 1622 595 as-

164 617 333 658 pectuique
359 617 525 647 simulacra
547 617 711 652 reddente,
737 615 924 657 quandoque
948 621 1077 657 recepta
1104 620 1221 646 terreat
1243 616 1358 657 ipsum,
1374 617 1623 660 quandocunque

163 676 297 712 cognata
312 670 525 701 aman'tudinis
545 677 637 712 parte
652 682 706 701 usa
721 671 883 711 minasque
903 669 1073 700 intendens
1093 675 1126 700 et
1145 670 1206 700 toti
1227 676 1358 711 repente
1385 670 1503 701 suffusa
1520 671 1623 712 jecori

161 722 272 759 felleos
286 724 500 766 terribilesque
515 726 636 756 colores
650 724 795 756 ostendat
808 736 816 763 3
834 724 1022 755 contrahens
1038 729 1190 765 praeterea
1203 724 1307 765 ipsum
1321 735 1469 765 rugosum
1483 730 1517 755 et
1531 735 1623 767 aspe-

159 786 227 808 rum
241 783 338 808 totum
365 779 488 815 reddat,
504 790 540 810 30
559 779 652 810 fibras
667 779 743 821 ejus,
757 779 853 809 bilem
877 778 1009 820 ejusque
1033 778 1240 809 ventriculum
1258 784 1292 808 et
1313 789 1422 815 venas,
1439 789 1507 820 quae
1522 786 1621 821 portae

156 838 318 869 vocantur,
333 833 377 864 sic
393 833 518 869 afficiat,
529 839 565 864 ut
578 834 691 875 partim
708 843 746 864 ex
761 833 869 863 habitu
879 838 967 863 recto
979 832 1152 862 deflectens
1166 838 1260 873 atque
1273 838 1491 874 contorquens,
1507 834 1619 875 pam'm

157 885 321 917 obstruens
335 893 369 918 et
383 888 585 923 concludens,
601 888 726 919 dolores
739 887 988 928 detrimentaque
1003 886 1153 928 praebeat.
1164 896 1201 917 ac
1212 897 1318 918 rursus
1333 887 1458 929 quando
1473 898 1618 920 mansue-

154 941 272 971 tudinis
287 951 326 972 ex
346 948 452 973 mente
466 942 630 983 inspiratio
645 942 798 972 contraria
813 943 880 972 visa
901 941 1031 982 effingit,
1049 941 1290 972 amaritudinem
1304 941 1433 983 quidem
1447 941 1562 973 sedans
1578 953 1619 973 ex

156 1004 205 1030 eo,
221 997 304 1036 quod
321 995 482 1027 adversam
498 996 556 1027 sibi
570 1002 713 1027 naturam
735 1006 838 1037 neque
855 996 937 1026 ciere
957 1005 1060 1036 neque
1076 995 1230 1036 attingere
1245 995 1342 1033 velit3
1359 995 1526 1027 dulcedine
1542 1007 1619 1028 vero

152 1048 200 1078 illi
214 1048 357 1090 ingenita
366 1056 468 1087 utenS,
485 1057 517 1082 et
529 1051 632 1082 omnia
649 1056 745 1085 recta,
762 1050 863 1085 laevia,
879 1049 977 1080 libera
988 1049 1021 1079 in
1036 1049 1104 1090 ipso
1123 1049 1285 1090 digerens:
1303 1054 1378 1081 tunc
1389 1060 1463 1080 sane
1474 1056 1620 1091 pacatam

154 1109 411 1146 mansuetamque
441 1110 563 1146 partem
578 1105 690 1141 animae
705 1105 739 1135 in
757 1104 860 1146 jecore
875 1104 1069 1134 habitantem
1090 1103 1176 1140 facit,
1192 1104 1271 1134 adeo
1292 1109 1327 1134 ut
1341 1104 1436 1135 etiam
1462 1105 1496 1135 in
1511 1116 1620 1137 somno

154 1158 313 1188 moderate
338 1158 450 1189 affecta
465 1160 514 1195 sit,
529 1159 740 1200 vaticinioque
766 1163 882 1193 utatur,
898 1158 1024 1199 quando
1038 1157 1166 1188 rationis
1181 1159 1418 1200 prudentiaeque
1434 1164 1483 1190 est
1496 1170 1619 1201 expers.

153 1211 208 1252 qui
232 1212 316 1243 enim
337 1223 393 1243 nos
418 1218 661 1254 composuerunt
683 1212 806 1253 paterni
820 1212 904 1242 illius
927 1212 1068 1242 mandati
1094 1222 1257 1248 memores,
1274 1223 1337 1253 quo
1361 1213 1492 1244 mortale
1518 1224 1618 1254 genus

152 1271 344 1306 praeceperat
353 1277 446 1307 quam
458 1268 613 1308 optimum
626 1277 683 1307 pro
695 1266 812 1296 viribus
824 1265 899 1301 fieri,
915 1265 960 1296 ita
973 1265 1156 1296 deteriorem
1165 1266 1263 1296 nostri
1274 1271 1391 1307 partem
1402 1266 1617 1305 instituerunt,

153 1325 188 1349 nt
202 1319 268 1360 ipsa
283 1330 406 1361 quoque
421 1320 560 1351 veritatis
575 1321 655 1351 foret
670 1320 903 1362 quodammodo
917 1320 1084 1360 particeps,
1101 1319 1256 1360 siquidem
1271 1320 1304 1350 in
1319 1330 1357 1350 ea
1372 1321 1490 1361 expleri
1504 1321 1617 1353 vatici-

151 1371 241 1404 nium
255 1378 440 1404 statuerunt.
463 1375 548 1415 quod
563 1379 669 1404 autem
684 1374 852 1404 dementiae
868 1374 1014 1404 humanae
1028 1373 1120 1404 Deus
1134 1373 1298 1404 divinandi
1311 1373 1377 1404 vim
1391 1375 1522 1411 dederit,
1537 1375 1617 1407 illud

149 1432 332 1468 argumento
355 1438 422 1458 esse
436 1428 525 1458 nobis
539 1433 653 1468 potest,
669 1428 753 1468 quod
769 1438 874 1464 nemo,
891 1428 968 1458 dum
994 1438 1076 1458 sanae
1092 1428 1205 1458 mentis
1220 1433 1276 1464 est,
1293 1428 1438 1459 divinum
1461 1434 1494 1460 et
1507 1440 1615 1461 verum

148 1481 330 1512 vaticinium
344 1481 440 1512 ullum
458 1482 632 1523 assequitur
640 1493 650 1520 3
672 1481 727 1512 sed
737 1491 808 1511 cum
826 1481 875 1512 vel
890 1492 1000 1511 somno
1011 1482 1179 1522 prudentia
1186 1482 1233 1512 vis
1245 1483 1418 1523 praepedita
1427 1491 1484 1519 est,
1495 1484 1545 1514 vel
1557 1495 1615 1526 op-

148 1535 376 1576 pressamorbo,
385 1535 435 1566 vel
446 1535 553 1566 divino
569 1535 675 1576 aliquo
686 1540 776 1576 raptu
789 1545 806 1564 e
815 1545 871 1565 suo
882 1540 964 1565 statu
973 1535 1102 1569 dimota,
1112 1535 1178 1565 fieri
1186 1536 1336 1566 divinatio
1347 1536 1437 1568 solet.
1453 1538 1617 1578 prudentis

146 1598 220 1619 vero
229 1589 383 1619 duntaxat
391 1589 528 1620 officium
537 1594 594 1625 est,
603 1600 673 1630 quae
683 1600 701 1619 a
709 1588 839 1619 fatidico
856 1588 1040 1629 furenteque
1056 1588 1183 1629 ingenio
1199 1589 1384 1620 dormiendo
1393 1591 1443 1621 vel
1452 1591 1616 1632 vigilando

145 1642 345 1682 pronuntiata
353 1648 435 1678 sunt,
448 1642 638 1684 intelligere:
652 1648 684 1674 et
695 1653 892 1684 quaecunque
902 1642 969 1673 visa
978 1642 1150 1678 illuxerint,
1162 1641 1237 1684 [72]
1249 1642 1486 1675 ratiocinatione
1497 1646 1541 1676 ita
1553 1646 1616 1677 dis-

146 1704 283 1732 cernere,
295 1701 329 1727 ut
339 1707 402 1737 qua
413 1697 552 1738 quidque
568 1697 697 1732 ratione,
711 1703 743 1727 et
757 1697 808 1728 cui
819 1697 960 1726 futurum
976 1695 1094 1736 aliquid
1106 1695 1152 1726 vel
1167 1696 1360 1736 praeteritum
1371 1708 1545 1738 praesensve
1557 1700 1614 1730 bo—

146 1760 225 1780 num
235 1751 285 1781 vel
303 1750 420 1781 malum
431 1750 617 1791 portendere
626 1751 782 1785 videatur,
793 1751 952 1790 explanet.
971 1749 1055 1780 illius
1067 1755 1182 1787 autem,
1191 1750 1246 1791 qui
1254 1752 1371 1782 mansit
1380 1757 1547 1794 manetque
1557 1754 1614 1784 ad-

146 1804 247 1835 hucin
257 1804 440 1841 furore,n0n
449 1810 496 1835 est
507 1804 653 1841 officium,
662 1815 731 1846 quae
739 1803 855 1834 viderit
867 1808 921 1834 aut
929 1803 1103 1844 protulerit,
1105 1803 1256 1845 judicare.
1267 1805 1376 1835 scitum
1384 1807 1524 1846 profecto
1530 1808 1611 1848 pris-

144 1868 213 1890 cum
225 1858 258 1889 id
274 1859 394 1890 dictum
406 1870 412 1888 :
427 1869 518 1900 agere
529 1869 585 1888 sua
595 1869 688 1899 seque
702 1858 802 1898 ipsum
815 1868 1003 1898 cognoscere
1020 1857 1112 1887 solius
1124 1858 1299 1897 prudentiae
1313 1863 1360 1888 est
1371 1869 1460 1899 opus.
1475 1861 1549 1892 hinc
1560 1861 1612 1891 lex

139 1912 231 1954 jubet
245 1913 363 1944 divinis
377 1912 531 1943 vaticiniis
542 1911 665 1953 judices
681 1921 813 1952 praeesse
835 1911 1013 1951 prophetas,
1030 1921 1108 1951 quos
1124 1916 1208 1941 vates
1223 1912 1349 1953 quidam
1371 1914 1547 1951 nominant,
1564 1915 1611 1957 ig-

144 1973 289 1998 norantes
297 1977 420 2007 prorsus
435 1976 488 1996 eos
503 1965 696 1997 oraculorum
706 1965 917 2005 visorumque,
933 1975 1003 2006 quae
1018 1964 1156 1995 obscuris
1177 1966 1382 1998 velaminibus
1397 1968 1608 2007 involvuntur,

142 2020 330 2061 interpretes
345 2030 423 2055 esse,
438 2029 502 2050 non
517 2025 614 2050 vates.
636 2029 731 2060 quare
747 2019 799 2060 qui
816 2018 964 2050 vaticinia
984 2018 1139 2060 judicant,
1155 2029 1219 2050 11011
1233 2025 1320 2051 vates
1334 2021 1380 2052 1111
1396 2022 1534 2063 quidem,
1550 2024 1609 2055 sed

142 2075 313 2115 prophetae,
329 2074 360 2104 id
378 2078 426 2104 est
438 2073 656 2104 vaticiniorum
675 2074 860 2115 interpretes
882 2073 1206 2115 pronuntiatoresque,
1225 2075 1370 2106 vocandi.
1407 2081 1502 2118 atque
1517 2077 1607 2119 jeco-

142 2128 185 2159 ris
200 2128 326 2170 quidem
342 2133 453 2158 natura
469 2127 509 2158 ob
522 2128 603 2159 hanc
619 2138 745 2158 causam
766 2128 837 2158 talis
851 2127 935 2158 facta
955 2132 1049 2158 estet
1063 2127 1096 2158 in
1113 2138 1151 2158 ea
1170 2129 1257 2165 sede,
1274 2139 1337 2170 qua
1352 2130 1497 2167 diximus,
1513 2131 1610 2163 collo-

143 2187 224 2219 cata,
240 2182 441 2213 divinationis
464 2181 583 2213 scilicet
597 2181 704 2223 gratia.
728 2192 765 2213 ac
780 2182 877 2212 etiam
891 2182 1016 2213 vivente
1031 2192 1220 2224 unoquoque
1249 2183 1360 2214 talium
1375 2184 1464 2226 signa
1479 2185 1610 2217 clariora

142 2237 274 2278 exprimi
289 2237 407 2268 solent:
424 2235 492 2267 vita
507 2246 579 2267 vero
594 2236 715 2277 privato
730 2236 857 2267 caecitas
871 2236 997 2272 accidit,
1012 2247 1072 2267 1100
1088 2236 1217 2268 evidens
1232 2237 1401 2279 quicquam
1416 2240 1451 2269 fit
1463 2239 1609 2272 vaticinii

143 2290 277 2331 signum.
298 2291 470 2332 proximum
486 2290 557 2322 huic
573 2291 613 2321 ad
629 2290 782 2321 sinistram
799 2291 934 2322 locatum
958 2296 1006 2322 est
1019 2291 1109 2333 hujus
1126 2292 1226 2332 gratia
1239 2293 1425 2330 membrum,
1441 2299 1477 2324 ut
1490 2304 1606 2335 purum

142 2343 337 2385 hoe'semper
351 2345 531 2386 clarumque
545 2345 668 2381 reddat,
685 2350 718 2376 et
737 2346 835 2375 instar
850 2344 969 2386 speculi
991 2345 1098 2375 nitens
1118 2351 1212 2387 atque
1231 2347 1421 2388 perspicum,
1437 2348 1478 2378 ad
1494 2348 1605 2388 imagi·

142 2408 261 2440 nesque
275 2398 491 2439 exprimendas
507 2399 784 2430 accommodatum.
815 2404 1013 2441 quapropter,
1029 2400 1155 2440 quando
1169 2405 1296 2441 propter
1312 2402 1447 2441 corporis
1462 2402 1604 2433 morbum

145 2453 285 2484 sordibus
295 2453 385 2494 jecur
406 2453 554 2489 abundat,
571 2453 663 2484 lienis
678 2454 783 2484 raritas
805 2453 836 2484 id
853 2463 991 2495 purgans
1005 2463 1058 2484 eas
1078 2454 1237 2490 combibit,
1253 2465 1323 2485 cum
1347 2455 1517 2486 membrum
1544 2456 1605 2488 hoc

141 2517 311 2538 concavum
328 2506 368 2536 sit
383 2511 416 2536 et
429 2516 598 2547 exsangue.
622 2508 706 2538 unde
719 2508 934 2549 purgamentis
960 2507 1122 2548 impletum
1143 2508 1299 2539 excrescit
1318 2513 1479 2550 tumetque
1494 2509 1581 2542 sanie
1595 2521 1605 2548 ;

142 2572 178 2593 ac
193 2572 309 2603 rursus,
321 2571 391 2592 cum
406 2561 593 2592 mundatum
607 2571 720 2602 corpus
734 2567 792 2598 est,
807 2562 983 2593 restrictum
1004 2561 1038 2592 111
1054 2572 1085 2593 se
1101 2561 1202 2603 ipsum
1217 2562 1370 2593 considet.
1404 2563 1491 2600 Quid
1507 2564 1605 2606 igitur

142 2615 245 2646 anima
258 2614 399 2651 mortale,
415 2615 490 2656 quid
505 2615 643 2645 divinum
659 2616 783 2652 habeat,
799 2621 831 2647 et
842 2616 904 2652 ubi,
921 2621 952 2646 et
963 2615 1159 2657 quibuscum,
1170 2621 1202 2646 et
1216 2626 1311 2657 quare
1322 2617 1389 2648 haec
1398 2617 1479 2648 inter
1494 2628 1526 2648 se
1539 2618 1602 2649 dis-

138 2668 250 2710 juncta
264 2668 338 2705 sint,
353 2669 498 2699 diximus.
520 2674 552 2699 at
566 2669 649 2710 quod
664 2679 772 2701 revera
787 2670 831 2701 ita
854 2670 904 2706 sit,
920 2675 955 2701 ut
975 2669 1120 2705 diximus,
1143 2670 1187 2700 ita
1201 2670 1326 2701 demum
1342 2680 1560 2708 assereremus,
1577 2672 1604 2703 si

142 2722 283 2753 divinum
299 2723 494 2754 confirmaret
513 2723 685 2754 oraculum.
705 2724 789 2765 quod
811 2734 883 2755 vero
902 2723 1069 2755 verisimile
1093 2723 1133 2754 sit
1151 2723 1196 2754 ita
1216 2733 1296 2760 esse,
1311 2729 1343 2756 et
1358 2735 1442 2756 nunc
1465 2730 1498 2756 et
1511 2726 1600 2757 dein-

140 2786 215 2817 ceps
229 2776 410 2818 diligentius
433 2776 528 2808 etiam
543 2777 760 2818 investigando
783 2774 958 2809 asseverare
972 2788 1035 2808 non
1060 2777 1250 2809 dubitamus.
1275 2786 1368 2820 atque
1384 2779 1417 2810 in
1433 2780 1602 2820 praesentia

141 2829 187 2860 ita
201 2830 241 2860 sit
259 2831 349 2862 nobis
375 2836 541 2862 assertum:
560 2831 643 2873 quod
669 2837 772 2862 autem
794 2832 862 2863 haec
881 2832 1031 2876 sequitur,
1048 2831 1188 2863 similiter
1214 2837 1261 2863 est
1283 2833 1492 2865 tractandum.
1526 2833 1600 2862 reli-

142 2892 238 2924 quum
253 2888 302 2914 est
315 2884 410 2924 enim,
431 2895 494 2927 qua
514 2885 632 2919 ratione
653 2891 758 2920 cetera
771 2886 908 2930 corporis
930 2886 1067 2919 membra
1081 2886 1203 2929 digesta
1217 2892 1301 2926 sunt,
1316 2896 1470 2920 enarrare.
1491 2886 1596 2929 itaque

232 2937 320 2972 Ptat.
338 2938 391 2971 Tr.
908 2941 956 2976 11.
1448 2943 1468 2972 2
1485 2939 1511 2971 L
