1840 3225
166 219 262 269 664]
395 230 397 233 ⁴
628 219 700 256 DE
733 217 961 256 LEGtBUS
993 219 1092 258 Lm.
1127 219 1176 257 11.
1558 221 1634 256 305

161 323 322 364 voluptate
340 323 609 364 separatumjusto
627 322 700 353 boni
717 323 826 353 adesse
854 323 982 363 potest?
1007 322 1070 358 dic,
1094 323 1234 360 obsecro,
1250 334 1288 353 an
1306 324 1372 354 laus
1397 328 1428 353 ot
1454 322 1549 364 gloria
1566 327 1628 353 tam

163 378 246 419 apud
265 377 405 408 homines
421 387 511 419 quam
528 377 612 418 apud
628 377 716 413 deos,
745 377 859 407 bonum
877 377 1003 418 quidem
1030 382 1076 407 est
1103 383 1195 418 atque
1223 378 1400 414 honestum,
1423 375 1627 419 injucundum

161 433 289 463 autem?
312 432 440 463 infamia
456 442 526 461 vero
541 436 649 461 contra
664 431 674 460 ἓ
700 431 825 461 minime
843 430 993 468 dicemus,
1007 443 1024 461 o
1043 431 1210 473 legislator.
1233 433 1287 462 sed
1305 432 1445 473 injuriam
1463 440 1564 472 neque
1582 431 1629 460 in-

162 487 240 517 ferre
254 497 355 527 neque
379 487 455 527 pati,
472 497 544 516 num
555 485 727 527 jucundum
746 485 869 526 quidem
894 485 943 522 sit,
969 486 1082 515 bonum
1108 497 1179 516 vero
1204 492 1297 527 atque
1322 488 1505 516 honestum:
1527 490 1632 516 cetera

161 546 264 571 autem
276 540 561 582 jucundaquidem,
578 540 679 580 turpia
692 550 761 569 vero
778 545 809 570 et
824 540 903 569 mala
917 540 928 570 ?
952 550 1014 581 quo
1026 545 1119 581 pacto
1135 540 1166 570 id
1184 539 1227 570 ais
1241 540 1252 569 ?
1277 540 1354 569 ratio
1367 539 1470 580 igitur,
1489 550 1558 580 qum
1571 550 1627 569 ne-

161 606 221 636 que
232 595 407 636 jucundum
423 605 439 624 a
450 594 536 636 justo
553 604 653 634 neque
666 594 780 624 bonum
802 599 924 635 separat
939 593 977 624 ab
996 595 1137 630 honesto,
1157 594 1323 634 probabilis
1349 600 1406 630 est,
1423 599 1454 622 et
1470 593 1494 623 si
1512 604 1573 622 non
1589 594 1629 623 ad

162 649 260 688 aliud,
270 654 407 679 attamen
423 649 462 678 ad
479 649 551 685 hoc,
564 653 598 678 ut
609 653 715 679 sancte
725 648 850 690 acjuste
861 650 930 688 quis
944 649 1045 679 vivere
1059 648 1145 685 velit,
1161 648 1290 679 multum
1308 648 1469 679 conducit.
1483 648 1630 688 quocirca

164 703 330 745 legislatori
339 703 513 744 turpissima
522 708 554 733 et
564 703 730 733 admodum
739 703 892 734 contraria
902 703 999 733 oratio
1008 708 1067 745 est,
1080 703 1103 733 si
1112 704 1178 734 haec
1194 703 1238 733 ita
1253 703 1366 733 habere
1381 713 1412 733 se
1423 707 1527 743 neget.
1537 712 1629 733 nemo

162 758 242 789 enim
260 762 371 799 sponte
385 756 417 788 id
435 762 517 798 aget,
532 757 584 788 cui
601 768 663 788 non
682 757 750 798 plus
774 757 891 788 laetitiae
908 768 1001 799 quam
1019 756 1133 788 doloris
1149 757 1241 789 inest.
1266 758 1352 799 quod
1369 767 1440 787 vero
1459 756 1564 797 procul
1580 767 1630 787 as·-

161 811 284 853 picitur,
301 811 454 848 omnibus,
470 817 505 842 ut
520 812 561 842 ita
578 812 692 848 dicam,
708 811 757 842 vel
772 812 849 853 ipsis
863 813 976 853 pueris,
993 812 1195 853 caliginosam
1218 811 1308 842 affert
1323 811 1517 853 vertiginem.
1531 821 1628 852 quare

161 865 313 907 vertigine
330 866 525 907 tenebrisque
542 866 652 897 ablatis
666 866 699 897 in
709 867 895 898 contrarium
911 866 1067 907 legislator
1078 867 1245 907 opiniones
1260 866 1376 897 civium
1394 867 1499 902 ducet,
1516 872 1547 896 et
1562 870 1629 896 tum

162 920 305 951 laudibus
318 925 384 951 tum
400 921 626 952 consuetudine
642 927 705 952 tum
722 921 890 952 rationibus
903 921 1135 963 quodammodo
1156 921 1231 961 ipsis
1247 920 1459 961 persuadebit,
1472 926 1534 950 tam
1546 920 1632 962 justa

161 985 254 1016 quam
267 974 382 1016 injusta
397 985 464 1006 esse
487 975 693 1014 obumbrata;
717 981 811 1017 atque
835 975 947 1018 injusta
971 976 1097 1017 quidem
1121 982 1230 1007 contra
1256 985 1408 1016 apparere
1425 985 1516 1016 quam
1528 974 1628 1016 justa.

163 1039 276 1070 nempe
291 1029 406 1071 injusto
424 1039 460 1060 ac
485 1040 580 1070 pravo
596 1030 736 1071 jucunda
764 1030 873 1065 videri,
899 1031 949 1061 cui
975 1030 1059 1072 justa
1085 1030 1230 1060 videntur
1255 1029 1522 1071 injucundissima.
1542 1029 1628 1071 justo

163 1089 266 1114 autem
282 1089 412 1125 utraque
428 1089 536 1115 contra
550 1085 677 1115 omnino
695 1084 804 1114 videri.
850 1085 927 1115 CLI.
951 1084 1002 1115 Sic
1026 1089 1168 1125 apparet.
1215 1083 1355 1114 Arnim.
1380 1082 1503 1113 Revera
1526 1088 1629 1113 autem

163 1142 261 1168 utram
286 1139 470 1169 sententiam
489 1138 639 1180 potiorem
660 1137 928 1169 existimabimus?
953 1138 1130 1169 meliorisne
1146 1148 1185 1168 an
1202 1137 1364 1168 deterioris
1382 1137 1477 1167 animi
1492 1137 1502 1167 ?
1549 1136 1628 1168 CLr.

162 1191 304 1223 Melioris
330 1192 516 1224 necessario.
562 1192 701 1224 Anum.
725 1192 864 1224 Necesse
889 1198 936 1223 est
960 1192 1054 1233 igitur
1081 1192 1225 1233 injustam
1254 1192 1348 1222 vitam
1372 1202 1435 1222 non
1461 1191 1631 1232 turpiorem

162 1246 260 1276 solum
277 1256 312 1278 ac
330 1247 463 1288 pejorem
474 1247 559 1289 justa
574 1252 743 1289 sanctaque
760 1248 823 1278 vita
838 1257 917 1284 esse,
942 1257 1047 1277 verum
1064 1246 1157 1277 etiam
1174 1246 1433 1288 injucundiorem.
1480 1246 1556 1276 CLI.
1580 1245 1633 1276 Ita

164 1305 246 1331 certe
260 1312 297 1331 ex
324 1301 381 1332 hac
396 1301 529 1341 ratione,
545 1313 563 1332 ο
579 1301 691 1338 amice,
707 1302 841 1333 videtur.
885 1301 1026 1333 ATHEN.
1050 1300 1144 1341 Legis
1160 1301 1265 1341 itaque
1281 1300 1371 1337 lator,
1384 1311 1421 1330 ex
1437 1310 1499 1341 quo
1516 1299 1630 1341 exigua

161 1355 201 1384 sit
214 1362 401 1396 proventura
414 1355 542 1393 utilitas,
557 1356 676 1387 etiarnsi
693 1367 757 1386 non
774 1356 817 1386 ita
832 1356 865 1386 id
880 1366 911 1386 se
923 1356 1060 1402 haberet,
1086 1360 1119 1385 ut
1135 1355 1229 1385 modo
1246 1354 1392 1392 diximus,
1409 1365 1473 1385 non
1490 1354 1629 1385 alienum

127 1421 134 1428 ⁴
162 1413 267 1440 tamen
280 1420 336 1440 sua
351 1410 503 1451 gravitate
518 1416 641 1452 putaret
656 1411 695 1441 ad
706 1410 880 1452 juventutis
897 1410 1064 1440 utilitatem
1082 1409 1159 1440 salso
1176 1409 1307 1451 aliquid,
1324 1410 1349 1439 si
1370 1410 1463 1440 modo
1478 1409 1555 1450 quid
1573 1419 1631 1439 un·

162 1474 254 1505 quam
272 1464 356 1495 aliud
373 1465 450 1495 falso
467 1465 638 1496 dicendum
654 1466 704 1502 sit,
721 1465 825 1496 dicere
839 1477 846 1495 ε
872 1465 1004 1495 maxime
1023 1475 1093 1495 cum
1109 1463 1229 1495 nullum
1255 1464 1452 1495 mendacium
1469 1464 1528 1495 hac
1544 1463 1629 1494 falsi-

162 1524 226 1550 tate
242 1519 347 1550 utilius
364 1520 540 1561 excogitare
556 1520 666 1561 possit,
683 1520 768 1561 quod
784 1519 933 1551 videlicet
961 1520 1004 1549 ita
1020 1520 1138 1550 trahere
1155 1518 1317 1549 audientes
1333 1518 1448 1555 valeat,
1465 1523 1500 1549 ut
1515 1528 1578 1548 non
1602 1518 1634 1548 vi

165 1574 219 1604 sed
236 1580 347 1614 sponte
357 1574 512 1616 justitiam
537 1575 635 1605 velint
651 1575 819 1616 suscipere.
866 1573 944 1604 Cm.
969 1573 1137 1604 Pulchrum
1165 1578 1262 1610 certe,
1289 1583 1307 1603 o
1333 1574 1459 1614 hospes,
1476 1578 1508 1603 et
1522 1572 1634 1603 stabile

166 1628 314 1669 quiddam
338 1635 385 1659 est
409 1629 532 1660 veritas.
572 1629 694 1660 videtur
716 1634 818 1660 autem
843 1628 1026 1670 plerumque
1049 1638 1112 1658 non
1135 1627 1228 1659 facile
1255 1628 1451 1669 persuadere.
1496 1626 1637 1657 Arnum.

167 1683 256 1715 Esto.
281 1689 312 1714 at
327 1682 411 1714 enim
426 1683 548 1714 Sidonii
562 1683 667 1714 fabula
684 1683 749 1719 illa,
777 1683 834 1714 etsi
851 1683 928 1713 nihil
954 1682 1233 1713 verisimilitudinis
1256 1681 1379 1718 habuit,
1404 1681 1496 1713 facile
1519 1680 1634 1711 nihilo-

167 1737 270 1768 minus
286 1738 449 1778 persuasit,
466 1738 598 1779 aliaeque
616 1738 776 1779 permultae
796 1737 947 1768 similiter.
993 1737 1071 1769 CLI.
1095 1737 1293 1774 Quemnam?
1339 1735 1478 1767 Arnen.
1503 1735 1598 1772 Quod
1616 1745 1634 1765 a

167 1791 312 1822 dentibus
327 1791 486 1833 quondam
502 1793 575 1823 satis
590 1792 698 1823 armati
715 1792 826 1824 milites
851 1793 915 1823 nati
930 1791 1004 1823 sint.
1029 1802 1174 1833 magnum
1187 1791 1270 1821 enim
1288 1791 1319 1821 id
1345 1788 1513 1831 legislatori
1530 1799 1634 1820 exem-

167 1846 252 1885 plum
265 1851 322 1883 est,
345 1846 440 1887 [664]
464 1858 557 1888 posse
574 1846 684 1877 animis
703 1847 865 1888 juvenum,
880 1846 1089 1888 quodcunque
1112 1845 1199 1886 velit,
1224 1844 1420 1885 persuadere.
1443 1848 1636 1885 quapropter

167 1900 244 1931 nihil
259 1901 345 1932 aliud
362 1901 490 1932 scrutari
505 1901 610 1937 debet,
625 1912 717 1942 quam
729 1901 843 1942 quibus
858 1902 947 1931 rebus
959 1900 1159 1941 persuasione
1176 1898 1314 1940 acceptis
1331 1898 1498 1928 maximum
1514 1898 1634 1928 bonum

170 1955 311 1985 conferat
327 1956 459 1992 civitati,
485 1956 523 1986 ad
543 1956 636 1997 idque
653 1955 738 1986 omni
755 1955 932 1986 incumbere
949 1954 1065 1990 studio,
1081 1960 1116 1985 ut
1131 1954 1241 1985 civitas
1260 1953 1401 1983 universa
1423 1952 1462 1982 de
1479 1951 1526 1982 his
1543 1952 1633 1983 rebus

168 2019 265 2039 unum
282 2014 376 2051 atque
398 2010 479 2040 idem
508 2020 599 2050 quam
627 2010 759 2040 maxime
783 2020 819 2040 ac
843 2019 966 2050 semper
981 2008 1013 2038 in
1030 2008 1188 2044 cantibus,
1212 2007 1322 2038 fabulis
1339 2014 1371 2038 et
1392 2006 1476 2038 omni
1494 2016 1636 2038 sermone

169 2063 328 2095 decantet.
353 2064 500 2105 equidem
527 2064 571 2094 ita
586 2064 686 2095 sentio
702 2075 708 2093 :
734 2063 757 2094 si
785 2074 856 2101 verp
882 2074 938 2094 vos
960 2063 1060 2099 aliter,
1090 2062 1177 2093 nulla
1201 2061 1319 2093 invidia
1338 2061 1378 2092 sit
1407 2060 1636 2092 contradicere·

169 2116 249 2149 ΟΜ.
272 2117 394 2149 Neuter
407 2124 542 2149 nostrum
560 2129 650 2160 posse
667 2129 805 2159 unquam
831 2119 871 2149 de
888 2118 935 2148 his
951 2118 1092 2148 dubitare
1120 2117 1256 2148 videtur.
1301 2115 1441 2146 ATHEN.
1463 2115 1638 2156 Prosequar

167 2171 261 2213 igitur
276 2183 415 2203 asserens
428 2173 536 2204 choros
552 2183 671 2209 omnes,
688 2173 740 2214 qni
755 2179 815 2203 tres
830 2177 913 2209 sunt,
927 2172 1039 2203 teneris
1055 2172 1158 2203 adhuc
1169 2176 1201 2201 et
1218 2171 1362 2202 mollibus
1380 2180 1542 2211 puerorum
1567 2170 1635 2201 ani-

169 2227 227 2256 mis
243 2231 276 2258 et
287 2227 347 2257 alia
362 2227 456 2264 bona,
483 2238 552 2269 quae
575 2228 722 2264 diximus,
739 2233 769 2258 et
786 2237 979 2268 quaecunque
996 2237 1116 2257 narrare
1138 2226 1303 2267 possimus,
1319 2224 1407 2266 quasi
1424 2224 1637 2254 incantatione

171 2281 307 2321 quadam
322 2281 477 2312 insinuare
495 2288 648 2323 oportere.
672 2287 768 2324 caput
784 2288 886 2313 autem
903 2281 982 2312 illud
998 2281 1049 2317 sit,
1064 2281 1148 2322 quod
1165 2280 1325 2317 videlicet,
1342 2279 1368 2310 si
1389 2279 1483 2309 vitam
1501 2279 1634 2309 eandem

172 2334 319 2375 optimam
337 2340 368 2365 et
389 2336 646 2378 jucundissimam
667 2336 800 2379 judicari
816 2347 834 2367 a
851 2335 922 2367 Diis
938 2335 1166 2372 asseruerimus,
1182 2339 1214 2365 et
1230 2346 1300 2366 vera
1316 2335 1479 2375 loquemur
1494 2338 1526 2364 et
1541 2332 1638 2373 magis

170 2388 244 2425 illis,
257 2388 368 2430 quibus
384 2401 462 2430 opus
477 2395 535 2426 est,
552 2391 817 2431 persuadebimus,
832 2401 925 2432 quam
942 2391 966 2422 si
983 2391 1073 2421 aliter
1089 2390 1275 2421 diceremus,
1321 2389 1398 2420 ΟΜ.
1421 2388 1636 2419 Concedenda

171 2447 256 2478 sunt,
275 2453 344 2483 quae
361 2443 450 2474 dicis.
476 2443 617 2476 Arnas.
640 2446 761 2477 Primus
778 2446 883 2488 itaque
906 2445 1030 2486 puerilis
1048 2444 1209 2475 Musarum
1223 2445 1334 2474 chorus
1350 2444 1416 2474 haec
1432 2441 1571 2473 studiose
1582 2440 1640 2472 toti

174 2495 293 2527 civitati
310 2496 529 2528 decantaturus
545 2498 745 2540 ingrediatur.
784 2501 936 2531 secundus
964 2500 1087 2530 illorum
1111 2499 1232 2533 chorus,
1259 2498 1311 2539 qui
1336 2496 1377 2527 ad
1392 2496 1519 2538 triginta
1539 2505 1640 2537 usque

131 2570 136 2572 -
173 2559 270 2580 annos
295 2552 432 2592 provecti
459 2558 543 2589 sunt,
561 2553 677 2584 Paeana
701 2559 812 2585 testem
838 2555 974 2586 veritatis
999 2555 1150 2585 dictorum
1168 2553 1304 2589 invocet,
1320 2556 1352 2582 et
1372 2550 1547 2593 junioribus
1563 2560 1636 2592 pro-

172 2606 281 2646 pitium
297 2606 480 2648 suppliciter
495 2618 562 2638 esse
580 2614 731 2649 precetur.
749 2609 857 2639 tertius
872 2620 977 2639 eorum
993 2608 1033 2639 sit
1049 2608 1170 2643 chorum
1186 2606 1238 2648 qui
1254 2606 1382 2647 triginta
1394 2616 1492 2635 annos
1508 2605 1588 2636 inter
1603 2609 1636 2635 et

176 2660 334 2700 sexaginta
352 2666 474 2691 aetatem
491 2666 599 2702 agunt.
624 2662 671 2692 his
696 2667 798 2693 autem
822 2663 970 2698 seniores,
986 2662 1059 2704 quia
1075 2672 1138 2692 non
1155 2660 1289 2703 amplius
1305 2659 1344 2691 de
1360 2660 1478 2690 eisdem
1504 2659 1642 2692 moribus

173 2713 292 2745 fabulas
310 2720 454 2756 poterunt
468 2716 648 2752 decantare,
663 2716 866 2747 dimittendos
881 2717 988 2747 divino
1002 2715 1126 2747 oraculo
1143 2725 1316 2746 censemuS.
1361 2713 1438 2745 CLr.
1464 2713 1641 2750 Quosnam,

175 2768 298 2809 hospes,
315 2769 420 2800 tertios
437 2771 492 2800 bos
507 2771 617 2800 choros
637 2771 738 2801 dicis?
763 2781 824 2801 non
839 2771 922 2801 enim
939 2771 1033 2807 clare,
1058 2770 1134 2811 quid
1152 2769 1191 2799 de
1207 2769 1255 2799 his
1271 2768 1375 2799 dicere
1391 2767 1479 2804 velis,
1497 2778 1635 2809 compre-

177 2822 354 2854 hendimus.
397 2823 534 2856 Arum.
559 2825 601 2856 Hi
617 2825 755 2866 profecto
770 2830 853 2861 sunt,
870 2835 1001 2867 quorum
1027 2824 1124 2866 gratia
1147 2823 1280 2865 plurima
1296 2823 1327 2853 in
1343 2822 1551 2865 superioribus
1567 2825 1639 2851 sunt

176 2874 315 2908 inducta.
363 2877 439 2910 Cn.
464 2879 615 2911 Nondum
631 2880 853 2922 intelligemus.
877 2879 1077 2921 quamobrem
1093 2878 1228 2920 apertius
1245 2878 1354 2909 dicito.
1399 2876 1538 2907 Annas.
1562 2874 1639 2906 Dic-

177 2933 240 2960 tum
259 2935 305 2961 est
327 2930 358 2961 in
374 2932 594 2974 disputationis
611 2934 778 2978 principio,
805 2934 830 2965 si
850 2935 1058 2972 recordamur,
1082 2934 1124 2965 ita
1148 2932 1308 2964 ardentem
1326 2932 1476 2974 juvenum
1502 2928 1640 2959 omnium

265 2985 356 3017 Plut.
369 2986 423 3017 Tr.
808 2984 812 2989 ’
945 2988 992 3019 11.
1490 2987 1510 3014 2
1528 2983 1556 3019 Q
