1840 3225
244 157 323 196 276
718 157 985 197 PLATONIS
1015 156 1249 197 TIMAEUS.
1631 161 1698 212 [91

239 259 350 303 paucis
373 259 628 301 perstringemus.
649 261 695 292 sic
717 262 804 293 enim
829 261 955 294 modum
985 261 1020 292 in
1043 263 1101 293 hac
1129 261 1342 303 disputatione
1364 267 1472 293 tenere
1493 262 1554 294 sibi
1567 262 1704 304 quisquo

239 314 409 346 videbitur,
431 325 536 346 verum
550 314 590 346 de
605 315 654 346 his
663 315 731 358 jam
743 315 788 346 ita
800 315 952 346 dicamus.
974 316 1152 358 quicunque
1166 316 1298 346 virorum
1315 316 1423 358 injusti
1437 316 1604 357 timidique
1617 316 1707 346 vixe-

242 373 326 405 runt,
340 368 603 410 quemadmodum
618 370 790 411 probabilis
802 370 882 401 ratio
900 370 992 401 nobis
1022 370 1174 406 ostendit,
1187 369 1221 400 in
1236 370 1439 411 generatione
1453 370 1593 401 semmda
1611 370 1646 401 iu
1660 370 1707 400 fe-

244 422 348 454 minas
362 427 434 453 sunt
445 423 598 459 conversi,
615 423 691 467 [91]
707 434 770 466 quo
784 424 910 465 quidem
926 429 1067 465 tempore
1081 425 1164 456 hanc
1182 424 1222 455 ob
1237 434 1365 455 causam
1386 423 1442 455 Dii
1455 424 1555 455 coitus
1570 433 1710 456 amorem

243 476 417 508 machinati
438 482 521 508 sunt.
541 477 638 519 igitur
658 478 692 508 in
709 478 784 509 viris
809 489 906 509 unum
927 478 1089 520 quiddam,
1103 479 1137 509 in
1159 478 1287 509 feminis
1302 479 1432 509 alterum
1452 479 1524 509 vitae
1547 483 1581 509 et
1594 479 1708 509 animae

244 541 374 572 compos
385 531 431 562 ita
445 538 688 573 composuerunt
701 544 707 563 :
727 533 829 573 ipsum
848 539 942 574 potus
964 533 1148 569 discursum,
1164 542 1226 574 quo
1250 543 1307 574 per
1321 533 1487 574 pulmones
1501 532 1558 563 sub
1572 542 1665 563 renes
1676 533 1711 563 in

242 585 378 617 vesicam
391 585 533 617 defluens
547 593 580 617 et
595 587 718 628 spiritui
738 588 855 618 mixtus
870 588 1029 629 elisusque
1057 586 1260 628 depromitur,
1276 587 1334 618 Dii
1347 587 1381 618 in
1406 587 1517 617 fistulae
1531 587 1660 618 modum
1674 587 1710 617 in

244 645 439 680 compactam
454 640 626 672 medullam
641 652 660 672 a
672 641 776 683 capite
788 652 845 683 per
861 642 1016 673 cervicem
1032 647 1064 673 et
1085 642 1209 683 spinam
1225 642 1462 672 derivaverunt:
1480 640 1565 683 quod
1579 641 1709 682 quidem

244 704 379 734 sperma,
392 694 424 725 id
441 699 490 725 est
505 705 624 732 semen,
638 697 671 727 in
689 697 901 738 superioribus
921 697 1180 738 nuncupavimus.
1202 697 1260 728 hoc
1284 702 1400 733 autem,
1417 701 1524 736 utpote
1537 695 1710 726 animatum

244 757 283 779 ac
297 748 465 790 respirans,
479 760 542 791 qua
555 756 644 791 parte
662 751 769 792 spirat,
786 761 842 792 per
854 752 989 782 eandem
1004 751 1099 781 vitale
1116 750 1265 781 effluendi
1279 749 1471 781 desiderium
1486 749 1597 791 gignit,
1614 755 1710 791 atque

245 801 292 833 ita
308 803 480 843 generandi
506 814 643 835 amorem
657 805 748 835 nobis
770 805 912 836 inseruit.
933 806 1079 847 quocirca
1102 805 1321 846 pudendorum
1342 810 1461 835 naturae
1478 804 1510 834 in
1526 804 1599 834 viris
1616 804 1713 834 insita

244 856 294 888 vis
308 857 494 888 inobediens
505 864 599 899 atque
614 859 793 900 imperiosa,
809 864 842 889 et
852 860 941 900 quasi
953 860 1070 890 animal
1085 870 1145 890 non
1160 858 1330 889 exaudiens
1342 859 1509 894 rationem,
1523 858 1710 888 furiosarum

244 910 413 942 libidinum
425 912 575 943 violentia
582 912 736 953 subjicere
750 913 810 943 sibi
822 919 935 944 cuncta
950 919 1091 944 conatur.
1109 913 1203 943 vulva
1210 923 1334 955 quoque
1345 913 1520 954 matrixque
1536 912 1572 942 in
1582 912 1710 942 feminis

246 965 360 995 eadem
385 966 506 997 ratione
527 967 643 997 animal
667 966 792 998 avidum
813 968 997 1008 generandi,
1012 967 1138 1009 quando
1160 968 1271 1009 procul
1288 977 1307 998 a
1325 967 1402 997 foetu
1415 976 1472 1008 per
1485 966 1588 997 aetatis
1602 966 1713 997 florem

247 1023 302 1050 aut
314 1019 396 1050 ultra
418 1019 534 1051 diutius
560 1022 731 1058 detinetur,
745 1032 826 1062 aegre
851 1022 912 1053 fert
930 1032 1052 1053 moram
1074 1031 1110 1052 ac
1132 1021 1301 1063 plurimum
1322 1020 1514 1062 indignatur,
1530 1020 1711 1062 passimque

245 1082 303 1114 per
317 1083 430 1114 corpus
445 1074 592 1106 oberrans
606 1080 728 1106 meatus
741 1076 867 1117 spiritus
888 1076 1082 1112 intercludit,
1098 1076 1250 1117 respirare
1269 1086 1334 1107 non
1353 1075 1438 1111 sinit.
1453 1075 1603 1105 extremis
1616 1078 1714 1105 vexat

245 1127 539 1168 angustiis,'morbis
557 1128 694 1170 denique
711 1130 856 1161 omnibus
880 1131 1006 1171 premit,
1020 1141 1181 1173 quousque
1205 1136 1404 1171 utrorumque
1421 1128 1538 1171 cupido
1562 1138 1711 1170 amorque

245 1181 335 1222 quasi
346 1192 385 1213 ex
401 1182 686 1214 arboribussfoetum
698 1184 870 1215 fructumve
891 1185 1088 1226 producunt:
1106 1186 1207 1227 ipsum
1221 1183 1338 1215 deinde
1353 1183 1537 1225 decerpunt,
1552 1189 1585 1214 et
1596 1183 1630 1214 in
1642 1193 1715 1215 ma-

243 1235 353 1267 tricem
370 1237 457 1267 velut
467 1247 577 1279 agrum
591 1237 787 1279 inspargunt.
808 1239 881 1270 hinc
897 1240 1046 1270 animalia
1059 1240 1190 1281 primum
1204 1239 1293 1275 talia,
1311 1244 1345 1269 ut
1358 1248 1418 1269 nec
1433 1243 1560 1279 propter
1573 1238 1714 1279 parvita-

243 1295 310 1321 tem
323 1290 490 1322 videantur
507 1291 642 1323 necdum
658 1302 832 1334 appareant
845 1294 988 1331 formata,
1005 1294 1188 1335 concipiunt
1202 1306 1208 1323 :
1227 1304 1307 1329 mox,
1324 1303 1394 1334 quae
1415 1292 1639 1328 conflaverant,
1654 1302 1711 1323 ex-

243 1344 376 1385 plicant,
391 1345 533 1386 ingentia
549 1347 631 1377 intus
645 1347 815 1384 enutriunt,
831 1348 956 1379 demum
972 1348 1111 1379 educunt
1136 1349 1170 1378 in
1187 1349 1302 1383 lucem,
1319 1346 1562 1387 animaliumque
1577 1356 1710 1388 genera-

243 1398 366 1431 tionem
381 1399 558 1441 perficiunt.
579 1402 728 1432 mulieres
745 1402 828 1433 hunc
845 1402 878 1433 in
909 1401 1036 1432 modum
1053 1408 1085 1433 et
1103 1402 1227 1432 feminae
1244 1411 1353 1432 omnes
1368 1406 1441 1431 sunt
1456 1400 1583 1442 genitae.
1606 1401 1713 1432 avium

247 1458 352 1485 autem
369 1463 469 1495 genus
484 1464 524 1485 ex
538 1460 645 1486 nostro
659 1456 703 1486 ita
717 1462 766 1486 est
785 1461 858 1497 apte
874 1455 1050 1492 formatum,
1063 1461 1099 1486 ut
1113 1466 1170 1497 pro
1186 1456 1260 1497 pilis
1274 1465 1396 1496 pennas
1412 1455 1581 1495 acciperet,
1603 1455 1637 1486 in
1652 1455 1716 1487 hoc

242 1507 293 1539 illi
309 1508 451 1539 homines
471 1514 645 1546 transeunt,
662 1510 715 1550 qui
736 1510 897 1551 simplices
918 1514 951 1540 et
973 1510 1160 1541 innocentes
1180 1520 1250 1540 cum
1276 1509 1349 1545 sint,
1365 1509 1452 1540 leves
1467 1513 1574 1539 tamen
1590 1514 1663 1540 sunt
1679 1514 1715 1540 et

242 1560 356 1594 frustra
371 1563 405 1593 in
427 1563 521 1593 rebus
534 1564 719 1595 sublimibus
732 1563 844 1595 curiosi
859 1575 865 1594 :
884 1564 978 1604 quive
990 1564 1070 1594 adeo
1087 1564 1165 1594 fatui
1180 1569 1263 1599 sunt,
1277 1569 1313 1593 ut
1326 1563 1486 1594 oculorum
1498 1561 1620 1604 judicio
1635 1572 1716 1594 con·
1745 1567 1749 1573 '

245 1616 298 1648 fici
309 1617 368 1647 hoc
381 1617 533 1648 altissima
548 1628 680 1659 quaeque
695 1619 825 1649 firmiter
837 1617 1043 1649 demonstrari
1054 1628 1148 1659 posse
1162 1628 1227 1648 nen
1240 1617 1395 1648 dubitent.
1418 1616 1624 1658 gressibilium
1637 1628 1714 1650 vero

244 1670 381 1702 ferarum
396 1681 495 1712 genus
511 1682 550 1702 ex
566 1672 615 1704 his
629 1678 736 1703 natum
752 1672 938 1708 hominibus,
955 1672 1009 1714 qui
1024 1682 1043 1702 a
1055 1673 1255 1714 philosophia
1267 1672 1396 1713 penitus
1408 1671 1505 1702 alieni
1517 1671 1559 1702 ad
1573 1672 1717 1704 coelestia

245 1734 407 1767 nunquam
431 1726 538 1756 oculos
553 1733 729 1763 erexerunt,
744 1737 784 1757 ex
811 1737 850 1757 eo
876 1726 963 1768 quod
988 1727 1197 1758 volutionibus
1220 1728 1294 1763 illis,
1318 1737 1388 1768 quae
1414 1726 1447 1756 in
1473 1725 1577 1767 capite
1604 1726 1718 1768 peragi

245 1779 359 1815 solent;
385 1779 434 1809 usi
461 1788 622 1820 nunquam
652 1786 736 1816 sunt,
767 1781 825 1812 sed
858 1781 931 1812 illas
958 1781 1071 1812 animae
1107 1787 1213 1823 partes
1243 1781 1354 1817 secuti,
1378 1790 1448 1823 quae
1473 1780 1506 1811 in
1533 1785 1644 1812 ventre
1679 1786 1716 1812 et

245 1840 374 1875 pectore
402 1832 612 1865 dominantur.
633 1845 672 1865 ex
695 1835 744 1865 his
767 1836 877 1876 utique
907 1835 1020 1866 studiis
1044 1836 1200 1867 anteriora
1223 1835 1364 1866 membra
1387 1839 1420 1865 et
1445 1834 1552 1875 capita
1588 1834 1628 1866 ob
1658 1835 1714 1876 ip-

244 1897 311 1919 sam
339 1888 558 1928 cognationem
585 1889 672 1919 humi
702 1889 830 1930 penitus
861 1889 1038 1921 defixerunt
1052 1901 1059 1920 ε
1089 1890 1123 1920 in
1163 1891 1290 1932 longum
1318 1889 1506 1930 productum
1540 1898 1577 1919 ac
1604 1888 1718 1920 diver·'

247 1947 317 1974 su'm
345 1942 482 1984 corporis
510 1943 662 1974 verticem
693 1949 834 1980 tenuere,
859 1943 935 1985 [92]
961 1944 1217 1986 quandoquidem
1239 1945 1283 1975 ibi
1306 1948 1434 1985 propter
1464 1941 1620 1973 desidiam
1647 1943 1715 1974 sin-

245 1996 390 2037 gulorum
421 1997 525 2027 collisi
555 2002 629 2028 suut
658 2002 690 2028 et
720 1998 873 2029 confracti
901 1998 1060 2034 circuitus,
1089 2003 1123 2029 et
1157 1998 1242 2034 ideo,
1265 1997 1350 2039 quod
1379 2001 1512 2039 quatuor
1540 1997 1659 2038 pedum
1674 2007 1715 2028 ac

245 2049 342 2080 etiam
363 2050 500 2091 plurium
514 2056 562 2082 est
581 2051 727 2082 instituta
754 2052 863 2093 figura,
879 2057 914 2082 ut
936 2052 1206 2093 insipientioribus
1233 2052 1330 2083 Deus
1359 2051 1561 2093 majoremex
1574 2050 1718 2091 pedibus

244 2103 351 2134 multis
373 2109 466 2145 atque
491 2115 654 2145 progressu
679 2105 877 2135 occasionem
889 2111 1026 2146 praestet,
1042 2116 1098 2147 per
1109 2114 1204 2146 quam
1217 2105 1319 2146 magis
1334 2105 1432 2135 etiam
1444 2104 1654 2135 deflectantur
1667 2103 1710 2135 ad

242 2162 369 2189 terram.
392 2168 447 2188 eos
470 2164 586 2194 autern.
607 2159 661 2199 qui
685 2160 795 2190 horum
817 2159 1068 2200 insipientissimi
1084 2165 1185 2195 erant,
1200 2169 1375 2200 corpusque
1400 2158 1433 2189 in
1449 2164 1565 2188 terram
1579 2158 1710 2200 penitus

244 2212 496 2252 prosternebant,
519 2213 609 2253 quasi
632 2212 709 2242 nihil
733 2214 816 2243 ultra
838 2213 972 2254 pedibus
993 2224 1070 2254 opus
1088 2213 1178 2249 soret,
1191 2213 1224 2244 in
1240 2222 1369 2254 corpora
1378 2213 1517 2243 carentia
1530 2211 1664 2252 pedibus
1677 2217 1712 2244 et

245 2265 333 2296 humi
344 2266 502 2306 serpentia
514 2272 742 2309 permutarunt.
764 2273 907 2309 quartum
924 2277 1024 2308 genus
1037 2268 1213 2309 aquaticum
1230 2272 1290 2303 est,
1303 2277 1341 2298 ex
1354 2266 1418 2297 illis
1434 2271 1555 2302 natum,
1571 2267 1626 2308 qui
1645 2272 1715 2298 sto⁴

245 2319 390 2350 lidissimi
405 2325 438 2350 et
451 2320 676 2361 imperitissimi
691 2321 815 2352 fuerant
830 2333 837 2351 :
863 2332 940 2363 quos
951 2322 1049 2353 nostri
1060 2322 1108 2352 illi
1124 2321 1392 2352 transformatores
1412 2330 1493 2362 pura
1505 2321 1712 2362 respiratione

244 2373 354 2415 dignos
379 2374 493 2405 iccirco
515 2385 578 2405 non
587 2375 820 2417 judicaverunt,
843 2377 1054 2418 quiapropter
1081 2382 1227 2408 extremae
1244 2375 1496 2417 transgressionis
1509 2375 1712 2416 iniquitatem

243 2428 382 2460 animam
392 2429 639 2470 impurissimam
649 2441 769 2471 prorsus
777 2431 944 2461 habebant.
967 2430 1038 2461 ideo
1049 2441 1086 2461 ex
1101 2430 1188 2461 tenui
1203 2441 1238 2461 ac
1251 2440 1329 2471 pura
1341 2429 1422 2462 a'eris
1434 2429 1489 2460 illa
1501 2429 1715 2471 respiratione

243 2482 278 2513 in
289 2493 379 2525 aquae
395 2483 630 2524 respirationem
646 2485 832 2525 profundam
848 2485 1066 2526 turbidamque
1082 2490 1267 2516 mersemnt.
1288 2485 1372 2515 unde
1386 2483 1522 2526 piscium
1537 2489 1571 2514 et
1593 2488 1712 2514 ostrea-

244 2547 315 2568 rum
327 2547 364 2568 ac
380 2537 517 2579 denique
534 2539 719 2580 aquatilium
734 2539 875 2570 omnium
888 2545 955 2571 orta
969 2546 1018 2570 est
1031 2540 1201 2571 multitudo
1217 2551 1224 2569 :
1250 2540 1282 2570 in
1298 2549 1362 2581 qua
1372 2544 1459 2570 certe
1475 2537 1648 2568 mutatione
1664 2537 1715 2568 illi

243 2600 283 2621 ex
308 2591 432 2622 sedium
455 2598 664 2624 extremarum
686 2593 879 2624 habitatione
901 2594 1032 2625 inscitiae
1045 2605 1168 2636 quoque
1184 2600 1331 2626 extremas
1345 2592 1423 2623 dant
1433 2601 1552 2633 poenas.
1575 2591 1658 2622 huuc
1671 2592 1710 2622 in>

242 2644 370 2675 modum
396 2651 429 2676 et
450 2647 526 2677 olim
549 2652 583 2678 et
604 2657 688 2679 nunc
709 2648 741 2678 in
756 2658 789 2679 se
803 2648 939 2680 invicem
952 2649 1100 2680 animalia
1114 2649 1260 2690 migrant,
1273 2647 1348 2679 dum
1362 2646 1476 2677 mentis
1490 2651 1523 2676 et
1537 2645 1707 2677 demeufiae

235 2698 362 2740 jactura
395 2700 444 2730 vel
469 2700 639 2742 adeptione
662 2707 833 2734 mutantur.
876 2703 952 2737 Jam
975 2703 1067 2744 igitur
1089 2709 1194 2735 nostra
1216 2704 1284 2734 haec
1307 2703 1348 2732 de
1371 2700 1514 2732 universo
1538 2699 1711 2741 disputatio

245 2753 341 2785 finem
352 2754 476 2785 habeat.
497 2756 642 2786 mortalia
655 2757 740 2788 enim
755 2763 787 2788 et
799 2758 988 2790 immortalia
1002 2758 1141 2790 viventia
1155 2757 1286 2789 mundus
1302 2756 1352 2787 hic
1367 2755 1506 2790 sortitus,
1523 2759 1617 2794 atque
1631 2753 1708 2784 inde

244 2808 430 2850 completus,
445 2808 490 2838 ita
510 2808 647 2851 denique
663 2811 767 2843 factus
786 2818 835 2843 est
846 2812 968 2844 visibile
985 2813 1119 2844 visibilia
1135 2811 1402 2855 comprehendens
1415 2809 1542 2844 animal,
1555 2807 1709 2850 intelligi-

248 2862 322 2894 bilis
344 2862 409 2894 Dei
429 2863 548 2904 imago,
571 2865 741 2901 sensibilis,
763 2868 926 2905 maximus,
950 2867 1179 2905 interminatus,
1205 2865 1442 2910 pulcherrimus,
1463 2862 1710 2906 perfectissimus

247 2919 364 2951 coelum
376 2928 473 2951 unum
489 2919 548 2951 hoc
562 2924 655 2962 atque
670 2920 877 2964 unigenitum.
