1840 3225
88 227 185 277 484]
494 227 567 265 DE
598 223 904 264 REPUBLICA
936 224 1034 263 ΜΒ,
1066 225 1134 264 VI.
1478 229 1554 266 165

91 329 164 361 Gna
172 341 205 363 υ.
230 331 316 364 Non.
341 332 395 363 sed
413 341 540 364 necesse
556 338 602 362 est
618 330 748 372 pulchra
763 330 833 370 ipsa
857 334 888 360 et
904 330 1005 371 turpia
1019 335 1051 361 ct
1076 335 1278 372 quotcunque
1294 331 1356 363 alia
1371 332 1554 375 interrogas,

89 394 250 426 apparere.
294 387 350 419 So.
375 386 460 423 Quid
485 385 581 415 multa
606 384 729 426 dupla?
753 395 826 414 num
859 384 958 414 minus
985 383 1115 414 dimidia
1141 395 1233 425 quam
1259 386 1356 426 dupla
1383 387 1553 419 videntur?

88 436 202 470 GLAU.
229 439 337 470 Nihilo
355 441 464 470 minus.
509 439 564 471 So.
589 438 634 468 Et'
654 449 765 479 magna
780 439 905 479 insuper
921 443 951 468 et
976 449 1080 478 parva,
1098 439 1177 469 levia
1197 439 1269 470 item
1296 445 1326 471 et
1343 442 1456 482 gravia,
1474 453 1554 472 nun-

89 492 164 532 quid
182 494 277 534 magis
303 495 376 524 talia
399 504 490 535 quam
518 493 670 524 contraria
694 493 907 523 vocabuntur?
958 492 1075 523 GLAu.
1098 493 1184 524 Non.
1209 494 1263 524 scd
1289 495 1409 535 singula
1434 502 1554 536 semper

89 550 220 587 utraque
236 547 477 588 participabunt.
523 547 580 577 So.
605 546 716 577 Utrum
742 551 789 577 est
816 546 923 587 magis,
941 556 1033 586 quam
1062 557 1124 575 non
1141 551 1199 587 est,
1216 550 1458 590 unumquodque
1477 550 1556 581 mul-

90 603 190 631 torum
216 601 261 641 id,
276 603 376 642 ipsum
401 602 487 643 quod
514 601 583 642 quis
609 601 684 631 illud
711 611 777 632 esse
802 601 904 631 dicit?
951 599 1064 630 GLAU.
1088 600 1196 630 Simile
1220 601 1278 632 hoc
1302 607 1348 632 est
1374 604 1421 638 iis,
1437 612 1507 646 qua?
1523 605 1555 635 in

90 654 241 684 conviviis
264 655 303 684 ad
330 659 491 696 utramque
517 660 634 696 partem
659 654 841 696 plerumque
866 654 1023 690 dicuntur,
1048 658 1079 684 et
1104 654 1261 694 aenigmati
1288 665 1450 696 puerorum
1475 659 1556 689 circa

90 708 267 739 eunuchum
284 709 324 741 de
350 709 580 751 vespertilionis
609 709 818 750 percussione,
835 709 993 750 quomodo
1009 713 1041 739 et
1068 707 1099 737 in
1126 718 1189 749 quo
1206 708 1291 739 illum
1309 719 1396 740 avem
1422 718 1558 752 arguunt

89 762 287 801 percussisse.
311 763 378 794 haec
394 764 477 794 enim
495 763 639 804 ambigua
655 768 727 793 sunt
743 775 749 793 :
776 773 878 804 neque
893 773 960 793 esse
983 772 1085 803 neque
1108 772 1170 792 non
1189 772 1255 792 esse
1271 763 1408 804 ipsorum
1425 764 1557 806 aliquid,

87 824 191 856 neque
206 822 337 858 utraque
352 827 455 858 neque
472 823 582 848 neutra
604 816 732 847 firmiter
747 815 928 857 responderi
946 820 1060 856 potest.
1105 815 1161 845 So.
1186 815 1344 853 Habesne,
1360 827 1421 858 qua
1438 819 1557 850 ratione

84 869 152 900 istis
168 870 286 900 utaris?
311 871 358 902 vel
375 870 663 902 convenientiorem
681 870 867 911 positionem
891 871 1018 900 istorum
1035 869 1183 900 inducere
1207 875 1296 910 potes
1313 881 1405 912 quam
1423 873 1555 904 mediam

85 923 167 954 inter
182 925 346 955 essentiam
361 930 394 956 et
409 936 472 955 non
488 925 580 956 esse?
595 935 699 966 neque
715 925 798 955 enim
815 924 974 955 obscurior
989 934 1081 964 quam
1098 933 1161 953 non
1179 934 1234 954 ens
1249 925 1413 966 apparebit
1428 927 1466 956 ad
1485 927 1556 964 hoc,

89 983 125 1008 ut
141 978 241 1009 minus
257 978 317 1009 sit:
343 990 445 1020 neque
459 979 570 1010 clarior
584 989 676 1019 quam
692 989 747 1009 ens
763 979 801 1008 ad
818 979 891 1012 hoc,
909 983 943 1007 ut
959 977 998 1007 sit
1015 977 1123 1018 magis,
1169 976 1283 1008 GLAu.
1308 978 1393 1009 Vera
1414 979 1559 1021 loqueris.

88 1032 144 1063 So.
169 1032 349 1063 Invenimus
363 1033 469 1074 igitur,
486 1038 520 1063 ut
546 1032 679 1068 videtur,
697 1033 781 1073 quod
806 1032 904 1062 multa
930 1032 995 1071 illa,
1020 1041 1091 1072 quae
1114 1042 1132 1061 a
1156 1031 1260 1061 multis
1285 1033 1413 1073 pulchra
1430 1040 1484 1064 aut
1498 1034 1560 1065 alia

89 1097 217 1128 quoquo
236 1088 328 1118 modo
345 1087 570 1126 existimantur,
587 1086 690 1117 media
714 1086 794 1116 inter
808 1086 936 1116 omnino
953 1096 1008 1116 ens
1023 1091 1054 1115 et
1071 1085 1198 1116 omnino
1222 1096 1285 1117 non
1300 1097 1356 1117 ens
1379 1088 1558 1119 volvuntur.

91 1140 208 1171 GLAu.
232 1140 412 1172 Invenimus
427 1141 530 1182 plane.
569 1141 624 1173 So.
648 1140 793 1172 Confessi
808 1145 910 1170 autem
923 1144 1014 1170 antea
1027 1139 1192 1177 fueramus,
1204 1140 1288 1181 quod
1301 1140 1325 1171 si
1340 1141 1414 1182 quid
1429 1142 1490 1172 tale
1503 1153 1558 1183 ap·

89 1194 236 1235 paruerit,
252 1205 315 1225 non
331 1195 511 1237 cognitione
525 1195 577 1226 sed
591 1194 740 1235 opinione
753 1194 869 1235 percipi
881 1194 1049 1224 dicendum
1066 1205 1073 1223 z
1091 1199 1204 1224 etcum
1218 1194 1351 1225 medium
1363 1201 1559 1236 pervagetur,

90 1249 193 1279 media
209 1249 431 1289 comprehendi
457 1249 610 1290 potentia.
655 1247 769 1279 GLAU.
793 1247 986 1278 Concessum
1011 1248 1082 1279 suit.
1128 1247 1184 1279 So.
1210 1248 1273 1278 Eos
1298 1249 1403 1289 igitur,
1418 1250 1471 1290 qui
1490 1249 1559 1290 pul-

88 1302 162 1333 chra
177 1303 244 1332 haec
260 1302 358 1333 multa
385 1303 595 1344 conspiciunt,
612 1303 714 1343 ipsum
744 1312 813 1332 vero
841 1302 1005 1343 pulchrum
1029 1312 1092 1331 non
1119 1301 1239 1339 vident,
1255 1313 1357 1344 neque
1384 1304 1471 1344 sequi
1486 1314 1558 1334 eum

91 1360 232 1396 possunt,
260 1355 315 1398 qui
342 1357 381 1387 ad
406 1356 506 1397 ipsum
534 1357 640 1393 ducat,
669 1360 700 1387 et
726 1356 824 1386 multa
851 1360 1040 1386 contuentur
1058 1355 1156 1396 justa,
1183 1356 1284 1397 ipsum
1311 1362 1414 1387 autem
1437 1356 1558 1397 justum

89 1408 229 1446 minime,
244 1415 277 1441 et
299 1410 360 1440 alia
386 1411 538 1446 similiter,
554 1411 676 1452 opinari
703 1415 819 1442 cuncta
843 1410 995 1447 dicemus,
1019 1420 1208 1451 cognoscere
1230 1415 1333 1440 autem
1357 1410 1434 1440 nihil
1453 1421 1559 1441 eorum

89 1474 161 1505 quae
185 1464 365 1505 opinantur.
409 1464 523 1496 GLAu.
547 1465 686 1496 Necesse
708 1470 768 1495 est.
812 1465 867 1495 So.
892 1464 979 1501 Quid
1003 1475 1068 1499 eos,
1092 1464 1146 1506 qui
1170 1463 1239 1505 ipsa
1262 1474 1395 1505 quaeque
1419 1471 1560 1495 contem-

89 1517 225 1558 plantur,
252 1528 374 1560 semper
399 1520 510 1549 eodem
539 1519 634 1549 modo
661 1519 832 1550 secundum
860 1519 969 1549 eadem
997 1529 1029 1549 se
1059 1518 1217 1558 habentia,
1242 1528 1346 1549 nonne
1371 1528 1560 1559 cognoscere

90 1572 196 1613 potius
221 1582 315 1614 quam
346 1573 492 1614 opinari?
538 1573 654 1606 GLAU.
677 1573 817 1604 Necesse
844 1578 892 1604 est
916 1579 949 1604 et
974 1572 1046 1604 ista.
1091 1573 1148 1604 So.
1173 1572 1288 1602 Nonne
1314 1582 1416 1602 amare
1444 1573 1499 1602 hos
1527 1577 1560 1603 ct

89 1626 232 1657 admirari
259 1627 318 1658 ista
343 1627 494 1664 dicemus,
518 1627 550 1657 in
578 1628 692 1669 quibus
719 1634 856 1658 versatur
870 1628 1032 1669 cognitio:
1055 1627 1124 1657 illos
1149 1632 1264 1662 autem,
1284 1625 1381 1668 [480]
1398 1625 1428 1656 in
1446 1626 1559 1666 quibus

91 1679 200 1720 opinio
216 1680 227 1710 ?
249 1691 287 1711 an
305 1691 367 1711 non
385 1682 580 1712 recordamur
594 1683 680 1724 quod
697 1693 788 1713 voces
805 1687 837 1713 et
851 1682 970 1713 colores
982 1682 1132 1723 quosdam
1146 1686 1177 1711 et
1188 1680 1260 1711 talia
1271 1681 1414 1721 quaedam
1427 1680 1560 1710 diximus

88 1734 183 1764 hosce
209 1734 340 1776 diligere
365 1741 398 1765 et
423 1735 548 1771 intueri,
576 1736 677 1777 ipsum
701 1747 772 1767 vero
802 1735 964 1777 pulchrum
992 1741 1026 1766 ut
1055 1735 1172 1776 aliquid
1201 1735 1252 1771 sit,
1279 1745 1341 1764 non
1370 1734 1558 1764 admittere?

90 1786 206 1818 GLAU.
230 1788 455 1820 Recordamur.
509 1789 566 1821 So.
592 1790 696 1828 Quare
728 1801 791 1820 non
819 1790 1039 1825 aberrabimus.
1066 1789 1092 1820 si
1121 1790 1195 1819 istos
1225 1789 1422 1830 philodoxos‚
1450 1788 1481 1818 id
1512 1793 1560 1819 est

89 1841 247 1882 opinionis
262 1843 390 1880 amicos,
407 1844 510 1884 potius
537 1854 629 1885 quam
655 1844 858 1886 philosophos
882 1844 1130 1885 appellabimus3
1153 1852 1330 1884 quanquam
1356 1842 1466 1873 acriter
1488 1852 1558 1872 suc-

88 1895 263 1926 censebunt
287 1898 387 1933 nobis,
405 1898 429 1928 si
446 1899 488 1928 ita
512 1897 690 1929 dixerimus.
735 1898 852 1929 GLAu.
876 1898 962 1932 Non,
980 1898 1006 1928 si
1034 1897 1107 1927 mihi
1131 1901 1268 1938 pareant.
1292 1905 1362 1925 nam
1379 1906 1452 1926 vero
1468 1895 1559 1926 irasci

91 1949 179 1980 nefas
194 1954 252 1980 est.
296 1950 351 1981 So.
376 1952 488 1993 Itaque
514 1963 578 1983 eos,
601 1952 656 1992 qui
671 1952 774 1993 ipsum
791 1953 1037 1993 unumquodque
1054 1961 1109 1992 per
1124 1961 1156 1981 se
1178 1961 1233 1980 ens
1257 1950 1447 1979 admirantur
1462 1954 1494 1980 ct
1509 1948 1558 1979 di-

90 2002 204 2044 ligunt,
220 2003 434 2046 philosophoS,
452 2016 515 2036 non
533 2006 718 2047 philodoxos
735 2007 926 2038 vocabimus.
973 2006 1086 2037 GLAu.
1108 2005 1158 2035 Ita
1175 2005 1278 2037 decet.

645 2260 871 2310 LIBER
907 2260 1000 2309 Vl.

89 2477 188 2519 [484]
214 2476 354 2514 QUALts
382 2477 560 2519 philosophi
585 2478 658 2515 sint,
674 2484 705 2510 et
728 2479 837 2521 quales
863 2479 917 2520 qni
933 2479 1027 2510 alieni
1051 2489 1069 2509 a
1094 2478 1303 2520 philosophia,
1319 2491 1338 2511 o
1354 2479 1490 2520 Glauco,
1505 2480 1556 2512 vix

89 2531 216 2562 tandem
233 2531 327 2572 longa
341 2531 481 2562 oratione
497 2532 647 2563 constitit.
691 2533 805 2566 GLAu.
830 2534 925 2564 Haud
943 2534 1022 2565 forte
1037 2533 1128 2564 facile
1143 2534 1202 2564 hoc
1215 2539 1280 2564 erat
1292 2533 1491 2575 paucioribus
1504 2546 1558 2566 ex-

89 2584 218 2626 plicare.
278 2585 334 2617 So.
360 2585 448 2626 Non,
478 2591 513 2616 ut
542 2593 683 2627 apparet.
712 2588 834 2629 planius
862 2599 934 2619 vero
964 2588 1009 2627 id,
1040 2592 1076 2617 ut
1104 2587 1243 2625 arbitror,
1268 2587 1417 2623 eluceret,
1443 2588 1468 2618 si
1500 2589 1560 2620 hoc

90 2639 243 2670 duntaxat
257 2645 451 2670 enarraturus
478 2650 588 2676 essem,
606 2651 708 2682 neque
735 2652 790 2683 per
814 2641 875 2672 alia
900 2642 997 2671 multa
1012 2645 1233 2682 pervagaturus
1261 2641 1300 2672 ad
1317 2641 1558 2683 inspiciendum,

88 2702 152 2733 quo
169 2693 233 2723 vita
253 2693 341 2735 justa
365 2693 488 2724 differat
504 2694 543 2724 ab
569 2694 698 2736 injusta.
742 2696 858 2728 GLAu.
883 2696 969 2733 Quid
988 2695 1117 2736 posthac
1142 2694 1232 2725 nobis
1257 2700 1351 2726 restat
1375 2696 1557 2736 agendum?

89 2746 146 2778 So.
173 2747 259 2784 Quid
282 2747 366 2778 aliud
394 2757 486 2788 quam
513 2749 598 2789 quod
627 2750 776 2791 deinceps
801 2750 963 2791 sequitur?
989 2750 1159 2790 Postquam
1187 2748 1369 2790 philosophi
1395 2754 1478 2786 sunt,
1504 2750 1559 2791 qui

89 2800 241 2842 attingere
269 2807 399 2842 possunt
414 2801 446 2832 id
473 2802 557 2843 quod
588 2813 709 2844 semper
734 2805 906 2835 secundum
921 2803 1031 2834 eadem
1057 2803 1169 2834 eodem
1186 2803 1279 2833 modo
1306 2813 1339 2834 se
1364 2803 1478 2833 habet:
1502 2803 1557 2843 qui

90 2862 162 2884 vero
178 2853 210 2883 id
227 2859 398 2895 nequeunt,
414 2865 536 2897 semper
550 2860 654 2887 autern
680 2867 736 2898 per
759 2857 857 2888 multa
872 2856 1096 2898 mutabiliaque
1113 2861 1274 2897 vagantur,
1290 2855 1469 2898 philosophi
1493 2866 1555 2886 uon

89 2911 161 2936 sunt
176 2917 183 2936 z
207 2917 358 2948 quosnam
374 2918 411 2939 ex
430 2908 476 2939 his
491 2909 586 2940 duces
597 2920 663 2941 esse
673 2909 808 2942 civitatis
822 2911 970 2953 oportet?
1018 2910 1092 2941 GLA
1100 2922 1132 2942 υ.
1156 2910 1228 2947 Quo
1242 2915 1334 2951 pacto
1348 2910 1387 2941 ad
1401 2910 1458 2940 hoc
1471 2913 1554 2939 recte
