1840 3225
219 205 316 257 847]
662 206 735 244 DE
766 204 995 242 LEGIBUS
1028 206 1126 245 LIB.
1157 206 1267 245 Vttl.
1600 211 1672 249 391

212 308 419 346 solummodo,
447 310 488 340 ad
509 309 731 352 repositionem
754 309 888 350 ineptas,
918 314 1041 350 gustare
1065 309 1183 341 liceret
1208 321 1259 341 eas
1282 321 1365 346 vcr0,
1389 321 1425 342 ex
1442 311 1554 352 quibus
1566 322 1667 353 passa:

212 372 281 392 uvae
297 370 330 394 et
343 364 446 395 vinum
463 370 496 394 et
509 365 618 395 caricae
636 365 721 399 fiunt,
740 363 877 398 minime,
903 373 982 404 pyra
1007 373 1080 394 vero
1107 369 1138 394 et
1164 364 1243 394 mala
1266 371 1330 394 tum
1357 365 1420 396 alia
1444 370 1508 396 tum
1541 367 1665 406 punica,

213 422 379 458 ceteraque
410 418 582 460 hujusmodi
606 419 684 449 clam
709 418 828 448 auferre
851 422 943 457 turpe
967 428 1031 447 non
1054 418 1104 448 sit.
1127 418 1152 448 si
1169 419 1236 458 quis
1254 430 1324 449 vero
1338 420 1546 460 deprehensus
1562 421 1665 456 fucrit,

211 471 375 510 pauciores
400 483 498 503 annos
525 483 616 513 quam
645 473 771 514 triginta
798 476 900 507 natus,
923 471 989 502 >ine
1004 471 1186 502 vulneribus
1202 472 1378 503 verberetur
1393 480 1486 514 atque
1503 474 1666 515 puniatur;

210 535 270 556 nec
299 536 393 566 poena
419 527 482 557 ulla
509 532 639 568 propter
678 525 858 567 hujusmodi
888 526 1014 556 verbera
1040 525 1137 556 libero
1167 525 1216 556 sit.
1241 526 1370 557 advenae
1402 538 1524 568 quoque
1556 527 1594 558 de
1620 528 1667 560 his

210 578 361 610 fructibus
390 581 519 621 perinde
546 591 583 610 ac
613 581 652 610 de
686 581 734 616 iis,
758 590 835 621 quos
859 581 1001 620 superius
1023 580 1157 610 diximus
1184 581 1368 621 repositioni
1391 581 1525 622 ineptos,
1541 592 1666 623 carpere

209 632 312 665 liceat.
338 634 364 664 si
379 634 480 665 senior
496 635 649 675 quispiam
674 634 845 664 comederit
865 644 924 664 nec
941 634 1156 675 asportaverit,
1173 640 1207 664 ut
1223 635 1351 664 advenae
1368 636 1548 675 permissum
1562 643 1619 673 est,
1635 641 1669 668 et

208 685 275 726 ipse
291 697 413 728 quoque
429 689 569 718 omnium
582 688 765 730 hujusmodi
787 689 944 719 fructuum
967 689 1122 730 particeps
1143 689 1194 719 sit.
1217 688 1302 728 quod
1317 689 1343 718 si
1359 689 1419 730 legi
1436 700 1497 720 non
1523 692 1671 731 paruerit,

209 740 250 771 ad
264 741 383 771 virtutis
397 747 555 773 certamen
584 742 741 783 impotens
767 743 928 779 habeatur,
945 743 969 773 si
986 743 1146 784 judicibus
1172 742 1244 773 huic
1272 742 1315 772 rei
1340 742 1577 783 praesidentibus
1593 750 1668 776 tunc

209 795 342 825 relatum
357 796 415 826 hoc
439 796 541 827 fuerit.
565 807 647 837 aqua
668 797 842 827 nutriendis
871 797 968 827 hortis
997 798 1132 827 maxime
1163 797 1297 827 omniurn
1325 797 1468 828 confert:
1493 797 1549 829 sed
1574 799 1667 830 facile

207 849 362 890 corrumpi
379 855 493 891 potest.
508 856 588 881 terra
601 862 676 881 vero
692 857 724 881 et
738 851 782 882 sol
797 856 830 881 et
845 851 910 886 a'er,
928 862 997 892 quae
1014 862 1082 882 curn
1097 861 1178 891 aqua
1193 849 1281 880 simul
1298 861 1336 881 ea
1346 852 1487 882 nutriunt
1501 863 1570 893 qua:
1586 858 1667 884 terra

207 909 387 940 nascuntur,
415 915 479 934 non
508 905 601 935 facile
628 914 749 934 veneno
780 905 829 934 vel
854 904 1038 935 deversione
1061 905 1113 935 vel
1133 905 1290 935 ablatione
1303 906 1458 945 corrumpi
1475 911 1605 946 possunt
1621 907 1668 938 his

207 963 313 988 autem
337 957 437 989 modis
458 958 548 989 facile
579 968 667 999 aquas
690 957 841 988 damnum
864 957 1004 988 infertur.
1026 964 1190 999 propterea
1218 958 1296 999 legis
1321 959 1433 989 auxilio
1463 960 1595 1001 indiget.
1627 961 1666 992 de

206 1011 264 1042 hac
290 1012 385 1053 igitur
399 1013 467 1043 haec
495 1013 545 1042 lex
573 1012 730 1043 sanciatur
745 1023 750 1041 :
777 1012 801 1042 si
828 1011 897 1052 quis
914 1019 1025 1052 sponte
1041 1012 1178 1042 alienam
1192 1022 1316 1052 aquam,
1333 1012 1397 1042 sive
1413 1015 1634 1045 scaturientem
1649 1026 1666 1046 e

206 1065 346 1098 fontibus
376 1066 440 1097 sive
469 1066 644 1103 collectam,
672 1076 793 1096 veneno
820 1071 873 1096 aut
900 1066 1000 1096 foveis
1026 1071 1080 1096 aut
1110 1066 1266 1096 ablatione
1293 1068 1474 1107 corruperit,
1503 1069 1541 1098 ad
1559 1069 1668 1100 aediles

207 1119 375 1157 deferatur,
399 1120 453 1151 ubi
472 1120 499 1150 si
522 1120 692 1161 deliquisse
715 1120 919 1156 convincitur,
935 1119 1085 1150 damnum
1099 1121 1262 1150 restituat:
1288 1125 1319 1150 et
1334 1120 1435 1151 fontes
1452 1128 1504 1152 aut
1520 1133 1666 1164 aquarum

208 1184 272 1210 vas,
287 1180 322 1205 ut
335 1175 522 1216 interpretes
535 1175 666 1216 singulis
680 1184 804 1215 semper
818 1173 997 1205 faciundam
1013 1174 1230 1215 purgationem
1243 1174 1426 1215 judicarint,
1441 1176 1482 1206 ita
1499 1182 1621 1218 purget.
1637 1178 1668 1208 iri

206 1228 391 1260 advectione
418 1235 522 1260 autem
545 1230 696 1265 omnium,
728 1240 797 1270 quae
824 1229 863 1259 ab
891 1229 972 1270 agris
994 1229 1194 1269 colliguntur,
1210 1229 1304 1259 liceat
1319 1229 1431 1270 cuique
1445 1240 1495 1260 res
1511 1241 1591 1267 suas,
1605 1242 1668 1272 qua

205 1283 291 1313 velit.
317 1283 413 1325 [846]
439 1284 603 1319 advehere,
628 1284 720 1313 modo
734 1288 788 1313 aut
800 1283 880 1313 nulli
895 1282 1009 1313 damno
1025 1283 1075 1319 sit,
1089 1288 1142 1313 aut
1155 1283 1211 1313 sibi
1228 1283 1353 1325 triplum
1371 1285 1535 1324 proveniat
1546 1286 1665 1316 lucrum

205 1335 274 1377 ejus
298 1336 414 1373 damni,
438 1337 522 1378 quod
544 1337 649 1368 vicino
665 1337 803 1368 infertur.
826 1339 934 1368 horum
950 1337 1125 1378 cognitores
1141 1338 1340 1378 magistratus
1356 1338 1429 1374 sint,
1446 1344 1479 1369 et
1493 1344 1664 1370 ceterorum

203 1390 354 1421 omnium.
377 1402 446 1432 quae
464 1402 520 1432 per
534 1391 677 1433 injuriam
694 1396 806 1432 sponte
822 1392 902 1432 quis,
920 1397 974 1422 aut
988 1392 1020 1422 vi
1035 1398 1088 1422 aut
1103 1392 1195 1428 clam,
1213 1392 1260 1422 vel
1276 1402 1331 1433 per
1347 1402 1378 1422 se
1393 1393 1439 1422 vel
1456 1403 1511 1434 per
1526 1393 1579 1424 illa
1595 1405 1665 1435 quae

203 1444 405 1486 possidentur
421 1445 460 1476 ab
476 1455 524 1482 eo,
538 1446 570 1476 in
583 1456 750 1487 personam
764 1446 863 1476 autin
879 1456 946 1477 rem
968 1446 1117 1476 intulerit.
1141 1447 1219 1483 haec,
1242 1446 1381 1488 inquam,
1406 1447 1446 1477 ad
1469 1448 1668 1489 magistratus

202 1499 306 1529 omnia
334 1498 525 1536 deferantur,
554 1500 579 1530 si
606 1505 669 1530 tres
697 1501 844 1530 damnum
869 1501 971 1531 minas
997 1511 1060 1531 non
1086 1499 1210 1531 excedi-t
1226 1512 1232 1530 :
1256 1501 1306 1531 sin
1336 1511 1410 1532 vero
1432 1502 1531 1544 majus
1559 1502 1610 1538 sit,
1625 1504 1665 1533 ad

203 1553 376 1584 constituta
390 1554 516 1595 publice
528 1553 651 1594 judicia
666 1564 759 1585 causa
775 1554 930 1585 deferatur
945 1560 988 1591 et,
1005 1555 1060 1596 qui
1076 1555 1223 1595 injuriam
1239 1555 1354 1591 intulit,
1370 1556 1526 1596 puniatur.
1543 1557 1624 1597 quod
1641 1557 1667 1587 si

203 1608 440 1648 magistratuum
462 1607 573 1649 aliquis
596 1609 708 1651 injuste
730 1610 770 1639 de
791 1609 906 1640 damno
923 1609 1057 1650 alicujus
1072 1609 1258 1640 sententiam
1275 1610 1392 1645 tulerit,
1410 1609 1541 1650 duplum
1555 1611 1595 1647 ei,
1613 1611 1667 1652 qui

204 1671 314 1702 passus
337 1667 385 1692 est
409 1662 560 1703 injuriam,
584 1662 718 1693 debeat:
744 1668 776 1694 et
799 1664 927 1694 omnino
949 1664 972 1693 si
997 1662 1074 1703 quid
1088 1673 1144 1704 per
1158 1663 1303 1704 injuriam
1317 1663 1448 1694 fecerint
1463 1664 1667 1705 magistratus,

203 1726 297 1746 causa
311 1715 381 1757 ipsa
396 1726 414 1746 a
429 1716 570 1757 quolibet
583 1717 707 1748 volente
723 1717 754 1747 in
772 1718 895 1758 publico
917 1716 1038 1759 judicio
1067 1717 1210 1758 agitetur.
1240 1717 1365 1748 infinita
1390 1728 1481 1758 paene
1509 1728 1665 1760 parvaque

201 1774 320 1800 restant
334 1770 488 1806 instituta,
505 1771 617 1811 quibus
634 1771 825 1812 corrigantur
839 1782 955 1802 errores
969 1772 1001 1802 in
1013 1771 1129 1813 judicii
1142 1766 1284 1808 termino,
1298 1772 1329 1801 in
1343 1772 1542 1803 citationibus
1553 1773 1665 1803 citato-

200 1823 361 1865 ribusque,
386 1824 450 1855 sive
473 1825 556 1855 inter
578 1825 657 1855 duos
679 1825 744 1856 sive
761 1827 843 1856 inter
858 1826 972 1856 multos
987 1825 1095 1857 citatio
1111 1826 1161 1861 sit,
1178 1831 1210 1856 et
1226 1827 1337 1857 ceteris
1351 1826 1576 1868 hujuscemodi,
1594 1838 1663 1868 quae

199 1888 260 1909 nec
276 1888 295 1909 a
308 1879 430 1919 legibus
445 1879 592 1919 praeteriri
607 1885 750 1920 possunt,
765 1891 824 1911 nec
839 1886 944 1911 tamen
961 1881 1081 1911 seniore
1106 1881 1309 1921 legumlatore
1332 1881 1427 1921 digna
1450 1880 1605 1911 videntur.
1629 1892 1666 1912 ea

198 1931 295 1973 igitur
310 1933 414 1963 omnia
437 1932 588 1974 juniores.
611 1934 728 1974 priscas
741 1935 826 1976 leges
841 1935 963 1970 imitati,
981 1940 1013 1965 et
1028 1945 1123 1976 parva
1139 1945 1178 1964 ex
1192 1935 1315 1975 magnis
1327 1935 1540 1976 intelligenter
1554 1946 1664 1967 neces-

200 1987 376 2027 sariumque
403 1987 534 2017 istorum
557 1998 648 2018 usum
675 1989 868 2029 experientia
898 1994 1134 2030 cognoscentes,
1163 1989 1294 2030 legibus,
1309 1989 1410 2020 donec
1426 1989 1615 2020 sufficienter
1630 2001 1663 2021 se

202 2040 350 2077 habeant,
378 2042 533 2071 ordinent.
557 2041 671 2074 deinde
699 2043 889 2074 sufficienter
917 2043 1039 2085 positis,
1056 2043 1255 2073 immobiliter
1271 2043 1318 2073 his
1333 2048 1471 2076 utantur.
1497 2044 1535 2075 de
1551 2045 1663 2075 ceteris

203 2099 310 2125 autem
325 2095 488 2136 opificibus
502 2096 589 2137 leges
604 2097 648 2126 ita
663 2098 900 2128 constituantur.
926 2097 1026 2139 primo
1040 2098 1144 2127 nullus
1159 2097 1236 2128 civis
1252 2097 1378 2138 opificio
1394 2099 1457 2129 ullo
1472 2098 1661 2138 detineatur,

200 2148 259 2179 sed
281 2160 341 2181 nec
364 2160 470 2180 servus
493 2150 617 2191 quidem
649 2151 726 2181 civis
756 2151 894 2192 alicujus.
918 2156 983 2182 arte
1011 2152 1096 2181 enim
1111 2161 1233 2191 magna,
1248 2162 1318 2192 quae
1333 2152 1426 2192 longa
1441 2154 1664 2186 exercitatione

203 2204 371 2245 multisque
395 2204 543 2235 doctrinis
567 2204 698 2245 indiget,
721 2211 893 2246 occupatus
908 2211 955 2236 est
969 2205 1055 2241 civis,
1071 2216 1143 2235 cum
1158 2215 1353 2236 communem
1370 2206 1506 2237 civitatis
1521 2215 1663 2241 ornatum

202 2263 366 2298 procuret:
391 2268 461 2300 quae
487 2269 535 2290 res
562 2269 625 2290 non
652 2259 713 2289 levi
740 2259 874 2300 quadarn
898 2269 994 2300 opera
1008 2263 1157 2289 contenta
1173 2263 1229 2295 est,
1245 2258 1302 2289 sed
1318 2260 1510 2301 praecipuum
1525 2264 1664 2296 studium

201 2311 308 2352 exigit.
331 2313 408 2343 duas
419 2323 493 2343 vero
510 2318 591 2343 artes
607 2318 660 2344 aut
674 2312 778 2343 studia
792 2314 855 2343 duo
871 2312 1040 2354 diligenter
1052 2323 1197 2344 exercere
1210 2313 1344 2343 humana
1356 2319 1538 2346 natur-anon
1550 2324 1666 2359 potest,

203 2375 296 2395 nemo
319 2366 411 2396 etiam
435 2367 511 2397 satis
533 2372 637 2407 potest
659 2367 717 2398 arti
739 2367 869 2409 quidem
890 2368 946 2398 uni
969 2378 1078 2398 vacare
1094 2372 1125 2397 et
1140 2367 1266 2397 alterius
1282 2368 1354 2397 artis
1366 2368 1470 2408 opifici
1487 2372 1666 2410 pra‘sidere,

204 2419 263 2449 hoc
279 2419 371 2459 igitur
386 2419 418 2449 in
435 2420 559 2450 civitate
577 2426 728 2451 statutum
745 2423 795 2457 sit,
821 2427 855 2452 ut
872 2432 963 2452 nemo
987 2422 1112 2452 aerarius
1127 2421 1215 2451 simul
1233 2426 1265 2451 et
1279 2421 1425 2462 lignarius
1441 2423 1526 2454 faber
1539 2425 1590 2462 sit,
1607 2438 1665 2460 noc

205 2472 356 2513 lignarius
379 2473 466 2504 faber
490 2474 584 2504 fabris
607 2474 721 2505 aerariis
735 2476 834 2517 magis
849 2487 943 2517 quam
959 2476 1085 2517 opificio
1100 2486 1156 2506 suo
1171 2475 1337 2517 praesideat
1351 2487 1359 2513 3
1383 2477 1574 2509 occasionem
1591 2481 1665 2515 hinc

206 2526 284 2558 forte
299 2533 420 2563 nactus,
435 2529 519 2568 quod
536 2527 611 2558 dum
627 2539 728 2559 curam
745 2530 824 2570 gerit
839 2531 1007 2561 multorum
1022 2531 1110 2571 quasi
1124 2530 1336 2560 ministrorum
1352 2530 1412 2571 ipsi
1427 2531 1666 2578 elaborantium,

209 2580 306 2623 [847]
331 2581 404 2612 inde
421 2593 482 2612 sure
498 2582 555 2612 arti
569 2581 622 2612 fiat
638 2593 782 2613 accessus
794 2594 829 2615 ac
847 2594 902 2625 per
916 2584 987 2614 illos
1004 2591 1098 2614 artem
1115 2584 1225 2614 melius
1241 2590 1329 2615 curet
1344 2595 1432 2616 suam
1448 2597 1455 2615 ε
1480 2588 1536 2618 sed
1548 2590 1663 2632 singuli

206 2636 337 2676 opifices
366 2636 497 2677 singulis
520 2636 639 2667 artibus
664 2644 776 2668 vacent
797 2643 830 2668 et
845 2638 882 2668 ab
898 2639 943 2669 eis
958 2639 1074 2669 victum
1090 2638 1262 2679 acquirant.
1286 2639 1366 2669 lianc
1381 2639 1483 2681 legem
1499 2642 1605 2675 aediles
1621 2645 1666 2676 ita

209 2689 366 2720 observari
381 2696 557 2731 procurent,
574 2695 618 2731 ut,
633 2691 659 2721 si
675 2692 744 2732 quis
758 2692 835 2722 civis
850 2693 890 2723 ad
906 2698 1001 2723 artem
1015 2693 1151 2734 aliquam
1162 2693 1262 2733 mag-is
1273 2702 1364 2734 quam
1375 2693 1416 2723 ad
1425 2696 1546 2727 virtutis
1558 2709 1664 2730 curam

209 2743 426 2780 declinaverit,
449 2745 614 2785 opprobrio
637 2750 731 2786 atque
753 2746 881 2777 infamia
902 2752 1045 2778 notatum
1068 2746 1108 2777 ad
1137 2757 1262 2778 cursum
1292 2758 1382 2778 suum
1403 2756 1596 2782 convertant.
1618 2754 1667 2783 sin

213 2802 317 2828 autem
342 2799 575 2840 peregrinorum
600 2799 712 2841 aliquis
739 2799 859 2831 duabus
887 2802 1002 2832 artibus
1029 2807 1132 2837 vacet,
1159 2802 1302 2837 vinculis,
1328 2803 1456 2839 mulcta,
1473 2806 1666 2845 expulsione,

214 2861 306 2881 unam
332 2857 454 2883 tantum
480 2853 648 2894 complecti
678 2860 816 2895 cogatur.
839 2855 878 2885 de
898 2857 1043 2887 mercede
1070 2862 1174 2886 autern
1190 2856 1345 2897 opificam,
1362 2857 1402 2886 de
1418 2858 1518 2898 operis
1534 2859 1668 2899 ipsorum

216 2905 438 2946 approbatione
462 2913 526 2943 aut,
543 2908 781 2949 improbatione,
797 2911 836 2940 (le
854 2910 965 2951 injuria
979 2911 1076 2942 etiam
1094 2921 1200 2953 quam,
1216 2911 1266 2942 vel
1284 2910 1443 2952 patiuntur
1459 2911 1506 2942 vel
1521 2911 1668 2950 inserunt,
