1840 3225
272 218 346 257 190
843 213 1111 255 PLATONts
1624 219 1719 270 [531

272 321 388 353 Gnau.
408 321 542 359 Qualis?
565 321 704 364 inquam.
749 321 805 353 So.
827 320 1100 358 Quemadmodum
1123 320 1162 351 ad
1179 319 1410 352 Astrononriam
1426 320 1522 358 oculi,
1544 320 1588 352 sic
1603 320 1643 352 ad
1658 320 1729 351 har-

271 376 428 407 monicum
457 381 575 407 motum
604 376 749 407 videntur
773 385 861 406 aures
882 375 1051 406 fabricatae.
1083 375 1168 405 unde
1193 379 1226 405 et
1251 375 1299 405 1·ae
1323 374 1457 406 invicem
1484 385 1553 406 esse
1575 385 1729 416 germanae

269 429 420 466 scientiae,
437 434 472 460 ut
486 434 518 460 et
532 430 723 472 Pythagorei
739 434 852 472 putant
873 434 906 460 et
921 439 990 465 nos,
1007 440 1025 459 o
1049 428 1185 474 Glauco,
1209 428 1404 460 assentimur.
1427 429 1474 460 vel
1490 428 1639 470 quidnam
1654 439 1729 470 age-

270 483 363 514 mus?
409 482 524 515 GLAu.
546 483 598 514 Ita
612 494 745 526 prorsus.
788 484 845 515 So.
868 483 986 514 Nonne
1004 488 1168 524 postquam
1193 483 1309 524 grande
1332 483 1392 514 hoc
1415 493 1508 524 opus,
1528 493 1582 514 eos
1598 492 1730 524 percon-

269 535 413 573 tabimur,
429 547 491 578 quo
507 543 599 578 pacto
615 538 656 568 de
671 537 746 579 ipsis
763 537 946 578 loquuntur,
961 541 994 567 et
1008 535 1151 577 nunquid
1168 536 1252 567 aliud
1269 542 1380 578 praeter
1394 537 1453 568 ista
1468 548 1476 567 ι
1500 547 1558 568 nos
1573 541 1676 568 autem
1688 536 1729 567 ad

268 590 336 621 haec
351 591 456 622 omnia
471 596 608 622 nostrum
623 592 699 622 illud
716 591 925 622 servabimus?
973 590 1091 623 Grau.
1116 590 1226 627 Quid?
1270 590 1326 622 So.
1350 590 1401 622 Ne
1416 591 1543 633 quando
1558 591 1636 621 dent
1650 600 1728 631 ope-

267 653 344 681 ram,
360 648 396 674 ut
409 648 530 675 nostros
545 644 686 676 alumnos
701 645 866 686 quicquam
883 655 921 675 ex
937 644 984 674 his
999 644 1100 674 minus
1124 644 1294 685 perfectum
1311 645 1459 685 doceant,
1473 645 1557 686 quod
1574 654 1637 675 non
1653 643 1727 675 illuc

268 697 377 728 tendat
388 709 520 739 semper,
534 709 596 740 quo
620 698 772 740 proficisci
787 698 892 729 omnia
907 699 1024 729 debent
1038 710 1046 728 :
1071 699 1336 740 quemadmodum
1357 709 1458 741 nuper
1472 699 1512 730 de
1527 696 1728 743 Astronomia

266 752 469 785 narravimus.
514 752 566 783 An
583 753 716 794 ignoras¹
731 754 815 794 quod
844 753 924 784 circa
952 753 1141 783 harmoniam
1163 752 1225 784 tale
1249 752 1346 795 [531]
1371 753 1488 795 aliquid
1514 752 1631 793 agunt?
1655 762 1726 782 nam

265 806 340 835 dum
357 811 527 837 concentus
543 812 574 837 et
591 812 692 843 tonos,
709 807 762 847 qui
792 807 1006 848 percipiuntur
1028 806 1165 844 auribus,
1192 807 1362 838 metiuntur
1376 812 1409 838 et
1432 811 1626 848 comparant,
1642 805 1727 836 irrito

264 859 381 900 labore,
405 860 668 901 quemadmodum
695 859 886 896 Astronomi,
912 866 1033 901 tempus
1058 865 1235 892 conterunt.
1281 860 1394 891 Grau.
1418 860 1479 892 Per
1502 861 1579 891 deos
1594 859 1724 891 ridicule

264 914 431 944 admodum
449 914 614 944 crebriores
629 915 778 954 quasdam
794 925 902 946 vocum
915 916 1131 954 congestiones
1146 915 1310 951 inducunt,
1325 920 1358 945 ct
1373 925 1461 945 aures
1475 914 1626 945 adhibent
1640 924 1726 945 com-

264 972 448 1008 parantque,
465 967 548 997 velut
564 967 710 998 viciniore
736 967 805 998 loco
832 978 938 998 vocem
964 969 1059 1009 ipsam
1088 974 1248 999 venantes.
1295 968 1402 1009 Atque
1427 978 1533 999 eorum
1549 967 1600 998 alii
1616 967 1727 998 dicunt

264 1020 296 1050 in
314 1021 417 1051 medio
433 1022 534 1051 adhuc
551 1021 684 1051 sonitum
712 1021 846 1061 aliquem
871 1032 904 1051 se
929 1021 1048 1057 audire,
1073 1021 1295 1062 minimumque
1319 1031 1386 1052 esse
1412 1020 1606 1051 intervallum
1631 1020 1727 1056 istud,

266 1085 329 1115 quo
346 1074 446 1105 metiri
462 1075 531 1115 quis
548 1075 680 1105 debeat:
708 1075 759 1105 alii
783 1085 855 1105 vero
879 1075 1052 1116 ambigunt,
1077 1075 1165 1116 quasi
1187 1086 1282 1106 sonus
1293 1074 1359 1116 jani
1384 1075 1493 1105 similis
1508 1074 1671 1106 audiatur:
1695 1080 1727 1104 et

265 1128 389 1170 utrique
415 1139 503 1159 aures
529 1129 627 1159 menti
654 1135 854 1170 praeponunt.
898 1129 953 1161 So.
975 1129 1024 1159 Tu
1051 1140 1120 1160 vero
1145 1129 1279 1160 utilesne
1304 1140 1359 1161 eos
1385 1128 1519 1160 musicos
1544 1139 1648 1168 vocas,
1672 1127 1727 1169 qui

267 1183 397 1213 chordas
408 1182 527 1224 jugiter
545 1189 657 1214 vexant
673 1183 924 1225 examinantque,
942 1189 974 1214 et
990 1184 1149 1215 claviculis
1161 1189 1225 1214 tum
1241 1183 1447 1219 intendendo,
1459 1188 1523 1213 tum
1539 1182 1726 1213 remittendo

265 1236 457 1277 pulsationes
472 1238 703 1278 contorquent?
749 1237 811 1268 Sed
829 1248 868 1268 ne
894 1238 1022 1279 longius
1038 1238 1104 1268 haec
1132 1237 1318 1278 provehatur
1333 1236 1504 1267 similitudo
1521 1236 1601 1267 circa
1617 1235 1727 1277 plectri

262 1290 557 1331 accusationemque
571 1296 604 1322 et
619 1290 817 1332 negationem
843 1301 878 1322 ac
901 1291 1069 1322 elationem
1095 1292 1291 1328 chordarum,
1315 1290 1442 1331 imagini
1454 1290 1520 1331 jam
1544 1289 1616 1320 huic
1631 1289 1726 1320 finem

263 1343 392 1385 impono
406 1355 413 1374 z
439 1355 542 1386 neque
557 1345 604 1374 his
619 1345 787 1376 dicendum
803 1355 916 1382 assero,
931 1346 985 1376 sed
1002 1345 1074 1382 illis,
1091 1355 1170 1386 quos
1185 1345 1320 1375 diximus
1335 1344 1428 1375 modo
1444 1344 1484 1375 de
1499 1344 1660 1375 harmonia
1678 1343 1726 1374 in-

264 1399 477 1438 terrogandos.
502 1408 572 1428 nam
590 1398 672 1429 idem
697 1398 829 1435 faciunt,
845 1399 931 1439 quod
955 1404 988 1429 et
1003 1399 1059 1435 illi,
1084 1399 1138 1440 qui
1156 1399 1187 1428 in
1202 1399 1404 1429 Astronomia
1419 1403 1589 1429 versantur.
1611 1407 1725 1438 nempe

262 1462 407 1482 numeros
423 1462 476 1482 eos
490 1457 658 1488 sectantur,
674 1452 728 1492 qui
745 1452 777 1482 in
793 1452 1000 1483 concentibus
1015 1453 1053 1482 ad
1073 1463 1161 1482 aures
1179 1452 1406 1494 pertinentibus
1421 1452 1538 1483 insunt.
1554 1451 1609 1482 sed
1625 1451 1726 1482 adin-

261 1505 478 1546 vestigandum
496 1505 569 1536 inde
583 1516 646 1536 non
663 1511 834 1542 transeunt,
849 1506 904 1547 qui
920 1512 1130 1537 consonantes
1147 1507 1266 1537 numeri
1282 1507 1355 1543 sint,
1368 1507 1422 1547 qui
1438 1516 1513 1541 non.
1529 1510 1561 1536 et
1575 1515 1668 1546 quam
1684 1505 1725 1535 ob

263 1569 389 1590 causam
407 1560 530 1601 utrique
547 1560 608 1590 sint
623 1560 712 1590 tales.
757 1559 874 1590 GLAu.
897 1559 980 1590 Rem
997 1560 1150 1600 egregiam
1167 1569 1280 1590 narras.
1326 1559 1381 1590 So.
1407 1559 1501 1590 Adde
1516 1564 1548 1590 et
1564 1558 1669 1589 utilem
1684 1559 1724 1588 ad

263 1613 338 1642 boni
363 1613 462 1654 ipsius
490 1613 673 1654 pulchrique
698 1613 899 1654 indaginem:
932 1623 1002 1654 quae
1031 1613 1056 1644 si
1083 1613 1172 1644 aliter
1195 1619 1362 1654 quaeratur,
1387 1613 1422 1643 fit
1448 1623 1571 1654 prorsus
1593 1612 1724 1644 inutilis.

262 1666 379 1699 Grau.
403 1666 569 1698 Probabile
595 1667 676 1698 istud
709 1667 848 1708 quidem.
893 1666 949 1698 So.
974 1666 1114 1697 Arbitror
1144 1674 1248 1698 autem
1279 1677 1372 1708 supra
1401 1667 1555 1698 dictorum
1584 1666 1723 1697 omnium

260 1720 488 1757 tractationem,
504 1720 531 1751 si
547 1726 682 1751 mutuam
699 1721 835 1761 ipsorum
851 1721 1101 1752 communionem
1118 1722 1265 1762 cognatio
1281 1731 1415 1763 nemque
1430 1721 1582 1762 attigerit,
1597 1721 1724 1752 investi-

262 1774 443 1815 gaveritque
458 1784 519 1815 qua
534 1785 638 1805 secum
656 1775 714 1805 ista
735 1774 870 1806 invicem
888 1775 1007 1806 ratione
1021 1776 1190 1811 cohaerent,
1206 1775 1245 1805 ad
1262 1785 1298 1806 ea
1314 1785 1385 1816 quae
1398 1775 1571 1816 expetimus
1586 1774 1724 1806 conduc-

262 1833 385 1859 turam:
410 1839 510 1869 neque
536 1828 646 1859 frustra
660 1829 693 1859 in
710 1828 756 1859 his
773 1829 925 1870 homines,
950 1830 1005 1860 sed
1033 1829 1150 1860 utiliter
1172 1829 1343 1860 admodum
1360 1835 1550 1860 versaturos:
1575 1828 1726 1859 inutiliter

261 1886 377 1918 autem,
403 1882 429 1912 si
451 1881 540 1913 aliter
563 1887 667 1914 actum
693 1882 798 1915 fuerit.
845 1883 962 1914 GLAU.
986 1882 1088 1924 Atqui
1110 1888 1142 1915 et
1166 1894 1225 1925 ego
1249 1883 1292 1914 ita
1308 1883 1482 1914 vaticinor:
1506 1883 1560 1914 sed
1577 1893 1722 1924 magnum

262 1940 321 1971 est,
337 1936 421 1976 quod
435 1935 538 1977 jubes,
554 1947 572 1966 ο
589 1936 742 1968 Socrates.
785 1937 840 1968 So·
866 1937 917 1968 De
945 1938 1096 1979 prooemio
1123 1938 1218 1978 istud,
1240 1948 1280 1968 an
1303 1938 1343 1968 de
1366 1937 1427 1968 alio
1442 1937 1578 1978 quodam
1594 1936 1722 1978 inquis?

263 1999 304 2019 an
320 1989 495 2030 i‘gnoramus
511 1990 577 2021 haec
594 1990 698 2020 omnia
713 2001 780 2021 esse
803 1990 900 2031 ipsius
924 1991 1073 2032 prooemia
1089 1991 1284 2032 legis,-quam
1309 1991 1427 2022 discere
1442 1990 1559 2021 decet?
1583 1990 1723 2020 nondum

264 2043 347 2073 enim
364 2043 505 2073 homines
533 2043 564 2073 in
581 2044 628 2074 his
642 2045 732 2074 rebus
747 2045 837 2085 periti
864 2055 934 2076 esse
949 2045 1118 2086 dialectici,
1135 2045 1165 2076 id
1183 2051 1230 2076 est
1245 2046 1283 2076 ad
1301 2045 1514 2076 disserendum
1537 2043 1644 2075 idonei
1667 2044 1724 2075 tibi

264 2096 421 2128 videntur.
467 2096 582 2128 GLAU.
605 2097 679 2128 Non
698 2109 752 2138 per
772 2098 883 2129 Jovem
899 2110 905 2128 :
933 2099 991 2129 nisi
1008 2099 1153 2140 perpauci
1177 2100 1305 2140 quidam
1321 2098 1472 2135 omnium,
1488 2108 1567 2139 quos
1584 2108 1723 2139 uuquam

266 2151 475 2191 cognoverim.
521 2149 575 2182 So.
599 2151 644 2181 At
656 2153 752 2193 enim,
767 2152 829 2183 nisi
844 2153 914 2194 quis
929 2158 961 2182 et
983 2152 1124 2193 accipere
1149 2154 1247 2194 possit
1268 2158 1300 2183 et
1323 2153 1451 2183 reddere
1465 2152 1628 2188 rationem,
1643 2163 1723 2182 nun-

265 2214 359 2247 quam
383 2205 461 2236 sciet
483 2205 649 2246 quicquam
676 2216 793 2245 eorum,
818 2217 889 2247 quae
910 2217 976 2237 esse
992 2207 1124 2237 dicimus
1140 2207 1369 2248 cognoscenda·
1414 2205 1530 2237 GLau.
1552 2205 1723 2248 Nunquam

266 2268 398 2300 prorsus·
424 2257 521 2301 [532]
546 2259 600 2291 Se.
628 2258 741 2291 Nonne
765 2261 831 2292 haec
842 2260 909 2302 jam
934 2261 981 2292 lex
1006 2267 1065 2302 est,
1081 2272 1099 2292 o
1116 2261 1251 2298 Glauco,
1274 2271 1344 2303 quae
1362 2271 1417 2302 per
1431 2260 1604 2291 disserendi
1626 2266 1723 2291 artem

266 2313 441 2344 ostenditur
455 2324 463 2343 z
488 2323 580 2354 quam
596 2324 708 2350 rursus,
725 2314 966 2355 intelligibilem,
981 2325 1018 2346 ea
1034 2316 1079 2346 vis
1095 2315 1231 2346 imitatur
1248 2321 1408 2357 aspectus,
1421 2326 1514 2357 quam
1529 2326 1623 2358 supra
1641 2317 1723 2349 dixi-

268 2377 347 2404 mus,
361 2366 401 2397 ad
417 2366 516 2408 ipsam
527 2366 593 2408 jam
608 2368 754 2399 animalia
766 2380 832 2400 sese
845 2376 1023 2400 convertere
1035 2370 1116 2400 etad
1128 2369 1233 2400 stellas
1245 2370 1327 2401 etad
1342 2370 1441 2411 ipsum
1454 2370 1591 2411 denique
1602 2371 1698 2402 solem
1710 2371 1723 2402 ἓ

265 2421 349 2451 haud
364 2431 453 2452 secus
467 2432 537 2452 cum
554 2422 623 2463 quis
637 2423 676 2453 ad
701 2423 896 2455 dialecticam
924 2430 1019 2455 artem
1036 2424 1206 2455 disserendi
1232 2435 1264 2455 se
1287 2424 1407 2456 confert
1433 2425 1550 2466 absque
1569 2425 1724 2462 sensibus,

266 2475 385 2506 ratione
414 2476 565 2506 duntaxat
591 2477 631 2507 ad
659 2477 772 2518 ipsum,
803 2479 886 2519 quod
916 2483 974 2516 est,
1005 2479 1168 2520 quodlibet
1192 2478 1321 2509 nititur:
1345 2478 1398 2520 qui
1422 2478 1450 2509 si
1477 2488 1540 2509 non
1569 2478 1725 2510 destiterit

267 2529 363 2569 prius,
389 2540 482 2571 quam
507 2529 620 2570 ipsum,
648 2532 732 2572 quod
757 2539 802 2562 est
828 2532 955 2568 bonum,
982 2532 1192 2574 intelligentia
1217 2533 1285 2574 ipsa
1302 2532 1483 2574 perceperit,
1506 2538 1581 2562 tunc
1596 2532 1720 2562 demum

265 2582 305 2612 ad
343 2583 435 2613 finem
473 2583 678 2625 intelligibilis
713 2585 812 2627 ipsius
850 2586 893 2616 ita
931 2587 1081 2626 pervenit,
1117 2593 1150 2617 ut
1188 2586 1240 2617 ille
1278 2587 1355 2618 alter
1389 2586 1428 2616 ad
1466 2585 1595 2617 visibilis
1626 2585 1719 2616 finem

266 2637 418 2667 ascendit.
472 2636 585 2668 Gtiu.
620 2638 758 2669 Omnino
798 2640 841 2671 sic
877 2641 1003 2672 accidit.
1060 2641 1115 2672 So.
1148 2641 1266 2672 Nonne
1298 2641 1497 2672 dialecticam
1532 2640 1612 2670 banc
1648 2650 1723 2681 pro-

265 2689 454 2730 gressionem
481 2691 594 2721 vocas?
641 2692 756 2724 Grau.
778 2692 862 2730 Quid
890 2694 1058 2734 prohibet?
1105 2695 1160 2725 So.
1188 2694 1284 2736 Atqui
1312 2693 1575 2735 quemadmodum
1605 2693 1720 2724 solutio

266 2743 320 2773 illa
335 2753 353 2772 a
376 2742 519 2779 vinculis,
536 2746 758 2787 conversioque
775 2748 813 2777 ad
831 2748 944 2777 urnbris
959 2748 997 2778 ad
1013 2748 1175 2779 sinmlacra
1199 2759 1234 2779 ac
1260 2748 1376 2784 lumen,
1392 2752 1424 2778 et
1438 2757 1476 2778 ex
1491 2754 1578 2778 antro
1593 2748 1633 2778 ad
1649 2748 1723 2778 solis

266 2797 371 2828 lumen
385 2795 497 2832 exitus,
513 2797 618 2838 ibique
633 2798 810 2830 animalium
827 2806 859 2831 et
875 2800 1046 2841 plantarum
1065 2802 1216 2843 inspectio
1233 2801 1380 2843 solisque,
1396 2807 1429 2832 et
1442 2801 1576 2831 siderum
1592 2801 1623 2831 in
1639 2811 1721 2842 aqua

266 2855 392 2892 propter
405 2849 649 2882 imbecillitatem
665 2854 823 2885 oculorum
851 2854 993 2894 intuitus,
1011 2855 1125 2896 ipsum,
1141 2857 1225 2897 quod
1254 2855 1285 2886 in
1311 2855 1491 2897 corporibus
1516 2860 1564 2886 est
1588 2855 1720 2886 clarissi-

267 2915 362 2942 mum,
378 2904 417 2936 ad
433 2904 465 2935 id
480 2911 676 2947 convertunt,
692 2909 776 2949 quod
792 2914 838 2940 est
854 2909 885 2940 in
901 2909 1054 2951 corporali
1069 2916 1101 2941 et
1117 2910 1228 2941 visibili
1245 2910 1370 2952 regione
1395 2909 1532 2941 omnium
1557 2909 1720 2951 fulgentis-
