1840 3225
202 207 278 246 102
811 203 1076 246 PLAToms
1568 211 1667 264 [360

199 314 369 351 nequeant,
385 308 480 350 plane
506 307 764 350 perspiceremus,
781 307 807 339 si
831 308 892 340 tale
909 309 1058 351 quiddam
1085 310 1189 341 animo
1204 311 1413 353 fingeremus:
1437 313 1463 344 si
1478 313 1667 356 utriqueli-

197 364 332 396 centiam
354 363 542 404 largiremur,
559 362 771 403 quodcunque
786 361 906 404 liberet,
923 364 1050 404 agendi,
1066 364 1196 406 etjusto
1211 366 1325 407 pariter
1339 372 1372 397 et
1386 366 1502 408 injusto
1516 377 1527 407 3
1549 367 1666 399 deinde

197 428 280 459 pone
305 427 513 459 sequeremur,
537 416 736 458 explorantes
759 426 821 458 quo
846 417 947 458 rapiat
972 422 1135 460 utrumque
1161 419 1271 451 libido.
1293 420 1502 452 inveniremus
1524 420 1665 463 profecto

190 472 310 513 justum
336 472 407 514 plus
423 471 558 502 habendi
577 470 726 501 aviditate
753 471 947 512 compulsum
964 472 1003 503 ad
1030 473 1139 503 eadem
1155 483 1200 510 se,
1224 479 1318 515 atque
1333 474 1497 515 injustum,
1513 475 1664 506 conferre.

195 526 253 557 hoc
269 525 421 566 siquidem
444 529 555 556 natura
570 524 682 561 omniS,
698 529 733 554 ut
748 525 880 566 bonum,
895 526 1014 567 expetit
1028 538 1036 556 ε
1067 527 1135 568 lege
1150 531 1254 559 autem
1270 538 1306 559 ac
1333 528 1362 558 vi
1389 528 1428 559 ad
1452 528 1664 570 aequalitatem

194 580 374 610 servandam
393 579 526 610 ducitur.
573 578 639 610 Erit
656 583 759 610 autem
776 579 903 610 licentia
916 580 986 621 ista,
1001 591 1094 622 quarn
1111 582 1194 617 dico,
1207 582 1289 620 talis,
1305 582 1371 614 istis
1386 583 1409 614 si
1426 583 1527 624 detur,
1539 582 1664 624 qualem

193 633 365 674 aliquando
379 633 484 664 ferunt
497 632 594 664 fuisse
620 632 707 674 Gygi
723 633 808 675 Lydi
832 635 1033 675 progenitori.
1058 635 1153 667 fuisse
1168 636 1250 667 enim
1267 636 1370 678 ipsum*
1386 636 1486 667 ferunt
1505 645 1664 668 mercena-

193 688 271 718 rium
288 692 443 729 pastorem
459 686 539 728 ejus,
555 687 611 728 qui
634 688 709 718 tunc
737 687 838 729 Lydis
864 688 1049 729 imperabat.
1072 699 1184 731 magna
1200 695 1304 721 autem
1319 689 1460 720 imbrium
1477 694 1663 731 tempestate

192 746 297 773 exorta
314 746 460 782 motaque
476 746 555 772 terra
578 741 682 772 ferunt
705 746 814 772 terram
832 742 949 772 hiatum
975 743 1086 774 secisse
1102 743 1136 773 in
1160 754 1198 774 ea
1227 744 1364 785 regione,
1380 743 1433 774 ubi
1450 743 1502 775 ille
1523 748 1663 774 armenta

193 796 352 837 pascebat.
376 806 447 837 quae
464 806 534 826 cum
552 795 692 832 vidisset,
710 795 912 826 mirabundus
926 795 958 826 in
975 796 1093 828 hiatum
1110 797 1284 834 descendit,
1300 797 1525 839 conspexitque
1541 802 1573 828 et
1588 797 1663 839 alia,

191 859 261 890 quae
276 849 465 886 fabulantur,
482 849 632 885 miranda,
648 855 679 880 et
695 859 807 890 equum
826 861 947 881 aeneum
965 861 1135 882 concavum
1150 863 1158 891 3
1182 857 1214 882 et
1229 862 1285 893 per
1300 852 1464 883 fenestram
1481 851 1614 883 cadaver
1629 851 1663 882 in

191 903 261 934 alvo
287 902 360 944 equi
389 904 617 939 animadvertit,
644 903 744 944 majus
771 904 896 945 quidem
923 906 1058 936 humana
1087 906 1196 937 forma.
1219 907 1278 937 hoc
1307 906 1384 937 nihil
1413 906 1548 937 habebat
1575 905 1662 936 aliud

193 961 303 998 praeter
328 967 453 987 aureum
479 956 578 998 digito
603 957 730 987 anulum
746 970 754 990 ι
780 968 844 999 quo
873 959 995 989 sublato
1023 960 1109 990 abiit.
1133 971 1168 991 ac
1196 960 1289 1001 paulo
1316 965 1388 1001 post
1411 960 1450 991 ad
1475 960 1661 1001 pastoralem

190 1010 333 1051 pervenit
347 1015 548 1049 conventum,
561 1011 594 1040 in
618 1021 680 1051 quo
704 1010 824 1051 legatus
841 1012 880 1042 de
896 1013 987 1043 rebus
1004 1013 1119 1053 peculii
1137 1013 1174 1043 ad
1200 1023 1302 1053 regem
1317 1023 1374 1054 per
1386 1012 1525 1052 singulos
1540 1023 1663 1044 menses

190 1063 358 1094 referendis
374 1064 525 1094 creandus
541 1069 606 1094 erat
622 1075 628 1094 ;
651 1064 804 1105 juxtaque
828 1065 905 1095 alios
921 1067 1046 1098 assedit.
1069 1067 1258 1107 acciditque,
1278 1071 1312 1097 ut
1326 1077 1396 1097 curn
1413 1067 1492 1098 sorte
1507 1077 1661 1106 gemmam

191 1116 354 1147 introrsum
371 1117 410 1147 ad
429 1127 551 1147 manum
568 1122 700 1149 verteret
716 1118 801 1149 anuli
819 1129 909 1160 quem
928 1131 946 1150 a
961 1121 1112 1151 cadavere
1135 1120 1316 1161 arripuerat,
1331 1121 1434 1151 subito
1449 1130 1469 1151 a
1483 1120 1570 1152 nullo
1584 1131 1663 1152 eon-

193 1171 363 1211 spiceretur
377 1171 492 1212 aliique
507 1172 546 1202 de
562 1172 616 1202 illo
640 1177 787 1214 tanquam
805 1174 933 1205 absente
947 1174 1157 1216 loquerentur.
1184 1174 1281 1216 [300]
1307 1174 1474 1205 admiratus
1488 1185 1562 1215 ergo
1577 1185 1664 1216 gem-

192 1234 271 1254 mam
288 1235 389 1255 rursus
405 1229 572 1255 extrorsum
589 1226 753 1263 convertit,
771 1237 833 1267 quo
849 1227 932 1259 facto
949 1238 1051 1258 rursus
1067 1228 1222 1270 apparuit.
1249 1229 1309 1259 hoc
1323 1228 1377 1259 ille
1399 1229 1662 1270 animadvertens,

191 1278 373 1319 diligentius
388 1278 557 1319 periculum
571 1279 658 1319 fecit,
670 1285 771 1311 utrum
788 1281 868 1312 lianc
884 1282 995 1312 anulus
1006 1283 1065 1312 vim
1078 1283 1204 1313 liaberet
1220 1294 1227 1313 :
1245 1287 1338 1323 atque
1349 1282 1392 1312 ita
1407 1282 1453 1313 illi
1468 1287 1661 1324 compertum

192 1332 262 1372 fuit,
277 1331 362 1373 quod
388 1342 474 1362 versa
490 1333 528 1362 ad
553 1343 584 1363 se
601 1343 722 1375 gemma
738 1344 756 1364 a
772 1335 896 1366 nemine
913 1336 1078 1372 videretur,
1090 1346 1175 1366 versa
1191 1341 1294 1367 autem
1317 1336 1357 1366 ad
1380 1335 1457 1367 alios
1473 1337 1663 1378 conspicuus

193 1386 291 1417 fieret.
315 1386 398 1426 quod
416 1385 542 1426 quidem
557 1392 713 1428 expertus,
724 1389 842 1420 curavit
854 1394 888 1420 ut
905 1390 1024 1431 legatus
1040 1390 1080 1420 ad
1096 1401 1198 1431 regem
1211 1400 1274 1421 una
1290 1400 1360 1421 cum
1376 1389 1445 1421 aliis
1462 1390 1634 1422 mitteretur
1653 1401 1662 1422 :

192 1441 414 1481 profectusque
431 1451 555 1471 uxorem
572 1441 640 1482 ejus
657 1443 807 1482 stupravit
823 1448 855 1474 et
869 1444 908 1474 de
924 1454 995 1484 rege
1011 1443 1227 1474 interficiendo
1244 1454 1313 1474 cum
1334 1454 1372 1474 ea
1386 1443 1550 1474 consilium
1566 1443 1662 1484 iniit3

192 1504 255 1535 quo
271 1504 351 1524 creso
376 1505 503 1534 regnum
532 1495 709 1536 assumpsit.
755 1496 789 1526 Si
805 1496 898 1537 igitur
912 1497 975 1527 duo
998 1498 1074 1528 tales
1099 1497 1185 1527 anuli
1209 1502 1324 1533 essent,
1340 1497 1661 1538 alterumquejustus,

192 1547 325 1589 injustus
341 1548 468 1578 alterum
498 1549 670 1589 possideret
694 1559 729 1579 ac
753 1549 846 1580 ferret
861 1561 868 1579 ε
894 1550 997 1580 nullus
1022 1550 1163 1591 profecto
1179 1555 1272 1590 esset,
1288 1555 1325 1580 ut
1339 1550 1474 1591 videtur,
1490 1551 1570 1582 adeo
1586 1552 1661 1582 ada-

193 1601 363 1640 mantinus,
378 1607 413 1632 ut
437 1602 469 1632 in
496 1602 564 1642 ipsa
581 1602 705 1643 justitia
721 1609 915 1644 permaneret
929 1609 961 1635 et
977 1605 1015 1634 ab
1031 1604 1142 1635 alienis
1158 1605 1312 1635 abstinere
1336 1603 1442 1640 vellet,
1468 1614 1538 1634 cum
1555 1604 1665 1636 liceret

189 1656 235 1688 illi
251 1666 288 1686 ex
305 1656 371 1686 foro
383 1655 552 1696 intrepide,
566 1657 777 1697 quodcunque
793 1657 898 1694 vellet,
912 1657 1056 1698 arripere,
1067 1657 1252 1698 ingredique
1265 1657 1382 1687 alienas
1397 1658 1517 1695 domos,
1529 1662 1561 1688 et
1573 1658 1661 1689 clan-

191 1710 295 1741 culum
323 1719 377 1750 pro
408 1708 539 1739 libidine
565 1710 679 1750 cuique
707 1711 868 1751 congredi,
893 1716 925 1742 et
948 1721 1004 1752 pro
1029 1711 1154 1741 arbitrio
1181 1710 1354 1752 quemlibet
1375 1711 1562 1747 interficere,
1577 1716 1610 1742 et
1623 1722 1662 1743 ex

189 1772 311 1793 carcere
327 1761 456 1797 solvere,
474 1766 505 1792 et
530 1761 604 1802 alia,
620 1763 708 1802 quasi
734 1774 788 1804 par
811 1764 871 1794 deo
898 1764 948 1800 sit,
965 1763 1045 1794 inter
1068 1764 1210 1794 homines
1226 1775 1282 1805 pro
1306 1763 1432 1794 arbitrio
1456 1764 1568 1795 facere.
1592 1764 1660 1796 haec

191 1816 284 1856 igitur
299 1826 370 1846 cum
385 1820 514 1856 uterque
529 1816 656 1852 faceret,
672 1827 869 1858 nequaquam
886 1817 963 1848 alter
977 1819 1015 1848 ab
1031 1818 1127 1848 altero
1143 1819 1176 1848 in
1193 1818 1315 1859 agendo
1333 1818 1483 1857 differret,
1498 1819 1552 1849 sed
1567 1819 1661 1849 ambo

190 1870 301 1900 eodem
317 1869 492 1900 tenderent.
538 1870 618 1906 Quae
633 1870 760 1911 quidem
788 1871 920 1902 maxima
944 1873 1028 1913 apud
1053 1882 1161 1903 omnes
1186 1882 1252 1902 esse
1277 1876 1381 1912 potest
1397 1871 1590 1912 conjectura,
1606 1882 1661 1903 ne·

190 1923 304 1954 minem
329 1923 498 1962 volentem,
514 1923 610 1953 immo
636 1923 767 1954 invitum
793 1935 862 1956 esse
883 1924 1027 1966 justum3
1052 1925 1142 1966 quasi
1166 1925 1199 1956 id
1226 1925 1396 1955 secundum
1413 1935 1446 1955 se
1469 1929 1502 1954 et
1517 1924 1660 1965 privatim

192 1988 256 2008 non
272 1977 312 2007 sit
336 1977 474 2015 bonum;
497 1977 646 2018 quoniam
671 1978 851 2020 ubicunque
866 1978 984 2020 injuste
1001 1990 1090 2020 agere
1115 1980 1248 2021 quisque
1274 1989 1307 2009 se
1331 1989 1425 2020 posse
1437 1977 1581 2015 confidit,
1597 1979 1663 2020 agit

192 2030 342 2072 protinus.
366 2031 510 2071 prodesse
525 2031 609 2061 enim
626 2031 758 2072 quisque
782 2032 923 2073 privatim
950 2033 1046 2063 multo
1071 2033 1168 2074 magis
1193 2031 1350 2063 existimat
1365 2031 1550 2073 injustitiam
1567 2041 1660 2073 quam

186 2084 342 2126 justitiam
358 2097 364 2114 :
391 2089 536 2125 recteque
562 2085 668 2121 sentit,
683 2086 822 2126 quisquis
838 2086 881 2116 ita
895 2086 1032 2127 judicat,
1051 2092 1086 2118 ut
1099 2087 1247 2118 sermonis
1263 2086 1358 2127 liujus
1375 2084 1539 2127 perhibent
1551 2090 1660 2116 aucto·

189 2149 248 2169 res.
293 2138 388 2174 Quod
404 2138 429 2168 si
445 2138 514 2178 quis
537 2138 714 2179 hujusmodi
730 2139 909 2171 facultatem
927 2146 1036 2171 nactus
1052 2140 1126 2170 velit
1151 2141 1190 2170 ab
1219 2139 1372 2180 injustitia
1386 2138 1541 2169 abstinere
1558 2148 1660 2179 neque

189 2192 291 2224 aliena
307 2196 425 2232 tangat,
442 2192 672 2223 infelicissimus
688 2193 826 2223 omnium
843 2199 874 2224 et
890 2194 1109 2224 stolidissimus
1125 2193 1209 2234 apud
1225 2203 1289 2227 eos,
1307 2192 1359 2233 qui
1375 2193 1435 2222 hoc
1451 2192 1661 2227 adverterent,

192 2250 351 2286 putaretur
366 2256 372 2274 ε
409 2244 571 2276 laudarent
599 2250 701 2276 tamen
730 2246 816 2277 illum
845 2247 959 2288 palam,
979 2247 1111 2278 vicissim
1138 2257 1170 2277 se
1196 2246 1402 2286 decipientes,
1428 2245 1502 2286 quia
1529 2245 1659 2276 maxime

190 2300 313 2335 timent,
339 2309 379 2330 ne
404 2299 577 2330 afficiantur
602 2299 725 2340 injuria.
772 2300 880 2341 Atque
907 2302 972 2332 lime
1003 2301 1129 2342 quidem
1158 2301 1202 2330 ita
1227 2300 1287 2330 sint
1316 2299 1410 2330 dicta.
1456 2299 1562 2329 Vitam
1588 2309 1660 2329 vero

193 2353 451 2394 utriusque‚justi
476 2353 625 2384 videlicet
647 2359 678 2384 et
702 2353 823 2394 injusti,
839 2354 881 2386 ita
906 2355 997 2395 plane
1021 2354 1277 2395 dijudicabimus,
1294 2353 1318 2383 si
1337 2352 1544 2393 justissimum
1560 2351 1658 2382 virum

189 2418 324 2438 seorsum
352 2412 384 2437 et
407 2406 645 2447 injustissimum
671 2407 920 2448 distinguemus:
947 2408 1035 2439 aliter
1059 2419 1131 2438 vero
1155 2417 1363 2448 nequaquam.
1409 2406 1456 2436 Sit
1471 2410 1574 2437 autem
1590 2406 1659 2436 haec

189 2461 334 2491 discretio
352 2459 432 2496 talis,
449 2465 481 2490 ut
510 2460 588 2490 nihil
616 2461 790 2491 auferamus
815 2460 977 2501 injustitire
1002 2462 1041 2491 ab
1056 2461 1188 2502 injusto,
1206 2471 1308 2501 neque
1335 2459 1502 2501 quicquam
1517 2458 1657 2500 abjusto

182 2515 313 2555 justitiae
330 2527 335 2544 :
361 2515 415 2545 scd
432 2515 603 2556 perfectum
627 2520 792 2557 utrumque
818 2516 848 2546 in
865 2527 919 2547 suo
935 2516 1040 2547 studio
1058 2527 1218 2557 ponamuS.
1243 2516 1375 2557 primum
1398 2515 1493 2556 igitur
1509 2514 1656 2555 injustus,

187 2572 334 2609 tanquam
364 2569 472 2609 optimi
503 2569 648 2606 artifices,
677 2569 773 2601 saciat
788 2582 794 2600 :
834 2570 979 2602 videlicet
1008 2571 1270 2612 quemadmodum
1301 2570 1488 2610 guberuator
1515 2578 1653 2598 summus

186 2621 234 2651 vel
256 2621 409 2660 medicus,
431 2633 501 2663 quae
516 2622 548 2653 in
573 2628 636 2654 arte
661 2634 717 2654 sua
739 2624 850 2655 confici
876 2630 1005 2665 possunt
1030 2630 1061 2655 ct
1086 2635 1156 2665 qum
1183 2635 1244 2654 non
1272 2628 1413 2664 possunt,
1429 2621 1534 2658 sentit,
1550 2626 1582 2652 et
1598 2621 1654 2652 illa

185 2674 311 2715 quidem
337 2675 525 2716 aggreditur,
552 2676 610 2707 ista
637 2678 783 2718 relinquit
799 2690 806 2709 :
834 2677 930 2720 [361]
961 2683 991 2709 ct
1019 2678 1043 2708 si
1082 2689 1144 2719 qua
1174 2683 1321 2719 proeterea
1345 2676 1379 2707 in
1405 2685 1437 2706 re
1466 2675 1653 2716 peccaverit,

187 2727 337 2769 corrigere
354 2733 457 2769 potest
473 2741 478 2758 :
504 2729 548 2759 ita
572 2736 600 2760 et
626 2731 770 2771 injustus,
787 2737 869 2762 recte
892 2731 1019 2772 injurias
1036 2732 1229 2773 aggrediens,
1247 2731 1353 2770 lateat,
1367 2729 1394 2760 si
1410 2729 1539 2759 maxime
1555 2728 1654 2769 injus-

187 2786 236 2812 tus
251 2781 370 2812 futurus
385 2788 431 2812 cst
446 2794 454 2821 ;
478 2783 524 2813 sin
541 2790 643 2814 autem
660 2786 872 2826 deprehensus
889 2786 991 2820 fuerit,
1009 2785 1089 2816 iners
1105 2785 1328 2816 existimandus
1344 2790 1402 2814 est.
1417 2788 1551 2814 extrema
1567 2782 1652 2813 enim

187 2834 548 2876 injustitia-est,justum
577 2837 671 2868 videri
696 2849 778 2874 eum,
795 2839 848 2880 qui
874 2849 936 2869 nou
961 2839 1126 2880 sitjustuS.
1152 2839 1255 2869 (landa
1271 2843 1318 2868 est
1334 2837 1427 2878 igitur
1451 2835 1654 2877 injustissimo

188 2893 320 2920 extrema
335 2888 498 2929 injustitia,
517 2899 616 2931 neque
633 2892 799 2924 auferenda
814 2904 822 2925 ι
848 2894 900 2924 sed
919 2892 1160 2934 permittendum
1183 2900 1215 2923 ut
1233 2893 1268 2929 is,
1285 2891 1338 2933 qui
1356 2890 1470 2931 injuste
1487 2890 1582 2921 multa
1599 2900 1658 2931 pa-
