1840 3225
240 200 318 244 280
837 201 1102 244 PLATole
1605 198 1703 259 [lli

240 308 334 340 etiam
356 303 474 350 pascua
490 303 638 350 pecorum
657 304 823 361 uberrima.
844 312 998 349 praeterea
1013 307 1100 350 regio
1112 306 1180 340 hae‘e
1193 307 1362 350 quotannis
1376 308 1415 340 ab
1426 303 1507 341 Jove
1520 302 1700 359 frugiferam

239 358 380 405 pluviam
396 362 579 393 hauriebat:
603 371 720 403 neque,
745 367 780 393 ut
800 372 896 398 nunc,
920 372 977 404 per
999 361 1121 394 declive
1132 368 1388 405 praeruptumque
1405 362 1506 394 diluta
1519 372 1557 393 ex
1572 361 1701 393 terrain

244 426 328 448 mare
343 425 457 457 aquam
472 416 635 452 fundebat,
651 415 709 447 sed
723 417 804 447 hanc
819 427 856 447 ex
871 417 943 448 altis
956 417 1081 448 abunde
1094 411 1274 459 absorptam
1289 417 1393 449 tenaci
1406 417 1539 459 quadam
1555 415 1703 449 concavi-

240 475 306 502 tate
327 470 503 502 recondens
522 470 765 511 combibensque
783 465 817 501 in
837 471 956 502 viscera
980 471 1177 502 demittebat.
1199 471 1284 502 unde
1300 471 1415 514 passim
1426 471 1521 513 juges
1535 470 1699 501 fluviorum

238 525 435 566 fontiumque
457 525 594 567 liquores
617 520 846 556 scaturiebant:
877 535 1009 566 quorum
1028 526 1121 556 etiam
1142 526 1275 558 nuncin
1290 526 1447 557 veteribus
1458 524 1596 557 fontibus
1612 533 1702 555 sacra

241 579 384 632 quaedam
401 579 492 621 signa
504 579 615 611 relicta
630 579 872 620 conspiciuntur.
894 585 1085 621 quapropter
1100 581 1133 610 in
1146 581 1313 621 praesentia
1325 580 1365 611 de
1379 581 1429 611 his
1442 589 1518 611 vera
1529 569 1704 610 narrantur.

243 639 337 684 atque
349 635 417 665 baec
432 639 499 665 erat
510 634 647 675 regionis
661 634 754 676 hujus
766 634 916 665 conditio.
933 634 1130 666 excolebatur
1145 640 1296 676 praeterea
1309 641 1385 666 tunc
1401 636 1441 666 ab
1453 626 1708 676 agricultoribus.

241 694 276 720 ut
293 694 540 720 consentaneum
564 694 623 725 est,
637 694 669 719 et
684 689 764 719 veris
778 697 811 719 et
824 690 863 719 ad
879 688 989 719 eadem
1004 689 1071 719 baec
1083 689 1223 726 intentis,
1240 689 1412 731 ingeniosis
1426 689 1566 730 profecto
1579 686 1653 718 viris
1668 690 1703 717 et

239 745 441 775 honestorum
464 743 631 774 admodum
651 743 810 780 studiosis,
832 743 927 774 solum
950 743 1053 774 fertile
1063 744 1175 780 nactis,
1188 754 1300 785 aquam
1310 743 1566 785 copiosissimam,
1578 746 1703 783 tempe-

240 798 319 829 riem
333 798 415 830 aeris
430 797 564 839 singulis
574 796 648 828 anni
661 798 853 839 temporibus
865 797 1109 828 saluberrimam.
1128 798 1211 829 Urbs
1227 803 1331 829 autem
1348 809 1386 829 eo
1402 804 1543 839 tempore
1555 796 1600 827 sic
1614 794 1705 826 insti-

240 857 319 883 tuta.
329 852 429 893 primo
441 851 567 893 quidem
580 852 660 882 arcis
673 859 747 883 tunc
760 852 821 882 alia
830 862 924 893 quam
933 862 1017 883 nunc
1030 858 1096 883 erat
1108 852 1284 894 dispositio.
1302 853 1399 894 [112]
1416 863 1499 884 nunc
1512 851 1595 882 enim
1607 850 1704 881 unius

239 906 341 938 noctis
362 906 470 937 illuvio
492 911 574 936 terra
587 905 735 936 nudatam
751 905 854 947 ipsam
869 906 963 937 diluit
976 911 1009 937 et
1023 912 1111 937 terrae
1126 907 1330 938 concussione
1343 907 1470 942 collisit,
1486 911 1519 936 et
1530 909 1604 936 ante
1618 903 1701 935 illud

238 967 381 1002 tempore
404 960 612 991 Deucalionis
633 960 762 990 exitium
782 966 854 1002 post
876 961 999 992 tertiam
1021 960 1256 991 inundationem
1282 961 1398 991 factum
1413 960 1557 991 similiter
1569 957 1704 989 traditur

239 1005 403 1046 accidisse.
426 1015 579 1055 superiori
602 1025 674 1045 vero
692 1021 833 1056 tempore
854 1015 1036 1056 magnitudo
1057 1014 1125 1056 ejus
1145 1024 1245 1056 usque
1270 1014 1311 1045 ad
1326 1013 1496 1045 Eridanum
1512 1013 1702 1054 Ilissumque

237 1074 385 1110 protensa
416 1068 555 1111 Pnycem
568 1068 651 1099 intus
667 1073 699 1099 et
711 1069 904 1111 Lycabetum
921 1069 1218 1118 comprehendebat,
1231 1068 1395 1100 terminum
1411 1079 1429 1099 e
1443 1068 1571 1109 regione
1584 1066 1705 1109 Pnycis

239 1123 371 1154 habens.
394 1127 519 1153 terrena
532 1127 598 1153 erat
610 1123 723 1163 omnis,
738 1123 908 1164 paucisque
924 1123 1065 1165 exceptis
1080 1124 1176 1165 plana
1189 1134 1337 1164 superne
1352 1122 1536 1153 colebantur
1547 1121 1702 1152 exteriora

239 1176 308 1219 ejus
337 1177 393 1208 sub
419 1168 604 1208 transversis
630 1177 729 1218 ipsius
748 1177 890 1218 partibus
905 1178 944 1208 ab
958 1177 1128 1208 artificibus
1140 1177 1360 1219 agricolisque,
1383 1177 1439 1218 qui
1452 1177 1592 1218 proxime
1609 1184 1704 1216 agros

237 1222 395 1263 colebant
417 1241 552 1273 superna
574 1231 691 1261 milites
707 1231 767 1262 soli
789 1242 887 1273 prope
909 1232 1066 1262 Minervae
1084 1231 1285 1273 Vulcanique
1297 1232 1452 1273 templum
1466 1230 1696 1266 inhabitabant,

237 1285 337 1316 veluti
361 1285 439 1316 aedis
463 1285 555 1316 unius
579 1285 760 1316 viridarium
784 1296 847 1316 uno
871 1286 991 1316 ambitu
1010 1286 1205 1317 circumdati.
1225 1286 1296 1317 loca
1319 1285 1389 1327 ejus
1404 1285 1446 1316 ad
1457 1285 1593 1316 Boream
1607 1293 1702 1315 versa

239 1331 387 1371 colebant
410 1349 592 1371 communes
619 1339 705 1370 aedes
716 1340 869 1370 habentes
881 1344 976 1381 atque
990 1341 1162 1377 coenacula,
1178 1340 1292 1382 quibus
1303 1340 1406 1370 hieme
1419 1339 1597 1370 communia
1607 1347 1700 1379 para-

239 1394 317 1425 bant
337 1394 492 1428 convivia,
513 1398 546 1424 et
564 1404 758 1435 quaecunque
783 1394 940 1425 communi
966 1394 1102 1425 civitatis
1127 1394 1200 1424 vitae
1224 1393 1456 1425 conveniebant
1466 1402 1522 1434 per
1536 1393 1698 1423 domorum

238 1439 467 1480 institutionem
494 1453 558 1478 tam
580 1447 613 1478 in
640 1448 690 1478 bis
715 1458 808 1490 quam
837 1448 870 1478 in
900 1448 1008 1485 sacris,
1030 1449 1097 1479 sine
1125 1458 1200 1479 auro
1223 1453 1255 1479 et
1279 1453 1407 1490 argento
1420 1447 1597 1483 servabant,
1610 1446 1702 1477 nulla

240 1501 423 1545 siquidem
415 1513 448 1533 ιιι
470 1512 502 1532 re
516 1511 653 1543 unquam
669 1503 717 1533 his
732 1502 919 1533 utebantur:
943 1513 1050 1533 verum
1063 1502 1197 1533 medium
1214 1502 1297 1533 inter
1312 1493 1492 1544 superbiam
1505 1500 1702 1532 iffiberalita·

238 1560 368 1603 temque
388 1546 486 1587 secuti
513 1556 659 1586 honestas
679 1556 890 1588 habitationes
908 1557 1080 1593 struebant,
1096 1557 1129 1587 in
1144 1557 1258 1598 quibus
1273 1562 1307 1587 et
1316 1556 1379 1598 ipsi
1390 1559 1654 1588 consenescentes
1665 1560 1700 1586 et

239 1611 307 1643 nati
329 1603 485 1642 natorum.
505 1620 558 1640 eas
571 1611 706 1651 posteris
717 1611 777 1641 sibi
792 1611 947 1642 similibus
960 1611 1192 1653 relinquebant.
1215 1611 1314 1642 hortis
1329 1620 1402 1642 vero
1418 1610 1650 1652 gymnasiisque
1664 1613 1700 1640 et

237 1663 408 1697 coenaculis
428 1663 579 1695 Austrum
599 1674 702 1695 versus
726 1665 879 1707 expositis
904 1665 1072 1696 utebantur
1099 1670 1218 1696 aestate.
1240 1670 1308 1696 erat
1331 1665 1403 1696 fons
1432 1675 1524 1701 unus,
1545 1655 1702 1695 ubinune'

238 1710 318 1751 arcis
333 1724 382 1751 est
397 1719 500 1750 locus:
527 1728 588 1759 quo
604 1719 645 1748 ob
656 1723 745 1750 terrae
759 1711 875 1750 motum
892 1721 1044 1750 exhausto
1057 1719 1150 1751 rivuli
1165 1720 1281 1751 circum
1295 1719 1401 1761 exigui
1413 1719 1516 1750 relicti
1527 1723 1611 1751 sunt.
1620 1723 1699 1750 tunc·

235 1775 345 1805 autem'
357 1773 475 1804 affatim
489 1772 633 1803 omnibus
652 1773 813 1804 humorem
828 1774 1017 1814 suggerebat
1028 1773 1195 1815 irriguum:
1213 1773 1304 1814 cujus
1319 1773 1436 1804 eratad
1449 1778 1587 1805 aestatem
1600 1764 1703 1814 atque'

233 1817 369 1873 hiemem
392 1826 558 1874 temperies
585 1825 740 1859 salutaris.
762 1827 821 1858 hac
842 1827 890 1858 illi
911 1827 1030 1858 ratione
1055 1827 1125 1859 loca
1148 1828 1216 1858 haec
1231 1827 1426 1864 habitabant,
1441 1828 1555 1859 civium
1569 1826 1706 1875 quidem

237 1892 362 1914 suorum
390 1881 550 1931 custodes,
575 1886 747 1912 ceterorum
763 1892 836 1913 vero
853 1881 1035 1913 Graecorum
1051 1881 1223 1912 volentium
1239 1882 1347 1917 duces,
1369 1881 1597 1912 observantes
1588 1892 1620 1912 ιιι
1635 1880 1702 1923 pri-

239 1937 311 1974 mis,
324 1941 360 1983 ut
381 1947 506 1978 semper
525 1936 609 1967 idem
632 1936 754 1966 illorum
776 1940 862 1966 esset
889 1945 1049 1972 numerus,
1066 1936 1199 1967 virorum
1212 1935 1362 1967 videlicet
1371 1934 1646 1977 feminarumque'
1631 1945 1699 1976 Jam

238 1992 271 2022 in
287 2001 318 2022 re
333 1991 449 2021 bellica
461 1990 608 2021 fortium:
639 2000 742 2031 neque
768 1990 867 2020 minor
882 1992 948 2021 erat
959 1999 1096 2032 unquam
1115 1990 1228 2032 viginti
1241 1990 1378 2021 millibus
1393 2000 1540 2021 numerus
1550 1989 1701 2020 militum.

241 2034 321 2076 Cum
350 2044 445 2085 igitur
457 2045 536 2075 tales
551 2044 600 2075 illi
614 2049 729 2080 essent,
745 2054 932 2086 semperque
947 2046 1069 2076 ratione
1082 2044 1259 2087 hujusmodi
1275 2046 1410 2086 patriam
1424 2054 1513 2075 suam
1527 2049 1560 2076 et
1573 2044 1698 2075 univer-

241 2108 305 2130 sam
316 2088 470 2129 Graeciam
481 2087 568 2139 juste
584 2097 803 2139 disponerent,
820 2090 1016 2140 peromnem
1030 2099 1186 2140 Europam
1202 2104 1233 2130 et
1249 2098 1359 2129 Asiam
1372 2104 1435 2130 tam
1450 2097 1576 2140 egregio
1587 2087 1704 2139 corpo-

238 2153 282 2184 ris
307 2152 415 2183 habitu
444 2162 540 2193 quam
565 2151 734 2182 innumeris
758 2152 855 2182 animi
881 2153 1007 2184 dotibus
1026 2154 1175 2190 omnium,
1196 2153 1251 2194 qui
1270 2158 1346 2183 tunc
1374 2157 1473 2189 erant,
1488 2143 1698 2193 probatissimi

239 2211 272 2238 et
291 2205 455 2237 clarissimi
476 2205 681 2236 habebantur.
704 2205 857 2247 deinceps
877 2216 952 2236 vero
974 2207 1081 2247 quales
1095 2207 1342 2237 adversariorum
1355 2206 1393 2236 ab
1408 2206 1500 2237 initio
1517 2216 1566 2237 res
1581 2211 1706 2244 essent,

239 2261 301 2292 nisi
318 2261 408 2296 forte,
435 2271 504 2302 quae
533 2260 621 2300 pueri
636 2259 823 2295 audivimus,
840 2271 856 2290 e
871 2270 921 2291 me
939 2260 1034 2290 moria
1047 2258 1242 2295 exciderunt,
1254 2251 1415 2291 vobiscum
1427 2265 1575 2302 tanquam
1588 2259 1700 2291 amicis

242 2314 554 2348 communicabimus.
578 2314 676 2355 [113]
701 2313 764 2344 Sed
789 2318 958 2354 antequam
985 2314 1130 2350 referam,
1158 2314 1349 2345 admonendi
1370 2314 1458 2350 estis,
1474 2324 1514 2344 ne
1531 2305 1707 2350 miremini.

240 2361 415 2412 siplurima
433 2368 627 2400 barbarorum
648 2368 775 2398 nomina
788 2367 900 2399 Graece
915 2379 999 2399 nunc
1015 2368 1188 2400 audieritis.
1211 2369 1243 2399 id
1259 2368 1344 2399 enim
1360 2378 1398 2398 ex
1414 2377 1453 2399 eo
1466 2367 1608 2409 contigit,
1623 2357 1702 2409 qnia

241 2424 351 2462 Solon,
367 2433 437 2454 cum
451 2421 602 2464 cogitaret
613 2422 669 2453 illa
683 2412 870 2453 carminibus
885 2423 949 2453 suis
963 2423 1109 2459 inserere,
1123 2423 1188 2454 vim
1199 2422 1302 2464 ipsam
1317 2427 1365 2453 est
1378 2422 1539 2453 nominum
1553 2431 1702 2464 perscru-

237 2483 333 2518 tatus,
347 2477 532 2523 invenitque
539 2476 657 2518 primos
670 2476 742 2507 illos
758 2477 931 2519 AEgyptios
940 2477 1047 2508 harum
1059 2488 1159 2509 rerum
1170 2476 1335 2519 scriptores
1351 2476 1385 2507 ιιι
1408 2486 1513 2508 eorum
1529 2486 1638 2508 vocem
1656 2465 1704 2507 ea'

241 2531 582 2575 nominati-anstulisse.
596 2541 692 2573 quare
706 2530 812 2573 etipse
827 2542 932 2562 rursus
939 2531 1184 2574 uniuscujusque
1198 2531 1333 2562 nominis
1345 2541 1471 2562 sensum
1478 2530 1651 2572 accipiens,
1660 2530 1696 2561 ιιι

238 2597 346 2618 vocem
359 2590 497 2630 nostram
511 2585 675 2617 convertit.
688 2591 784 2628 atque
793 2587 860 2617 haec
875 2587 991 2628 scripta
1001 2586 1087 2628 apud
1100 2597 1191 2617 avum
1205 2596 1307 2617 meum
1316 2590 1417 2626 erant,
1426 2588 1460 2616 et
1479 2594 1564 2616 nunc
1591 2584 1695 2616 adbuc

241 2628 328 2682 apud
348 2650 397 2671 me
412 2644 500 2670 sunt:
523 2649 593 2683 quae
605 2650 625 2670 a
640 2640 777 2682 pueritia
788 2639 956 2672 meditatus
971 2651 1049 2672 sum.
1071 2641 1097 2671 si
1113 2651 1186 2682 ergo
1202 2640 1279 2672 talia
1292 2649 1377 2671 nunc
1387 2637 1545 2670 audieritis
1554 2639 1699 2675 nomine,

241 2683 348 2735 qualia
375 2693 460 2734 apud
480 2704 539 2724 nos
555 2699 638 2730 sunt,
654 2704 694 2725 ne
711 2695 881 2726 miremini:
906 2705 980 2726 nam
991 2695 1085 2737 hujus
1099 2695 1144 2726 rei
1156 2704 1282 2726 causam
1298 2693 1484 2735 intelligitis,
1499 2693 1625 2734 prolixae
1641 2703 1700 2724 au-

243 2752 305 2778 tem
326 2747 475 2778 orationis
495 2753 571 2778 tunc
583 2749 745 2780 exordium
758 2748 849 2785 illud,
865 2749 950 2791 quod
967 2754 1000 2780 et
1017 2750 1050 2780 in
1066 2748 1280 2791 superioribus
1293 2747 1333 2779 de
1349 2747 1489 2779 Deorum
1503 2747 1636 2780 sortibus
1650 2751 1702 2778 eat

239 2802 413 2833 inductum.
458 2800 569 2832 Partiti
593 2802 722 2843 quidem
743 2809 817 2834 sunt
840 2804 1016 2834 universam
1031 2809 1154 2840 terram,
1169 2803 1282 2845 partim
1298 2803 1329 2833 in
1345 2801 1516 2843 ampliores
1528 2801 1701 2844 portiana.

240 2856 352 2900 partim
369 2855 574 2896 angustiores
591 2857 771 2899 templaque
785 2863 816 2889 et
830 2867 918 2890 sacra
930 2858 987 2889 sibi
1000 2859 1213 2890 instituerunt.
1235 2862 1311 2889 tunc
1326 2865 1402 2888 sane
1418 2855 1603 2898 Neptunus.
1614 2854 1702 2886 insu-

242 2910 307 2939 lam
329 2908 455 2941 sortitus
468 2908 671 2947 Atlanticum,
687 2911 768 2944 tilios
781 2923 818 2944 ex
834 2913 956 2946 mortali
970 2913 1084 2946 femina
1097 2913 1131 2946 in
1147 2913 1202 2945 tali
1217 2912 1350 2955 quodam
1364 2910 1475 2943 insulae
1501 2910 1573 2944 loto
1588 2905 1702 2952 purg&-
