1840 3225
715 672 1166 724 CLITOPHON.

674 846 918 889 SOCRATES,
941 846 1212 879 CLITOPHON.

205 1024 302 1064 [406]
328 1021 456 1053 Numan
483 1022 557 1053 mihi
583 1021 689 1052 retulit
712 1021 838 1062 quidam
865 1020 1116 1061 Clitophontem,
1142 1020 1340 1062 Aristonymi
1365 1022 1475 1061 filium,
1490 1025 1670 1067 loquentem

202 1086 274 1106 cum
290 1075 396 1117 Lysia,
413 1075 548 1107 Socratis
564 1075 691 1116 quidem
706 1075 965 1104 consuetudinem
993 1073 1181 1114 vituperare,
1197 1074 1422 1116 Thrasymachi
1445 1088 1518 1109 vero
1543 1078 1672 1112 laudare

203 1139 392 1170 magnopere
422 1130 560 1160 solitum.
606 1128 683 1159 Cu.
707 1127 858 1169 Quisquis
887 1127 953 1167 ille,
980 1137 999 1157 o
1023 1127 1175 1162 Socrates,
1192 1127 1394 1165 fuerit,haud
1418 1136 1502 1163 recte
1525 1134 1672 1170 narravit,

200 1192 271 1223 quae
287 1183 327 1213 de
343 1188 373 1213 te
390 1193 459 1213 cum
476 1182 572 1224 Lysia
600 1192 667 1212 sum
693 1181 828 1212 locutus.
850 1191 921 1211 nam
948 1181 981 1210 in
1007 1180 1194 1222 quibusdam
1219 1181 1344 1213 laudavi
1367 1188 1409 1220 te,
1424 1184 1457 1215 in
1483 1185 1670 1227 quibusdam

201 1236 339 1267 minime.
385 1236 558 1278 Postquam
585 1246 656 1266 vero
681 1240 789 1276 aperte
818 1245 983 1266 succenses
1011 1234 1099 1270 mihi,
1115 1245 1304 1276 quamquam
1330 1236 1518 1279 dissimulas,
1534 1244 1565 1270 te
1590 1240 1670 1271 nihil

199 1300 317 1326 curare,
335 1290 538 1321 libentissime
554 1300 613 1331 ego
627 1289 697 1331 ipse
712 1288 769 1320 tibi
785 1289 838 1319 illa
854 1289 981 1320 referam
999 1300 1005 1318 :
1032 1289 1202 1329 praesertim
1218 1299 1289 1320 cum
1305 1290 1364 1320 soli
1379 1290 1475 1322 simus
1490 1303 1498 1322 t
1522 1303 1563 1323 ne
1587 1294 1670 1324 adeo

199 1349 230 1374 te
246 1344 367 1385 despici
383 1349 488 1386 putes.
532 1344 626 1374 Forte
640 1343 723 1374 enim
738 1353 822 1374 nunc
838 1353 902 1373 non
918 1347 1002 1374 recte
1019 1342 1132 1373 audisti
1149 1353 1155 1372 ;
1181 1342 1328 1384 quocirca
1344 1343 1494 1375 infensior
1507 1345 1583 1376 mihi
1597 1347 1668 1378 red·

199 1397 283 1427 ditus
298 1407 343 1438 eS,
356 1407 449 1439 quam
466 1397 587 1428 deceat.
632 1396 678 1426 At
693 1397 718 1426 si
734 1396 801 1437 ipse
817 1395 892 1426 mihi
908 1400 1094 1436 potestatem
1122 1396 1217 1426 libere
1243 1395 1394 1438 loquendi
1419 1398 1555 1439 dederis,
1570 1399 1670 1431 liben-

197 1450 314 1481 tissime
330 1462 393 1482 rem
410 1451 468 1481 tibi
484 1451 624 1481 narrabo.
669 1450 724 1480 So.
747 1449 791 1479 At
806 1454 895 1490 turpe
923 1448 1052 1479 nimium
1079 1454 1172 1485 esset,
1188 1449 1213 1479 si
1237 1454 1280 1486 te,
1295 1450 1445 1491 prodesse
1469 1450 1566 1494 [407]
1592 1453 1669 1484 mihi

196 1504 366 1541 volentem,
391 1515 454 1535 non
480 1505 620 1535 tolerem.
666 1502 799 1535 Constat
823 1503 918 1542 enim,
938 1502 994 1533 ubi
1023 1502 1217 1543 intellexero,
1245 1513 1308 1544 qua
1337 1504 1447 1542 malus,
1474 1515 1538 1546 qua
1565 1506 1667 1538 bonus

197 1557 266 1595 sim,
281 1558 434 1589 deteriora
457 1558 683 1590 declinaturum
709 1568 775 1588 esse
801 1568 857 1599 pro
885 1556 1010 1593 viribus,
1028 1556 1156 1587 meliora
1179 1562 1426 1597 prosecuturum.
1473 1558 1551 1591 Cu.
1577 1560 1667 1592 Audi

196 1610 300 1651 igitur.
346 1611 502 1653 Equidem
531 1618 635 1644 tecum
663 1616 813 1651 versatus,
839 1619 1065 1652 saepenumerO,
1093 1611 1249 1648 Socrates,
1277 1611 1477 1643 vehementer
1505 1613 1665 1655 obstupui,

196 1665 270 1695 dum
287 1671 317 1696 te
332 1665 511 1706 loquentem
527 1666 679 1706 audirem,
693 1666 829 1706 mihique
846 1665 933 1696 visus
949 1676 982 1696 es
997 1664 1231 1706 praeclarissime
1247 1665 1386 1695 omnium
1411 1666 1527 1707 dicere,
1541 1668 1665 1708 quoties

195 1718 363 1760 objurgans
385 1720 539 1756 homines,
562 1719 660 1750 veluti
684 1731 702 1750 e
731 1719 873 1749 machina
900 1719 1015 1760 tragica
1041 1718 1142 1755 Deus,
1168 1719 1273 1748 subito
1299 1719 1499 1757 exclamares,
1515 1721 1663 1757 Quonam

195 1772 296 1814 ruitis,
310 1774 476 1805 homines?
499 1774 637 1810 nescitis,
653 1784 716 1814 quo
742 1772 895 1813 feramini,
910 1783 1012 1814 neque
1039 1777 1250 1813 opportunum
1278 1773 1452 1814 quidquam
1475 1774 1582 1815 agitis,
1607 1775 1664 1816 qui

195 1826 280 1857 omni
309 1827 413 1857 studio
444 1827 584 1868 pecuniis
607 1826 803 1858 cumulandis
830 1826 1022 1862 incumbitis,
1052 1825 1132 1856 filios
1157 1831 1275 1862 autem,
1300 1826 1412 1867 quibus
1441 1836 1494 1857 eas
1524 1826 1662 1859 relicturi

194 1879 280 1919 estis,
297 1879 466 1921 negligitis,
482 1891 596 1921 neque,
613 1885 647 1910 ut
662 1879 721 1909 illis
734 1878 819 1919 juste
835 1879 879 1909 uti
896 1879 1008 1916 sciant,
1025 1889 1078 1909 eos
1090 1878 1223 1919 justitiae
1241 1880 1486 1920 praeceptoribus
1502 1873 1662 1912 commen-

195 1932 288 1969 datis,
302 1934 357 1975 qui
374 1932 688 1974 doceantjilstitiaiii,
704 1933 729 1963 si
744 1933 850 1963 doceri
877 1937 993 1973 potest,
1010 1938 1054 1973 et,
1071 1932 1096 1963 si
1124 1932 1346 1963 exercitatione
1369 1943 1406 1964 ac
1433 1935 1662 1967 consuetudine

194 1988 404 2028 comparanda
425 1992 482 2023 est,
499 1987 664 2028 diligenter
687 1992 864 2017 exerceant.
908 1985 1022 2027 Neque
1047 1996 1105 2016 vos
1129 1986 1222 2016 etiam
1247 1985 1332 2027 ipsos
1358 1986 1488 2017 curastis
1512 1997 1662 2029 unquam.

194 2039 257 2070 Sed
274 2050 343 2071 cum
361 2041 504 2081 videatis,
517 2040 631 2076 literas,
646 2040 794 2071 musicam
818 2045 851 2071 et
866 2040 1092 2082 gymnasticam
1119 2050 1173 2070 vos
1199 2039 1341 2080 filiosque
1367 2045 1484 2071 vestros
1509 2041 1549 2072 ad
1576 2041 1660 2072 suffi-

193 2092 338 2123 cientiam
354 2099 549 2130 consecutos,
566 2104 659 2134 quam
675 2094 795 2124 virtutis
810 2093 1007 2134 disciplinam
1025 2092 1196 2133 perfectam
1212 2092 1404 2130 existimatis,
1416 2093 1532 2125 deinde
1544 2093 1660 2126 nihilo·

191 2145 295 2177 minus
310 2146 391 2178 circa
412 2147 561 2188 pecunias
587 2158 698 2188 pravos
722 2158 801 2188 esse,
814 2158 868 2178 cur
894 2157 957 2177 non
982 2152 1166 2187 praesentem
1188 2147 1407 2177 educationem
1433 2148 1658 2179 contemnitis?

191 2209 246 2230 cur
261 2210 323 2230 non
338 2201 474 2241 quaeritis
490 2201 622 2241 aliquos,
637 2202 690 2242 qui
708 2212 760 2232 vos
775 2202 814 2232 ab
831 2202 889 2231 hac
915 2200 947 2230 in
973 2200 1090 2230 musica
1115 2200 1308 2230 dissonantia
1333 2199 1483 2232 liberent?
1532 2201 1659 2232 Etenim

191 2260 320 2294 propter
334 2254 393 2285 hoc
409 2254 558 2286 delictum
574 2255 808 2296 socordiamque
825 2254 934 2296 magis,
952 2264 1044 2294 quam
1063 2258 1189 2294 propter
1206 2253 1295 2294 pedis
1310 2253 1350 2283 ad
1375 2253 1473 2295 lyram
1498 2255 1656 2287 dissonam

193 2308 376 2348 motionem,
393 2314 425 2339 et
438 2309 530 2339 frater
546 2309 691 2339 adversus
708 2309 842 2345 fratrem,
858 2313 889 2338 et
904 2307 1015 2339 civitas
1031 2308 1178 2337 adversus
1193 2307 1269 2337 alias
1284 2307 1437 2344 civitates,
1454 2307 1659 2339 immoderata

193 2367 226 2391 et
241 2362 379 2393 discordi
394 2363 548 2393 seditione
566 2364 692 2393 suborta
707 2363 858 2399 feruntur,
876 2368 907 2393 et
921 2361 1085 2393 commisso
1103 2360 1210 2402 proelio
1226 2366 1361 2391 extrema
1377 2361 1538 2402 patiuntur
1551 2367 1585 2393 et
1608 2362 1657 2392 in-

189 2414 307 2447 ferunt.
352 2414 419 2446 Vos
435 2420 537 2445 autem
555 2415 671 2452 dicitis,
688 2426 749 2446 non
766 2421 893 2458 propter
907 2415 1072 2445 ruditatem
1095 2414 1324 2455 inscitiamque,
1341 2415 1395 2445 sed
1420 2419 1532 2455 sponte
1557 2414 1658 2455 injus-

191 2472 239 2496 tos
255 2478 321 2498 esse
336 2479 402 2507 θος,
418 2470 471 2510 qui
489 2475 561 2500 sunt
576 2469 683 2510 injusti
699 2481 705 2499 ε
731 2479 896 2510 rursusque
910 2478 1041 2499 asserere
1058 2478 1120 2498 non
1143 2467 1304 2508 dubitatis,
1327 2467 1511 2508 injustitiam
1534 2473 1655 2509 turpem

190 2531 256 2550 esse
271 2532 346 2558 rem,
363 2522 498 2563 Deoque
513 2523 665 2553 odiosam.
711 2523 815 2559 Quam
833 2522 926 2563 igitur
940 2522 980 2552 ob
992 2531 1119 2552 causam
1134 2521 1192 2551 hoc
1205 2526 1323 2551 tantum
1336 2521 1450 2552 malum
1459 2526 1572 2562 sponte
1584 2521 1654 2562 quis

190 2573 277 2614 eligit
292 2575 302 2604 ?
348 2575 573 2616 Respondetis,
589 2577 747 2606 hominem
764 2581 944 2619 superatum
961 2575 1175 2616 voluptatibus
1192 2575 1223 2605 id
1240 2575 1352 2605 subire.
1396 2574 1512 2605 Nonne
1528 2584 1654 2616 supera-

187 2625 226 2665 ri,
241 2633 350 2666 praeter
364 2628 554 2659 voluntateri)
570 2636 628 2666 est,
645 2629 898 2671 quandoquidem
923 2639 958 2659 cx
985 2628 1144 2659 voluntate
1171 2634 1218 2659 est
1243 2628 1409 2669 superare?
1455 2628 1655 2669 Quapropter

187 2678 304 2720 injuste
320 2691 422 2721 agere,
439 2688 548 2722 praeter
563 2683 754 2713 voluntatem
772 2693 851 2723 esse,
869 2683 995 2712 omuino
1012 2683 1089 2712 ratio
1113 2682 1283 2713 convincit.
1328 2681 1569 2722 Diligentiorem
1594 2681 1653 2712 ita-

188 2744 250 2774 que
266 2744 382 2770 curam,
398 2745 490 2775 quam
507 2736 597 2772 solet,
613 2737 771 2774 adhibere,
787 2741 819 2767 et
834 2736 914 2766 viros
930 2746 1037 2767 omnes
1054 2736 1195 2777 privatim
1211 2741 1243 2766 et
1258 2735 1383 2777 publice
1397 2734 1539 2765 civitates
1550 2735 1655 2766 decet.

190 2788 323 2824 Quoties
349 2788 419 2825 ista,
435 2789 591 2829 Socrates,
607 2790 701 2821 audio
726 2795 757 2820 te
785 2789 956 2825 dicentem,
972 2789 1082 2819 mirum
1107 2789 1138 2819 in
1163 2789 1290 2819 modurn
1317 2787 1455 2819 delector
1480 2797 1516 2818 ac
1543 2787 1652 2828 laudo,

187 2841 334 2883 idemque
360 2841 454 2878 facio,
470 2851 540 2872 cum
568 2853 704 2883 ea,quae
732 2848 914 2883 sequuntur,
929 2843 1084 2873 ausculto.
1130 2842 1233 2873 Addis
1259 2841 1356 2878 enim,
1382 2851 1448 2877 eos,
1471 2840 1652 2882 quicunque

187 2905 300 2935 corpus
325 2894 453 2936 quidem
480 2898 637 2933 exercent,
665 2897 802 2927 animum
828 2907 901 2927 vero
929 2896 1105 2937 negligunt,
1131 2896 1217 2937 quod
1243 2901 1352 2926 natura
1380 2893 1555 2935 subjectum
1591 2900 1652 2930 est,

186 2948 309 2988 colere3
332 2959 476 2990 spernere
505 2959 590 2987 vero,
607 2950 691 2991 quod
717 2950 860 2992 imperat.
904 2949 986 2982 Item
1017 2950 1185 2991 unicuique
1215 2959 1304 2981 usum
1334 2947 1402 2989 ejus
1433 2947 1488 2986 rei,
1513 2957 1576 2990 qua
1605 2947 1652 2979 uti
