<?xml version="1.0" encoding="UTF-8"?>
<!DOCTYPE html PUBLIC "-//W3C//DTD XHTML 1.0 Transitional//EN"
    "http://www.w3.org/TR/xhtml1/DTD/xhtml1-transitional.dtd">
<html xmlns="http://www.w3.org/1999/xhtml" xml:lang="en" lang="en">
 <head>
  <title>
</title>
<meta http-equiv="Content-Type" content="text/html;charset=utf-8" />
  <meta name='ocr-system' content='tesseract 3.04.00' />
  <meta name='ocr-capabilities' content='ocr_page ocr_carea ocr_par ocr_line ocrx_word'/>
</head>
<body>
  <div class='ocr_page' id='page_1' title='image "./platonisetquaeve11plat_0040.png"; bbox 0 0 1840 3225; ppageno 0'>
   <div class='ocr_carea' id='block_1_1' title="bbox 230 214 1709 267">
    <p class='ocr_par' dir='ltr' id='par_1_1' title="bbox 230 214 1709 267">
     <span class='ocr_line' id='line_1_1' title="bbox 230 214 1709 267; baseline 0.003 -17"><span class='ocrx_word' id='word_1_1' title='bbox 230 214 281 250; x_wconf 77' lang='lat'>28</span> <span class='ocrx_word' id='word_1_2' title='bbox 830 214 1095 254; x_wconf 83' lang='lat' dir='ltr'><strong>PLATONIS</strong></span> <span class='ocrx_word' id='word_1_3' title='bbox 1638 216 1709 267; x_wconf 82' lang='lat'>[63</span> 
     </span>
    </p>
   </div>
   <div class='ocr_carea' id='block_1_2' title="bbox 218 316 1707 2959">
    <p class='ocr_par' dir='ltr' id='par_1_2' title="bbox 218 316 1707 2959">
     <span class='ocr_line' id='line_1_2' title="bbox 232 316 1706 361; baseline 0.004 -16"><span class='ocrx_word' id='word_1_4' title='bbox 232 316 354 347; x_wconf 78' lang='lat' dir='ltr'>videtur</span> <span class='ocrx_word' id='word_1_5' title='bbox 367 316 538 359; x_wconf 81' lang='lat' dir='ltr'>agendum.</span> <span class='ocrx_word' id='word_1_6' title='bbox 585 316 642 351; x_wconf 87' lang='lat' dir='ltr'>So.</span> <span class='ocrx_word' id='word_1_7' title='bbox 668 316 744 349; x_wconf 79' lang='lat' dir='ltr'>Esto</span> <span class='ocrx_word' id='word_1_8' title='bbox 765 318 859 360; x_wconf 87' lang='lat' dir='ltr'>igitur</span> <span class='ocrx_word' id='word_1_9' title='bbox 886 319 976 350; x_wconf 83' lang='lat' dir='ltr'>nobis</span> <span class='ocrx_word' id='word_1_10' title='bbox 993 318 1037 349; x_wconf 86' lang='lat' dir='ltr'>vir</span> <span class='ocrx_word' id='word_1_11' title='bbox 1060 318 1188 361; x_wconf 89' lang='lat' dir='ltr'>quidam</span> <span class='ocrx_word' id='word_1_12' title='bbox 1215 317 1352 360; x_wconf 75' lang='lat' dir='ltr'>sapiens,</span> <span class='ocrx_word' id='word_1_13' title='bbox 1367 318 1420 360; x_wconf 84' lang='lat' dir='ltr'>qui</span> <span class='ocrx_word' id='word_1_14' title='bbox 1448 319 1529 350; x_wconf 87' lang='lat' dir='ltr'>norit</span> <span class='ocrx_word' id='word_1_15' title='bbox 1543 319 1619 361; x_wconf 86' lang='lat' dir='ltr'>quid</span> <span class='ocrx_word' id='word_1_16' title='bbox 1635 320 1706 361; x_wconf 75' lang='lat' dir='ltr'>ipsa</span> 
     </span>
     <span class='ocr_line' id='line_1_3' title="bbox 227 367 1706 415; baseline 0.003 -16"><span class='ocrx_word' id='word_1_17' title='bbox 227 367 354 408; x_wconf 80' lang='lat' dir='ltr'>justitia</span> <span class='ocrx_word' id='word_1_18' title='bbox 378 372 430 408; x_wconf 77' lang='lat' dir='ltr'>sit,</span> <span class='ocrx_word' id='word_1_19' title='bbox 448 372 662 414; x_wconf 76' lang='lat' dir='ltr'><strong>rationemque</strong></span> <span class='ocrx_word' id='word_1_20' title='bbox 689 372 906 415; x_wconf 86' lang='lat' dir='ltr'>iutelligentiae</span> <span class='ocrx_word' id='word_1_21' title='bbox 933 373 1080 404; x_wconf 81' lang='lat' dir='ltr'>comitem</span> <span class='ocrx_word' id='word_1_22' title='bbox 1107 374 1234 411; x_wconf 81' lang='lat' dir='ltr'>habeat,</span> <span class='ocrx_word' id='word_1_23' title='bbox 1258 383 1318 404; x_wconf 90' lang='lat' dir='ltr'>nec</span> <span class='ocrx_word' id='word_1_24' title='bbox 1342 383 1405 404; x_wconf 89' lang='lat' dir='ltr'>non</span> <span class='ocrx_word' id='word_1_25' title='bbox 1433 373 1552 415; x_wconf 87' lang='lat' dir='ltr'>reliqua</span> <span class='ocrx_word' id='word_1_26' title='bbox 1579 379 1706 409; x_wconf 80' lang='lat' dir='ltr'>cuncta,</span> 
     </span>
     <span class='ocr_line' id='line_1_4' title="bbox 231 426 1707 467; baseline 0.003 -14"><span class='ocrx_word' id='word_1_27' title='bbox 231 433 431 466; x_wconf 80' lang='lat' dir='ltr'>quaecunque</span> <span class='ocrx_word' id='word_1_28' title='bbox 463 431 546 467; x_wconf 79' lang='lat' dir='ltr'>sunt,</span> <span class='ocrx_word' id='word_1_29' title='bbox 576 427 717 458; x_wconf 87' lang='lat' dir='ltr'>similiter</span> <span class='ocrx_word' id='word_1_30' title='bbox 743 427 866 458; x_wconf 80' lang='lat' dir='ltr'>calleat.</span> <span class='ocrx_word' id='word_1_31' title='bbox 914 427 1002 458; x_wconf 82' lang='lat' dir='ltr'>Pno.</span> <span class='ocrx_word' id='word_1_32' title='bbox 1028 426 1104 457; x_wconf 86' lang='lat' dir='ltr'>Esto</span> <span class='ocrx_word' id='word_1_33' title='bbox 1130 437 1216 458; x_wconf 79' lang='lat' dir='ltr'>sane.</span> <span class='ocrx_word' id='word_1_34' title='bbox 1262 428 1318 458; x_wconf 91' lang='lat' dir='ltr'>So.</span> <span class='ocrx_word' id='word_1_35' title='bbox 1340 426 1426 458; x_wconf 88' lang='lat' dir='ltr'>Num</span> <span class='ocrx_word' id='word_1_36' title='bbox 1452 427 1511 458; x_wconf 82' lang='lat' dir='ltr'>iste</span> <span class='ocrx_word' id='word_1_37' title='bbox 1539 427 1707 458; x_wconf 82' lang='lat' dir='ltr'>sufficienti</span> 
     </span>
     <span class='ocr_line' id='line_1_5' title="bbox 233 477 1704 524; baseline 0.003 -17"><span class='ocrx_word' id='word_1_38' title='bbox 233 477 366 509; x_wconf 79' lang='lat' dir='ltr'>scientia</span> <span class='ocrx_word' id='word_1_39' title='bbox 382 481 535 520; x_wconf 79' lang='lat' dir='ltr'>praeditus</span> <span class='ocrx_word' id='word_1_40' title='bbox 550 480 620 520; x_wconf 87' lang='lat' dir='ltr'>erit,</span> <span class='ocrx_word' id='word_1_41' title='bbox 637 481 662 511; x_wconf 83' lang='lat' dir='ltr'>si</span> <span class='ocrx_word' id='word_1_42' title='bbox 678 480 786 512; x_wconf 89' lang='lat' dir='ltr'>circuli</span> <span class='ocrx_word' id='word_1_43' title='bbox 802 485 834 511; x_wconf 89' lang='lat' dir='ltr'>et</span> <span class='ocrx_word' id='word_1_44' title='bbox 846 481 975 521; x_wconf 76' lang='lat' dir='ltr'>spliaerae</span> <span class='ocrx_word' id='word_1_45' title='bbox 992 480 1090 521; x_wconf 87' lang='lat' dir='ltr'>ipsius</span> <span class='ocrx_word' id='word_1_46' title='bbox 1107 480 1222 524; x_wconf 79' lang='lat' dir='ltr'>divinae</span> <span class='ocrx_word' id='word_1_47' title='bbox 1238 481 1389 511; x_wconf 86' lang='lat' dir='ltr'>rationem</span> <span class='ocrx_word' id='word_1_48' title='bbox 1407 486 1523 521; x_wconf 82' lang='lat' dir='ltr'>teneat,</span> <span class='ocrx_word' id='word_1_49' title='bbox 1537 481 1704 512; x_wconf 86' lang='lat' dir='ltr'>humanam</span> 
     </span>
     <span class='ocr_line' id='line_1_6' title="bbox 232 533 1705 575; baseline 0.003 -15"><span class='ocrx_word' id='word_1_50' title='bbox 232 541 304 561; x_wconf 87' lang='lat' dir='ltr'>vero</span> <span class='ocrx_word' id='word_1_51' title='bbox 321 533 401 564; x_wconf 83' lang='lat' dir='ltr'>hanc</span> <span class='ocrx_word' id='word_1_52' title='bbox 416 535 568 574; x_wconf 84' lang='lat' dir='ltr'>sphaeram</span> <span class='ocrx_word' id='word_1_53' title='bbox 581 540 612 565; x_wconf 86' lang='lat' dir='ltr'>et</span> <span class='ocrx_word' id='word_1_54' title='bbox 627 535 683 565; x_wconf 86' lang='lat' dir='ltr'>hos</span> <span class='ocrx_word' id='word_1_55' title='bbox 699 534 833 566; x_wconf 85' lang='lat' dir='ltr'>circulos</span> <span class='ocrx_word' id='word_1_56' title='bbox 850 544 973 575; x_wconf 88' lang='lat' dir='ltr'>prorsus</span> <span class='ocrx_word' id='word_1_57' title='bbox 1000 533 1134 574; x_wconf 77' lang='lat' dir='ltr'>ignoret,</span> <span class='ocrx_word' id='word_1_58' title='bbox 1149 534 1223 564; x_wconf 91' lang='lat' dir='ltr'>dum</span> <span class='ocrx_word' id='word_1_59' title='bbox 1248 534 1278 564; x_wconf 88' lang='lat' dir='ltr'>in</span> <span class='ocrx_word' id='word_1_60' title='bbox 1307 535 1513 565; x_wconf 84' lang='lat' dir='ltr'>architectura</span> <span class='ocrx_word' id='word_1_61' title='bbox 1538 535 1705 565; x_wconf 87' lang='lat' dir='ltr'>similibus-</span> 
     </span>
     <span class='ocr_line' id='line_1_7' title="bbox 230 587 1705 629; baseline 0.003 -14"><span class='ocrx_word' id='word_1_62' title='bbox 230 595 293 625; x_wconf 85' lang='lat' dir='ltr'>que</span> <span class='ocrx_word' id='word_1_63' title='bbox 310 587 455 627; x_wconf 81' lang='lat' dir='ltr'>operibus</span> <span class='ocrx_word' id='word_1_64' title='bbox 469 589 654 625; x_wconf 83' lang='lat' dir='ltr'>canonibus,</span> <span class='ocrx_word' id='word_1_65' title='bbox 671 589 701 619; x_wconf 89' lang='lat' dir='ltr'>id</span> <span class='ocrx_word' id='word_1_66' title='bbox 731 594 778 619; x_wconf 81' lang='lat' dir='ltr'>est</span> <span class='ocrx_word' id='word_1_67' title='bbox 804 587 917 629; x_wconf 85' lang='lat' dir='ltr'>regulis</span> <span class='ocrx_word' id='word_1_68' title='bbox 943 587 1128 629; x_wconf 89' lang='lat' dir='ltr'>circulisque</span> <span class='ocrx_word' id='word_1_69' title='bbox 1155 588 1282 619; x_wconf 87' lang='lat' dir='ltr'>utetur?</span> <span class='ocrx_word' id='word_1_70' title='bbox 1328 588 1416 619; x_wconf 83' lang='lat' dir='ltr'>Pno.</span> <span class='ocrx_word' id='word_1_71' title='bbox 1439 587 1587 619; x_wconf 77' lang='lat' dir='ltr'>Ridicula</span> <span class='ocrx_word' id='word_1_72' title='bbox 1599 588 1668 624; x_wconf 88' lang='lat' dir='ltr'>erit,</span> <span class='ocrx_word' id='word_1_73' title='bbox 1685 599 1705 619; x_wconf 89' lang='lat' dir='ltr'>o</span> 
     </span>
     <span class='ocr_line' id='line_1_8' title="bbox 231 639 1707 683; baseline 0.003 -15"><span class='ocrx_word' id='word_1_74' title='bbox 231 639 387 677; x_wconf 82' lang='lat' dir='ltr'>Socrates,</span> <span class='ocrx_word' id='word_1_75' title='bbox 405 642 545 683; x_wconf 83' lang='lat' dir='ltr'>cognitio</span> <span class='ocrx_word' id='word_1_76' title='bbox 561 648 678 683; x_wconf 87' lang='lat' dir='ltr'>nostra,</span> <span class='ocrx_word' id='word_1_77' title='bbox 694 642 720 674; x_wconf 80' lang='lat' dir='ltr'>si</span> <span class='ocrx_word' id='word_1_78' title='bbox 735 641 767 673; x_wconf 88' lang='lat' dir='ltr'>in</span> <span class='ocrx_word' id='word_1_79' title='bbox 786 641 902 672; x_wconf 87' lang='lat' dir='ltr'>divinis</span> <span class='ocrx_word' id='word_1_80' title='bbox 913 642 1065 672; x_wconf 72' lang='lat' dir='ltr'>duntaxat</span> <span class='ocrx_word' id='word_1_81' title='bbox 1077 647 1224 673; x_wconf 79' lang='lat' dir='ltr'>versetur.</span> <span class='ocrx_word' id='word_1_82' title='bbox 1269 642 1326 674; x_wconf 89' lang='lat' dir='ltr'>So.</span> <span class='ocrx_word' id='word_1_83' title='bbox 1351 642 1437 680; x_wconf 89' lang='lat' dir='ltr'>Quid</span> <span class='ocrx_word' id='word_1_84' title='bbox 1453 643 1523 673; x_wconf 87' lang='lat' dir='ltr'>ais?</span> <span class='ocrx_word' id='word_1_85' title='bbox 1547 654 1622 674; x_wconf 89' lang='lat' dir='ltr'>num</span> <span class='ocrx_word' id='word_1_86' title='bbox 1638 643 1707 673; x_wconf 79' lang='lat' dir='ltr'>salsi</span> 
     </span>
     <span class='ocr_line' id='line_1_9' title="bbox 229 694 1704 738; baseline 0.003 -15"><span class='ocrx_word' id='word_1_87' title='bbox 229 694 360 724; x_wconf 85' lang='lat' dir='ltr'>canonis</span> <span class='ocrx_word' id='word_1_88' title='bbox 375 700 469 736; x_wconf 88' lang='lat' dir='ltr'>atque</span> <span class='ocrx_word' id='word_1_89' title='bbox 487 697 596 728; x_wconf 89' lang='lat' dir='ltr'>circuli</span> <span class='ocrx_word' id='word_1_90' title='bbox 615 697 765 738; x_wconf 86' lang='lat' dir='ltr'>impuram</span> <span class='ocrx_word' id='word_1_91' title='bbox 783 703 816 727; x_wconf 88' lang='lat' dir='ltr'>et</span> <span class='ocrx_word' id='word_1_92' title='bbox 829 696 1005 726; x_wconf 81' lang='lat' dir='ltr'>instabilem</span> <span class='ocrx_word' id='word_1_93' title='bbox 1019 701 1115 726; x_wconf 88' lang='lat' dir='ltr'>artem</span> <span class='ocrx_word' id='word_1_94' title='bbox 1133 696 1266 727; x_wconf 86' lang='lat' dir='ltr'>inserere</span> <span class='ocrx_word' id='word_1_95' title='bbox 1283 707 1344 727; x_wconf 83' lang='lat' dir='ltr'>una</span> <span class='ocrx_word' id='word_1_96' title='bbox 1365 702 1398 727; x_wconf 88' lang='lat' dir='ltr'>et</span> <span class='ocrx_word' id='word_1_97' title='bbox 1422 697 1592 728; x_wconf 79' lang='lat' dir='ltr'>immiscere</span> <span class='ocrx_word' id='word_1_98' title='bbox 1607 697 1704 728; x_wconf 85' lang='lat' dir='ltr'>debe-</span> 
     </span>
     <span class='ocr_line' id='line_1_10' title="bbox 229 748 1704 793; baseline 0.003 -16"><span class='ocrx_word' id='word_1_99' title='bbox 229 756 298 777; x_wconf 85' lang='lat' dir='ltr'>mus</span> <span class='ocrx_word' id='word_1_100' title='bbox 312 748 323 778; x_wconf 92' lang='lat'>?</span> <span class='ocrx_word' id='word_1_101' title='bbox 370 748 458 781; x_wconf 72' lang='lat' dir='ltr'>Pno.</span> <span class='ocrx_word' id='word_1_102' title='bbox 483 749 701 782; x_wconf 84' lang='lat' dir='ltr'>Necessarium</span> <span class='ocrx_word' id='word_1_103' title='bbox 719 752 778 781; x_wconf 86' lang='lat' dir='ltr'>hoc</span> <span class='ocrx_word' id='word_1_104' title='bbox 794 755 854 790; x_wconf 85' lang='lat' dir='ltr'>est,</span> <span class='ocrx_word' id='word_1_105' title='bbox 871 750 894 780; x_wconf 86' lang='lat' dir='ltr'>si</span> <span class='ocrx_word' id='word_1_106' title='bbox 919 750 1011 781; x_wconf 91' lang='lat' dir='ltr'>modo</span> <span class='ocrx_word' id='word_1_107' title='bbox 1036 750 1105 791; x_wconf 92' lang='lat' dir='ltr'>quis</span> <span class='ocrx_word' id='word_1_108' title='bbox 1121 756 1258 781; x_wconf 89' lang='lat' dir='ltr'>nostrum</span> <span class='ocrx_word' id='word_1_109' title='bbox 1275 751 1323 781; x_wconf 78' lang='lat' dir='ltr'>vel</span> <span class='ocrx_word' id='word_1_110' title='bbox 1340 750 1433 787; x_wconf 92' lang='lat' dir='ltr'>viam,</span> <span class='ocrx_word' id='word_1_111' title='bbox 1449 762 1519 793; x_wconf 83' lang='lat' dir='ltr'>quae</span> <span class='ocrx_word' id='word_1_112' title='bbox 1536 752 1632 782; x_wconf 85' lang='lat' dir='ltr'>ducat</span> <span class='ocrx_word' id='word_1_113' title='bbox 1646 752 1704 782; x_wconf 91' lang='lat' dir='ltr'>do-</span> 
     </span>
     <span class='ocr_line' id='line_1_11' title="bbox 230 804 1704 847; baseline 0.004 -17"><span class='ocrx_word' id='word_1_114' title='bbox 230 811 329 842; x_wconf 88' lang='lat' dir='ltr'>mum,</span> <span class='ocrx_word' id='word_1_115' title='bbox 344 808 519 844; x_wconf 80' lang='lat' dir='ltr'>reperturus</span> <span class='ocrx_word' id='word_1_116' title='bbox 536 804 586 836; x_wconf 79' lang='lat' dir='ltr'>sit.</span> <span class='ocrx_word' id='word_1_117' title='bbox 634 804 690 836; x_wconf 91' lang='lat' dir='ltr'>So.</span> <span class='ocrx_word' id='word_1_118' title='bbox 716 804 770 835; x_wconf 92' lang='lat' dir='ltr'>An</span> <span class='ocrx_word' id='word_1_119' title='bbox 787 815 858 835; x_wconf 81' lang='lat' dir='ltr'>vero</span> <span class='ocrx_word' id='word_1_120' title='bbox 878 810 910 835; x_wconf 84' lang='lat' dir='ltr'>et</span> <span class='ocrx_word' id='word_1_121' title='bbox 928 804 1090 841; x_wconf 82' lang='lat' dir='ltr'>musicam,</span> <span class='ocrx_word' id='word_1_122' title='bbox 1108 815 1201 846; x_wconf 90' lang='lat' dir='ltr'>quam</span> <span class='ocrx_word' id='word_1_123' title='bbox 1227 805 1321 845; x_wconf 89' lang='lat' dir='ltr'>paulo</span> <span class='ocrx_word' id='word_1_124' title='bbox 1337 810 1410 835; x_wconf 84' lang='lat' dir='ltr'>ante</span> <span class='ocrx_word' id='word_1_125' title='bbox 1426 805 1560 836; x_wconf 84' lang='lat' dir='ltr'>diximus</span> <span class='ocrx_word' id='word_1_126' title='bbox 1577 805 1704 847; x_wconf 88' lang='lat' dir='ltr'>conjec-</span> 
     </span>
     <span class='ocr_line' id='line_1_12' title="bbox 229 855 1702 902; baseline 0.004 -18"><span class='ocrx_word' id='word_1_127' title='bbox 229 855 307 885; x_wconf 86' lang='lat' dir='ltr'>turis</span> <span class='ocrx_word' id='word_1_128' title='bbox 320 855 557 898; x_wconf 74' lang='lat' dir='ltr'>imitationeque</span> <span class='ocrx_word' id='word_1_129' title='bbox 571 859 694 900; x_wconf 78' lang='lat' dir='ltr'>plenam</span> <span class='ocrx_word' id='word_1_130' title='bbox 711 869 729 890; x_wconf 89' lang='lat' dir='ltr'>a</span> <span class='ocrx_word' id='word_1_131' title='bbox 745 859 878 900; x_wconf 83' lang='lat' dir='ltr'>puritate</span> <span class='ocrx_word' id='word_1_132' title='bbox 893 859 999 900; x_wconf 90' lang='lat' dir='ltr'>procul</span> <span class='ocrx_word' id='word_1_133' title='bbox 1016 860 1122 890; x_wconf 83' lang='lat' dir='ltr'>abesse</span> <span class='ocrx_word' id='word_1_134' title='bbox 1137 860 1147 890; x_wconf 88' lang='lat'>?</span> <span class='ocrx_word' id='word_1_135' title='bbox 1170 859 1259 891; x_wconf 82' lang='lat' dir='ltr'>Pno.</span> <span class='ocrx_word' id='word_1_136' title='bbox 1283 858 1499 890; x_wconf 83' lang='lat' dir='ltr'>Necessarium</span> <span class='ocrx_word' id='word_1_137' title='bbox 1513 860 1544 890; x_wconf 90' lang='lat' dir='ltr'>id</span> <span class='ocrx_word' id='word_1_138' title='bbox 1555 870 1681 902; x_wconf 86' lang='lat' dir='ltr'>quoque</span> <span class='ocrx_word' id='word_1_139' title='bbox 1695 872 1702 890; x_wconf 82' lang='lat' dir='ltr'>z</span> 
     </span>
     <span class='ocr_line' id='line_1_13' title="bbox 231 907 1704 956; baseline 0.005 -18"><span class='ocrx_word' id='word_1_140' title='bbox 231 907 255 939; x_wconf 88' lang='lat' dir='ltr'>si</span> <span class='ocrx_word' id='word_1_141' title='bbox 272 909 398 950; x_wconf 88' lang='lat' dir='ltr'>quidem</span> <span class='ocrx_word' id='word_1_142' title='bbox 417 911 479 942; x_wconf 88' lang='lat' dir='ltr'>vita</span> <span class='ocrx_word' id='word_1_143' title='bbox 506 918 610 944; x_wconf 84' lang='lat' dir='ltr'>nostra</span> <span class='ocrx_word' id='word_1_144' title='bbox 634 913 805 955; x_wconf 90' lang='lat' dir='ltr'>aliquando</span> <span class='ocrx_word' id='word_1_145' title='bbox 830 913 893 943; x_wconf 89' lang='lat' dir='ltr'>vita</span> <span class='ocrx_word' id='word_1_146' title='bbox 916 913 1019 945; x_wconf 82' lang='lat' dir='ltr'>futura</span> <span class='ocrx_word' id='word_1_147' title='bbox 1048 914 1098 944; x_wconf 87' lang='lat' dir='ltr'>sit.</span> <span class='ocrx_word' id='word_1_148' title='bbox 1143 914 1198 947; x_wconf 88' lang='lat' dir='ltr'>So.</span> <span class='ocrx_word' id='word_1_149' title='bbox 1221 913 1278 944; x_wconf 91' lang='lat' dir='ltr'>Vis</span> <span class='ocrx_word' id='word_1_150' title='bbox 1302 924 1387 955; x_wconf 79' lang='lat' dir='ltr'>erge,</span> <span class='ocrx_word' id='word_1_151' title='bbox 1413 919 1562 956; x_wconf 78' lang='lat' dir='ltr'>tanquam</span> <span class='ocrx_word' id='word_1_152' title='bbox 1584 914 1704 956; x_wconf 84' lang='lat' dir='ltr'>janitor</span> 
     </span>
     <span class='ocr_line' id='line_1_14' title="bbox 231 964 1704 1009; baseline 0.005 -17"><span class='ocrx_word' id='word_1_153' title='bbox 231 964 321 994; x_wconf 83' lang='lat' dir='ltr'>turba</span> <span class='ocrx_word' id='word_1_154' title='bbox 337 965 443 1005; x_wconf 80' lang='lat' dir='ltr'>pulsus</span> <span class='ocrx_word' id='word_1_155' title='bbox 458 971 553 1008; x_wconf 89' lang='lat' dir='ltr'>atque</span> <span class='ocrx_word' id='word_1_156' title='bbox 567 973 706 1005; x_wconf 76' lang='lat' dir='ltr'>coactus,</span> <span class='ocrx_word' id='word_1_157' title='bbox 723 979 782 1009; x_wconf 85' lang='lat' dir='ltr'>ego</span> <span class='ocrx_word' id='word_1_158' title='bbox 799 978 883 999; x_wconf 93' lang='lat' dir='ltr'>nunc</span> <span class='ocrx_word' id='word_1_159' title='bbox 902 968 981 999; x_wconf 88' lang='lat' dir='ltr'>fores</span> <span class='ocrx_word' id='word_1_160' title='bbox 1011 969 1160 1009; x_wconf 88' lang='lat' dir='ltr'>pandam,</span> <span class='ocrx_word' id='word_1_161' title='bbox 1178 968 1388 1009; x_wconf 89' lang='lat' dir='ltr'>scientiasque</span> <span class='ocrx_word' id='word_1_162' title='bbox 1413 979 1520 999; x_wconf 78' lang='lat' dir='ltr'>omncs</span> <span class='ocrx_word' id='word_1_163' title='bbox 1545 969 1704 999; x_wconf 85' lang='lat' dir='ltr'>confluere</span> 
     </span>
     <span class='ocr_line' id='line_1_15' title="bbox 226 1019 1704 1064; baseline 0.005 -17"><span class='ocrx_word' id='word_1_164' title='bbox 226 1019 292 1061; x_wconf 88' lang='lat' dir='ltr'>jam</span> <span class='ocrx_word' id='word_1_165' title='bbox 308 1023 341 1050; x_wconf 86' lang='lat' dir='ltr'>et</span> <span class='ocrx_word' id='word_1_166' title='bbox 355 1019 507 1051; x_wconf 85' lang='lat' dir='ltr'>confundi</span> <span class='ocrx_word' id='word_1_167' title='bbox 523 1020 634 1059; x_wconf 85' lang='lat' dir='ltr'>sinam,</span> <span class='ocrx_word' id='word_1_168' title='bbox 650 1033 721 1054; x_wconf 88' lang='lat' dir='ltr'>curn</span> <span class='ocrx_word' id='word_1_169' title='bbox 735 1033 812 1064; x_wconf 86' lang='lat' dir='ltr'>pura</span> <span class='ocrx_word' id='word_1_170' title='bbox 825 1022 938 1063; x_wconf 81' lang='lat' dir='ltr'>passim</span> <span class='ocrx_word' id='word_1_171' title='bbox 949 1022 1155 1053; x_wconf 84' lang='lat' dir='ltr'>deteriorem?</span> <span class='ocrx_word' id='word_1_172' title='bbox 1192 1022 1280 1053; x_wconf 83' lang='lat' dir='ltr'>Pno.</span> <span class='ocrx_word' id='word_1_173' title='bbox 1303 1022 1397 1053; x_wconf 87' lang='lat' dir='ltr'>Haud</span> <span class='ocrx_word' id='word_1_174' title='bbox 1415 1023 1500 1060; x_wconf 77' lang='lat' dir='ltr'>novi,</span> <span class='ocrx_word' id='word_1_175' title='bbox 1514 1033 1533 1053; x_wconf 92' lang='lat' dir='ltr'>o</span> <span class='ocrx_word' id='word_1_176' title='bbox 1548 1022 1704 1059; x_wconf 82' lang='lat' dir='ltr'>Socrates,</span> 
     </span>
     <span class='ocr_line' id='line_1_16' title="bbox 226 1072 1701 1117; baseline 0.003 -15"><span class='ocrx_word' id='word_1_177' title='bbox 226 1072 301 1104; x_wconf 75' lang='lat' dir='ltr'>laedi</span> <span class='ocrx_word' id='word_1_178' title='bbox 322 1072 457 1115; x_wconf 86' lang='lat' dir='ltr'>aliquem</span> <span class='ocrx_word' id='word_1_179' title='bbox 483 1084 500 1105; x_wconf 88' lang='lat' dir='ltr'>a</span> <span class='ocrx_word' id='word_1_180' title='bbox 516 1075 655 1106; x_wconf 83' lang='lat' dir='ltr'>scientiis</span> <span class='ocrx_word' id='word_1_181' title='bbox 678 1075 762 1112; x_wconf 83' lang='lat' dir='ltr'>aliis,</span> <span class='ocrx_word' id='word_1_182' title='bbox 778 1076 833 1117; x_wconf 86' lang='lat' dir='ltr'>qui</span> <span class='ocrx_word' id='word_1_183' title='bbox 848 1075 962 1117; x_wconf 87' lang='lat' dir='ltr'>primas</span> <span class='ocrx_word' id='word_1_184' title='bbox 987 1076 1112 1106; x_wconf 87' lang='lat' dir='ltr'>habeat.</span> <span class='ocrx_word' id='word_1_185' title='bbox 1159 1076 1216 1106; x_wconf 87' lang='lat' dir='ltr'>So.</span> <span class='ocrx_word' id='word_1_186' title='bbox 1239 1075 1392 1106; x_wconf 83' lang='lat' dir='ltr'>Permitto</span> <span class='ocrx_word' id='word_1_187' title='bbox 1415 1075 1496 1116; x_wconf 86' lang='lat' dir='ltr'>jam,</span> <span class='ocrx_word' id='word_1_188' title='bbox 1521 1083 1652 1108; x_wconf 86' lang='lat' dir='ltr'>cunctas</span> <span class='ocrx_word' id='word_1_189' title='bbox 1666 1076 1701 1107; x_wconf 88' lang='lat' dir='ltr'>in</span> 
     </span>
     <span class='ocr_line' id='line_1_17' title="bbox 227 1126 1703 1170; baseline 0.002 -12"><span class='ocrx_word' id='word_1_190' title='bbox 227 1126 358 1158; x_wconf 84' lang='lat' dir='ltr'>Homeri</span> <span class='ocrx_word' id='word_1_191' title='bbox 374 1128 604 1169; x_wconf 74' lang='lat' dir='ltr'>receptaculum</span> <span class='ocrx_word' id='word_1_192' title='bbox 620 1129 754 1170; x_wconf 90' lang='lat' dir='ltr'>quadam</span> <span class='ocrx_word' id='word_1_193' title='bbox 771 1129 862 1160; x_wconf 87' lang='lat' dir='ltr'>valde</span> <span class='ocrx_word' id='word_1_194' title='bbox 877 1128 1003 1170; x_wconf 69' lang='lat' dir='ltr'>poetica</span> <span class='ocrx_word' id='word_1_195' title='bbox 1019 1129 1169 1160; x_wconf 77' lang='lat' dir='ltr'>mixt‘10ne</span> <span class='ocrx_word' id='word_1_196' title='bbox 1182 1129 1352 1160; x_wconf 87' lang='lat' dir='ltr'>confluere.</span> <span class='ocrx_word' id='word_1_197' title='bbox 1395 1128 1485 1161; x_wconf 67' lang='lat' dir='ltr'>Pno.</span> <span class='ocrx_word' id='word_1_198' title='bbox 1510 1130 1618 1160; x_wconf 85' lang='lat' dir='ltr'>Missae</span> <span class='ocrx_word' id='word_1_199' title='bbox 1629 1136 1703 1161; x_wconf 83' lang='lat' dir='ltr'>sunt</span> 
     </span>
     <span class='ocr_line' id='line_1_18' title="bbox 230 1180 1700 1226; baseline 0.004 -17"><span class='ocrx_word' id='word_1_200' title='bbox 230 1180 371 1212; x_wconf 87' lang='lat' dir='ltr'>omniuo.</span> <span class='ocrx_word' id='word_1_201' title='bbox 416 1182 470 1214; x_wconf 89' lang='lat' dir='ltr'>So.</span> <span class='ocrx_word' id='word_1_202' title='bbox 495 1182 618 1214; x_wconf 86' lang='lat' dir='ltr'>Rursus</span> <span class='ocrx_word' id='word_1_203' title='bbox 648 1184 687 1214; x_wconf 88' lang='lat' dir='ltr'>ad</span> <span class='ocrx_word' id='word_1_204' title='bbox 725 1183 923 1225; x_wconf 87' lang='lat' dir='ltr'>voluptatum</span> <span class='ocrx_word' id='word_1_205' title='bbox 956 1183 1073 1214; x_wconf 86' lang='lat' dir='ltr'>fontem</span> <span class='ocrx_word' id='word_1_206' title='bbox 1106 1183 1372 1225; x_wconf 79' lang='lat' dir='ltr'>proficiscendum</span> <span class='ocrx_word' id='word_1_207' title='bbox 1403 1183 1534 1215; x_wconf 89' lang='lat' dir='ltr'>videtur.</span> <span class='ocrx_word' id='word_1_208' title='bbox 1571 1185 1700 1226; x_wconf 89' lang='lat' dir='ltr'>quando</span> 
     </span>
     <span class='ocr_line' id='line_1_19' title="bbox 228 1234 1702 1279; baseline 0.004 -15"><span class='ocrx_word' id='word_1_209' title='bbox 228 1234 311 1265; x_wconf 84' lang='lat' dir='ltr'>enim</span> <span class='ocrx_word' id='word_1_210' title='bbox 328 1235 411 1276; x_wconf 87' lang='lat' dir='ltr'>ipsas</span> <span class='ocrx_word' id='word_1_211' title='bbox 439 1237 566 1268; x_wconf 87' lang='lat' dir='ltr'>miscere</span> <span class='ocrx_word' id='word_1_212' title='bbox 593 1238 813 1279; x_wconf 81' lang='lat' dir='ltr'>cogitavimus,</span> <span class='ocrx_word' id='word_1_213' title='bbox 829 1248 967 1269; x_wconf 86' lang='lat' dir='ltr'>verarum</span> <span class='ocrx_word' id='word_1_214' title='bbox 991 1243 1093 1268; x_wconf 86' lang='lat' dir='ltr'>tamen</span> <span class='ocrx_word' id='word_1_215' title='bbox 1119 1237 1279 1278; x_wconf 83' lang='lat' dir='ltr'>portiones</span> <span class='ocrx_word' id='word_1_216' title='bbox 1304 1238 1434 1277; x_wconf 86' lang='lat' dir='ltr'>primurn</span> <span class='ocrx_word' id='word_1_217' title='bbox 1462 1238 1552 1269; x_wconf 89' lang='lat' dir='ltr'>nobis</span> <span class='ocrx_word' id='word_1_218' title='bbox 1577 1239 1702 1270; x_wconf 82' lang='lat' dir='ltr'>eductae</span> 
     </span>
     <span class='ocr_line' id='line_1_20' title="bbox 232 1289 1700 1334; baseline 0.002 -14"><span class='ocrx_word' id='word_1_219' title='bbox 232 1289 360 1320; x_wconf 85' lang='lat' dir='ltr'>minime</span> <span class='ocrx_word' id='word_1_220' title='bbox 376 1295 467 1323; x_wconf 92' lang='lat' dir='ltr'>sunt:</span> <span class='ocrx_word' id='word_1_221' title='bbox 492 1302 596 1322; x_wconf 85' lang='lat' dir='ltr'>verum</span> <span class='ocrx_word' id='word_1_222' title='bbox 626 1297 753 1334; x_wconf 88' lang='lat' dir='ltr'>propter</span> <span class='ocrx_word' id='word_1_223' title='bbox 774 1291 912 1323; x_wconf 83' lang='lat' dir='ltr'>scientiae</span> <span class='ocrx_word' id='word_1_224' title='bbox 942 1291 1038 1322; x_wconf 82' lang='lat' dir='ltr'>totius</span> <span class='ocrx_word' id='word_1_225' title='bbox 1055 1301 1190 1321; x_wconf 87' lang='lat' dir='ltr'>amorem</span> <span class='ocrx_word' id='word_1_226' title='bbox 1207 1291 1238 1321; x_wconf 88' lang='lat' dir='ltr'>in</span> <span class='ocrx_word' id='word_1_227' title='bbox 1254 1290 1338 1321; x_wconf 87' lang='lat' dir='ltr'>idem</span> <span class='ocrx_word' id='word_1_228' title='bbox 1355 1301 1538 1322; x_wconf 82' lang='lat' dir='ltr'>concurrere</span> <span class='ocrx_word' id='word_1_229' title='bbox 1553 1292 1700 1323; x_wconf 82' lang='lat' dir='ltr'>scientias</span> 
     </span>
     <span class='ocr_line' id='line_1_21' title="bbox 228 1343 1699 1387; baseline 0.002 -14"><span class='ocrx_word' id='word_1_230' title='bbox 228 1343 386 1374; x_wconf 88' lang='lat' dir='ltr'>universas</span> <span class='ocrx_word' id='word_1_231' title='bbox 404 1343 486 1385; x_wconf 86' lang='lat' dir='ltr'>prius</span> <span class='ocrx_word' id='word_1_232' title='bbox 514 1355 606 1385; x_wconf 90' lang='lat' dir='ltr'>quam</span> <span class='ocrx_word' id='word_1_233' title='bbox 623 1345 801 1387; x_wconf 83' lang='lat' dir='ltr'>voluptates</span> <span class='ocrx_word' id='word_1_234' title='bbox 829 1344 1035 1387; x_wconf 86' lang='lat' dir='ltr'>permisimus.</span> <span class='ocrx_word' id='word_1_235' title='bbox 1083 1345 1170 1376; x_wconf 84' lang='lat' dir='ltr'>Pno.</span> <span class='ocrx_word' id='word_1_236' title='bbox 1196 1344 1279 1376; x_wconf 77' lang='lat' dir='ltr'>Vera</span> <span class='ocrx_word' id='word_1_237' title='bbox 1308 1345 1454 1387; x_wconf 83' lang='lat' dir='ltr'>loqueris.</span> <span class='ocrx_word' id='word_1_238' title='bbox 1498 1345 1553 1378; x_wconf 88' lang='lat' dir='ltr'>So.</span> <span class='ocrx_word' id='word_1_239' title='bbox 1579 1345 1699 1377; x_wconf 82' lang='lat' dir='ltr'>Verum</span> 
     </span>
     <span class='ocr_line' id='line_1_22' title="bbox 228 1397 1699 1441; baseline 0.003 -14"><span class='ocrx_word' id='word_1_240' title='bbox 228 1402 352 1438; x_wconf 85' lang='lat' dir='ltr'>tempus</span> <span class='ocrx_word' id='word_1_241' title='bbox 364 1397 429 1438; x_wconf 85' lang='lat' dir='ltr'>jam</span> <span class='ocrx_word' id='word_1_242' title='bbox 455 1403 554 1439; x_wconf 83' lang='lat' dir='ltr'>urget,</span> <span class='ocrx_word' id='word_1_243' title='bbox 572 1404 606 1429; x_wconf 90' lang='lat' dir='ltr'>ut</span> <span class='ocrx_word' id='word_1_244' title='bbox 631 1400 671 1430; x_wconf 87' lang='lat' dir='ltr'>(le</span> <span class='ocrx_word' id='word_1_245' title='bbox 687 1400 900 1441; x_wconf 84' lang='lat' dir='ltr'>voluptatibus</span> <span class='ocrx_word' id='word_1_246' title='bbox 925 1399 1150 1434; x_wconf 77' lang='lat' dir='ltr'>consultemus,</span> <span class='ocrx_word' id='word_1_247' title='bbox 1167 1403 1267 1429; x_wconf 86' lang='lat' dir='ltr'>utrum</span> <span class='ocrx_word' id='word_1_248' title='bbox 1285 1410 1392 1429; x_wconf 79' lang='lat' dir='ltr'>omnes</span> <span class='ocrx_word' id='word_1_249' title='bbox 1407 1400 1642 1437; x_wconf 82' lang='lat' dir='ltr'>coacervandae,</span> <span class='ocrx_word' id='word_1_250' title='bbox 1657 1411 1699 1432; x_wconf 80' lang='lat' dir='ltr'>an</span> 
     </span>
     <span class='ocr_line' id='line_1_23' title="bbox 229 1450 1700 1492; baseline 0.003 -12"><span class='ocrx_word' id='word_1_251' title='bbox 229 1450 338 1492; x_wconf 85' lang='lat' dir='ltr'>primae</span> <span class='ocrx_word' id='word_1_252' title='bbox 353 1452 506 1483; x_wconf 78' lang='lat' dir='ltr'>duntaxat</span> <span class='ocrx_word' id='word_1_253' title='bbox 521 1463 556 1484; x_wconf 90' lang='lat' dir='ltr'>ac</span> <span class='ocrx_word' id='word_1_254' title='bbox 573 1464 651 1484; x_wconf 80' lang='lat' dir='ltr'>verae</span> <span class='ocrx_word' id='word_1_255' title='bbox 670 1454 732 1484; x_wconf 88' lang='lat' dir='ltr'>sint</span> <span class='ocrx_word' id='word_1_256' title='bbox 748 1454 964 1485; x_wconf 68' lang='lat' dir='ltr'>admittendae.</span> <span class='ocrx_word' id='word_1_257' title='bbox 1013 1453 1100 1485; x_wconf 83' lang='lat' dir='ltr'>Pno.</span> <span class='ocrx_word' id='word_1_258' title='bbox 1126 1453 1319 1484; x_wconf 77' lang='lat' dir='ltr'>Permultum</span> <span class='ocrx_word' id='word_1_259' title='bbox 1336 1454 1374 1484; x_wconf 86' lang='lat' dir='ltr'>ad</span> <span class='ocrx_word' id='word_1_260' title='bbox 1392 1453 1589 1485; x_wconf 84' lang='lat' dir='ltr'>securitatem</span> <span class='ocrx_word' id='word_1_261' title='bbox 1603 1453 1700 1485; x_wconf 84' lang='lat' dir='ltr'>inter-</span> 
     </span>
     <span class='ocr_line' id='line_1_24' title="bbox 227 1506 1702 1549; baseline 0.003 -14"><span class='ocrx_word' id='word_1_262' title='bbox 227 1510 288 1544; x_wconf 81' lang='lat' dir='ltr'>est,</span> <span class='ocrx_word' id='word_1_263' title='bbox 325 1506 440 1546; x_wconf 83' lang='lat' dir='ltr'>primas</span> <span class='ocrx_word' id='word_1_264' title='bbox 463 1517 612 1549; x_wconf 87' lang='lat' dir='ltr'>verasque</span> <span class='ocrx_word' id='word_1_265' title='bbox 639 1509 816 1540; x_wconf 88' lang='lat' dir='ltr'>admittere.</span> <span class='ocrx_word' id='word_1_266' title='bbox 876 1509 931 1539; x_wconf 91' lang='lat' dir='ltr'>So.</span> <span class='ocrx_word' id='word_1_267' title='bbox 956 1508 1075 1539; x_wconf 88' lang='lat' dir='ltr'>Harum</span> <span class='ocrx_word' id='word_1_268' title='bbox 1102 1519 1175 1549; x_wconf 84' lang='lat' dir='ltr'>ergo</span> <span class='ocrx_word' id='word_1_269' title='bbox 1204 1508 1424 1540; x_wconf 80' lang='lat' dir='ltr'>commercium</span> <span class='ocrx_word' id='word_1_270' title='bbox 1451 1508 1643 1540; x_wconf 83' lang='lat' dir='ltr'>admittatur.</span> <span class='ocrx_word' id='word_1_271' title='bbox 1668 1514 1702 1540; x_wconf 85' lang='lat' dir='ltr'>at</span> 
     </span>
     <span class='ocr_line' id='line_1_25' title="bbox 229 1559 1702 1604; baseline 0.002 -14"><span class='ocrx_word' id='word_1_272' title='bbox 229 1559 305 1600; x_wconf 86' lang='lat' dir='ltr'>quid</span> <span class='ocrx_word' id='word_1_273' title='bbox 322 1559 495 1602; x_wconf 83' lang='lat' dir='ltr'>deinceps?</span> <span class='ocrx_word' id='word_1_274' title='bbox 520 1562 543 1592; x_wconf 87' lang='lat' dir='ltr'>si</span> <span class='ocrx_word' id='word_1_275' title='bbox 561 1571 631 1603; x_wconf 83' lang='lat' dir='ltr'>quae</span> <span class='ocrx_word' id='word_1_276' title='bbox 648 1563 831 1593; x_wconf 78' lang='lat' dir='ltr'>necessariae</span> <span class='ocrx_word' id='word_1_277' title='bbox 853 1568 937 1599; x_wconf 85' lang='lat' dir='ltr'>sunt,</span> <span class='ocrx_word' id='word_1_278' title='bbox 955 1563 1219 1604; x_wconf 84' lang='lat' dir='ltr'>quemadmodum</span> <span class='ocrx_word' id='word_1_279' title='bbox 1235 1567 1267 1593; x_wconf 90' lang='lat' dir='ltr'>et</span> <span class='ocrx_word' id='word_1_280' title='bbox 1282 1563 1337 1599; x_wconf 88' lang='lat' dir='ltr'>ibi,</span> <span class='ocrx_word' id='word_1_281' title='bbox 1352 1563 1400 1592; x_wconf 84' lang='lat' dir='ltr'>hae</span> <span class='ocrx_word' id='word_1_282' title='bbox 1427 1573 1552 1603; x_wconf 88' lang='lat' dir='ltr'>quoque</span> <span class='ocrx_word' id='word_1_283' title='bbox 1573 1562 1608 1593; x_wconf 89' lang='lat' dir='ltr'>in</span> <span class='ocrx_word' id='word_1_284' title='bbox 1624 1563 1702 1594; x_wconf 81' lang='lat' dir='ltr'>mix·</span> 
     </span>
     <span class='ocr_line' id='line_1_26' title="bbox 226 1613 1702 1658; baseline 0.004 -15"><span class='ocrx_word' id='word_1_285' title='bbox 226 1613 343 1644; x_wconf 86' lang='lat' dir='ltr'>tionem</span> <span class='ocrx_word' id='word_1_286' title='bbox 361 1614 555 1656; x_wconf 65' lang='lat' dir='ltr'>excipiendae</span> <span class='ocrx_word' id='word_1_287' title='bbox 570 1616 580 1646; x_wconf 87' lang='lat'>?</span> <span class='ocrx_word' id='word_1_288' title='bbox 626 1615 713 1647; x_wconf 80' lang='lat' dir='ltr'>Pao.</span> <span class='ocrx_word' id='word_1_289' title='bbox 740 1615 827 1652; x_wconf 88' lang='lat' dir='ltr'>Quid</span> <span class='ocrx_word' id='word_1_290' title='bbox 845 1616 1011 1657; x_wconf 83' lang='lat' dir='ltr'>prohibet?</span> <span class='ocrx_word' id='word_1_291' title='bbox 1056 1616 1112 1648; x_wconf 87' lang='lat' dir='ltr'>SO.</span> <span class='ocrx_word' id='word_1_292' title='bbox 1137 1616 1336 1647; x_wconf 59' lang='lat' dir='ltr'>Necessarias</span> <span class='ocrx_word' id='word_1_293' title='bbox 1351 1616 1446 1658; x_wconf 85' lang='lat' dir='ltr'>igitur</span> <span class='ocrx_word' id='word_1_294' title='bbox 1461 1627 1589 1658; x_wconf 86' lang='lat' dir='ltr'>quoquo</span> <span class='ocrx_word' id='word_1_295' title='bbox 1605 1618 1702 1649; x_wconf 87' lang='lat' dir='ltr'>modo</span> 
     </span>
     <span class='ocr_line' id='line_1_27' title="bbox 227 1667 1700 1711; baseline 0.003 -13"><span class='ocrx_word' id='word_1_296' title='bbox 227 1667 430 1709; x_wconf 85' lang='lat' dir='ltr'>accipiamus.</span> <span class='ocrx_word' id='word_1_297' title='bbox 475 1669 507 1699; x_wconf 87' lang='lat' dir='ltr'>Si</span> <span class='ocrx_word' id='word_1_298' title='bbox 522 1674 638 1706; x_wconf 88' lang='lat' dir='ltr'>autem,</span> <span class='ocrx_word' id='word_1_299' title='bbox 661 1670 926 1710; x_wconf 86' lang='lat' dir='ltr'>quemadmodum</span> <span class='ocrx_word' id='word_1_300' title='bbox 953 1670 1031 1711; x_wconf 79' lang='lat'><strong>[63]</strong></span> <span class='ocrx_word' id='word_1_301' title='bbox 1057 1678 1135 1701; x_wconf 84' lang='lat' dir='ltr'>artes</span> <span class='ocrx_word' id='word_1_302' title='bbox 1153 1681 1260 1701; x_wconf 83' lang='lat' dir='ltr'>omnes</span> <span class='ocrx_word' id='word_1_303' title='bbox 1276 1681 1366 1701; x_wconf 82' lang='lat' dir='ltr'>nosse</span> <span class='ocrx_word' id='word_1_304' title='bbox 1385 1671 1556 1702; x_wconf 88' lang='lat' dir='ltr'>innocuum</span> <span class='ocrx_word' id='word_1_305' title='bbox 1577 1676 1610 1702; x_wconf 85' lang='lat' dir='ltr'>et</span> <span class='ocrx_word' id='word_1_306' title='bbox 1624 1682 1700 1703; x_wconf 90' lang='lat' dir='ltr'>con-</span> 
     </span>
     <span class='ocr_line' id='line_1_28' title="bbox 224 1722 1703 1766; baseline 0.003 -15"><span class='ocrx_word' id='word_1_307' title='bbox 224 1722 326 1752; x_wconf 83' lang='lat' dir='ltr'>serens</span> <span class='ocrx_word' id='word_1_308' title='bbox 343 1722 374 1752; x_wconf 87' lang='lat' dir='ltr'>in</span> <span class='ocrx_word' id='word_1_309' title='bbox 388 1722 452 1753; x_wconf 83' lang='lat' dir='ltr'>vita</span> <span class='ocrx_word' id='word_1_310' title='bbox 463 1733 529 1754; x_wconf 81' lang='lat' dir='ltr'>esse</span> <span class='ocrx_word' id='word_1_311' title='bbox 545 1723 700 1760; x_wconf 81' lang='lat' dir='ltr'>constitit,</span> <span class='ocrx_word' id='word_1_312' title='bbox 716 1723 759 1753; x_wconf 92' lang='lat' dir='ltr'>ita</span> <span class='ocrx_word' id='word_1_313' title='bbox 775 1734 859 1754; x_wconf 90' lang='lat' dir='ltr'>nunc</span> <span class='ocrx_word' id='word_1_314' title='bbox 875 1724 915 1754; x_wconf 90' lang='lat' dir='ltr'>de</span> <span class='ocrx_word' id='word_1_315' title='bbox 927 1724 1140 1765; x_wconf 76' lang='lat' dir='ltr'>voluptatibus</span> <span class='ocrx_word' id='word_1_316' title='bbox 1153 1730 1288 1766; x_wconf 88' lang='lat' dir='ltr'>constet,</span> <span class='ocrx_word' id='word_1_317' title='bbox 1301 1724 1447 1755; x_wconf 90' lang='lat' dir='ltr'>videlicet</span> <span class='ocrx_word' id='word_1_318' title='bbox 1457 1726 1541 1766; x_wconf 91' lang='lat' dir='ltr'>quod</span> <span class='ocrx_word' id='word_1_319' title='bbox 1557 1725 1703 1757; x_wconf 81' lang='lat' dir='ltr'>omnibus</span> 
     </span>
     <span class='ocr_line' id='line_1_29' title="bbox 224 1775 1701 1820; baseline 0.003 -15"><span class='ocrx_word' id='word_1_320' title='bbox 224 1775 282 1806; x_wconf 81' lang='lat' dir='ltr'>frui</span> <span class='ocrx_word' id='word_1_321' title='bbox 299 1776 459 1807; x_wconf 83' lang='lat' dir='ltr'>innoxium</span> <span class='ocrx_word' id='word_1_322' title='bbox 477 1782 509 1807; x_wconf 83' lang='lat' dir='ltr'>et</span> <span class='ocrx_word' id='word_1_323' title='bbox 522 1777 598 1808; x_wconf 86' lang='lat' dir='ltr'>utile</span> <span class='ocrx_word' id='word_1_324' title='bbox 618 1777 668 1814; x_wconf 83' lang='lat' dir='ltr'>sit,</span> <span class='ocrx_word' id='word_1_325' title='bbox 693 1777 772 1808; x_wconf 79' lang='lat' dir='ltr'>sorte</span> <span class='ocrx_word' id='word_1_326' title='bbox 796 1782 885 1808; x_wconf 88' lang='lat' dir='ltr'>erunt</span> <span class='ocrx_word' id='word_1_327' title='bbox 909 1789 1016 1809; x_wconf 88' lang='lat' dir='ltr'>omnes</span> <span class='ocrx_word' id='word_1_328' title='bbox 1044 1778 1190 1809; x_wconf 86' lang='lat' dir='ltr'>omnibus</span> <span class='ocrx_word' id='word_1_329' title='bbox 1218 1778 1439 1810; x_wconf 84' lang='lat' dir='ltr'>immiscendae.</span> <span class='ocrx_word' id='word_1_330' title='bbox 1463 1779 1539 1820; x_wconf 86' lang='lat' dir='ltr'>quid</span> <span class='ocrx_word' id='word_1_331' title='bbox 1555 1780 1594 1810; x_wconf 84' lang='lat' dir='ltr'>ad</span> <span class='ocrx_word' id='word_1_332' title='bbox 1609 1780 1701 1811; x_wconf 72' lang='lat' dir='ltr'>haec?</span> 
     </span>
     <span class='ocr_line' id='line_1_30' title="bbox 225 1830 1703 1873; baseline 0.003 -13"><span class='ocrx_word' id='word_1_333' title='bbox 225 1830 312 1862; x_wconf 77' lang='lat' dir='ltr'>Pno.</span> <span class='ocrx_word' id='word_1_334' title='bbox 337 1830 409 1867; x_wconf 86' lang='lat' dir='ltr'>Qua</span> <span class='ocrx_word' id='word_1_335' title='bbox 424 1831 543 1862; x_wconf 88' lang='lat' dir='ltr'>ratione</span> <span class='ocrx_word' id='word_1_336' title='bbox 559 1831 599 1862; x_wconf 87' lang='lat' dir='ltr'>de</span> <span class='ocrx_word' id='word_1_337' title='bbox 620 1831 669 1862; x_wconf 83' lang='lat' dir='ltr'>his</span> <span class='ocrx_word' id='word_1_338' title='bbox 685 1831 868 1873; x_wconf 86' lang='lat' dir='ltr'>loquemur?</span> <span class='ocrx_word' id='word_1_339' title='bbox 893 1832 970 1873; x_wconf 90' lang='lat' dir='ltr'>quid</span> <span class='ocrx_word' id='word_1_340' title='bbox 995 1833 1141 1873; x_wconf 80' lang='lat' dir='ltr'>agemus?</span> <span class='ocrx_word' id='word_1_341' title='bbox 1188 1832 1243 1862; x_wconf 90' lang='lat' dir='ltr'>So.</span> <span class='ocrx_word' id='word_1_342' title='bbox 1267 1831 1340 1862; x_wconf 93' lang='lat' dir='ltr'>Non</span> <span class='ocrx_word' id='word_1_343' title='bbox 1365 1842 1383 1862; x_wconf 90' lang='lat' dir='ltr'>a</span> <span class='ocrx_word' id='word_1_344' title='bbox 1399 1833 1503 1872; x_wconf 81' lang='lat' dir='ltr'>nobis,</span> <span class='ocrx_word' id='word_1_345' title='bbox 1518 1833 1703 1872; x_wconf 72' lang='lat' dir='ltr'>Protarcho,</span> 
     </span>
     <span class='ocr_line' id='line_1_31' title="bbox 224 1883 1700 1928; baseline 0.004 -16"><span class='ocrx_word' id='word_1_346' title='bbox 224 1884 286 1914; x_wconf 89' lang='lat' dir='ltr'>tale</span> <span class='ocrx_word' id='word_1_347' title='bbox 302 1883 435 1925; x_wconf 85' lang='lat' dir='ltr'>aliquid,</span> <span class='ocrx_word' id='word_1_348' title='bbox 452 1885 506 1915; x_wconf 86' lang='lat' dir='ltr'>sed</span> <span class='ocrx_word' id='word_1_349' title='bbox 523 1885 561 1915; x_wconf 85' lang='lat' dir='ltr'>ab</span> <span class='ocrx_word' id='word_1_350' title='bbox 577 1885 653 1926; x_wconf 79' lang='lat' dir='ltr'>ipsis</span> <span class='ocrx_word' id='word_1_351' title='bbox 670 1886 886 1927; x_wconf 85' lang='lat' dir='ltr'>voluptatibus</span> <span class='ocrx_word' id='word_1_352' title='bbox 902 1886 1102 1928; x_wconf 85' lang='lat' dir='ltr'>scientiisque</span> <span class='ocrx_word' id='word_1_353' title='bbox 1119 1887 1334 1928; x_wconf 85' lang='lat' dir='ltr'>quaerendum.</span> <span class='ocrx_word' id='word_1_354' title='bbox 1379 1887 1467 1918; x_wconf 83' lang='lat' dir='ltr'>Pno.</span> <span class='ocrx_word' id='word_1_355' title='bbox 1491 1886 1577 1923; x_wconf 90' lang='lat' dir='ltr'>Quid</span> <span class='ocrx_word' id='word_1_356' title='bbox 1591 1887 1700 1918; x_wconf 86' lang='lat' dir='ltr'>istud?</span> 
     </span>
     <span class='ocr_line' id='line_1_32' title="bbox 222 1937 1697 1983; baseline 0.003 -15"><span class='ocrx_word' id='word_1_357' title='bbox 222 1937 277 1969; x_wconf 85' lang='lat' dir='ltr'>So.</span> <span class='ocrx_word' id='word_1_358' title='bbox 303 1938 331 1968; x_wconf 96' lang='lat' dir='ltr'>O</span> <span class='ocrx_word' id='word_1_359' title='bbox 349 1937 468 1975; x_wconf 83' lang='lat' dir='ltr'>amicae,</span> <span class='ocrx_word' id='word_1_360' title='bbox 485 1939 568 1980; x_wconf 87' lang='lat' dir='ltr'>(sive</span> <span class='ocrx_word' id='word_1_361' title='bbox 586 1939 774 1981; x_wconf 88' lang='lat' dir='ltr'>voluptates,</span> <span class='ocrx_word' id='word_1_362' title='bbox 792 1940 854 1971; x_wconf 79' lang='lat' dir='ltr'>sive</span> <span class='ocrx_word' id='word_1_363' title='bbox 867 1940 929 1971; x_wconf 85' lang='lat' dir='ltr'>alio</span> <span class='ocrx_word' id='word_1_364' title='bbox 945 1941 1081 1981; x_wconf 87' lang='lat' dir='ltr'>quodam</span> <span class='ocrx_word' id='word_1_365' title='bbox 1095 1946 1304 1982; x_wconf 88' lang='lat' dir='ltr'>cognomento</span> <span class='ocrx_word' id='word_1_366' title='bbox 1321 1941 1478 1983; x_wconf 81' lang='lat' dir='ltr'>appellare</span> <span class='ocrx_word' id='word_1_367' title='bbox 1489 1951 1543 1971; x_wconf 91' lang='lat' dir='ltr'>vos</span> <span class='ocrx_word' id='word_1_368' title='bbox 1553 1941 1697 1983; x_wconf 81' lang='lat' dir='ltr'>deceat.)</span> 
     </span>
     <span class='ocr_line' id='line_1_33' title="bbox 227 1991 1698 2036; baseline 0.004 -15"><span class='ocrx_word' id='word_1_369' title='bbox 227 1996 329 2022; x_wconf 86' lang='lat' dir='ltr'>utrum</span> <span class='ocrx_word' id='word_1_370' title='bbox 348 1991 464 2033; x_wconf 85' lang='lat' dir='ltr'>eligitis</span> <span class='ocrx_word' id='word_1_371' title='bbox 490 2003 559 2024; x_wconf 89' lang='lat' dir='ltr'>cum</span> <span class='ocrx_word' id='word_1_372' title='bbox 589 1994 675 2025; x_wconf 90' lang='lat' dir='ltr'>omni</span> <span class='ocrx_word' id='word_1_373' title='bbox 705 1994 860 2035; x_wconf 85' lang='lat' dir='ltr'>sapientia</span> <span class='ocrx_word' id='word_1_374' title='bbox 886 1995 1047 2036; x_wconf 86' lang='lat' dir='ltr'>congredi,</span> <span class='ocrx_word' id='word_1_375' title='bbox 1065 2006 1104 2025; x_wconf 91' lang='lat' dir='ltr'>an</span> <span class='ocrx_word' id='word_1_376' title='bbox 1120 2006 1188 2026; x_wconf 87' lang='lat' dir='ltr'>esse</span> <span class='ocrx_word' id='word_1_377' title='bbox 1204 2006 1340 2027; x_wconf 84' lang='lat' dir='ltr'>seorsum</span> <span class='ocrx_word' id='word_1_378' title='bbox 1357 2006 1375 2026; x_wconf 89' lang='lat' dir='ltr'>a</span> <span class='ocrx_word' id='word_1_379' title='bbox 1392 1996 1565 2036; x_wconf 85' lang='lat' dir='ltr'>sapientia?</span> <span class='ocrx_word' id='word_1_380' title='bbox 1611 1995 1698 2027; x_wconf 86' lang='lat' dir='ltr'>Reor</span> 
     </span>
     <span class='ocr_line' id='line_1_34' title="bbox 225 2046 1702 2092; baseline 0.004 -16"><span class='ocrx_word' id='word_1_381' title='bbox 225 2046 386 2086; x_wconf 88' lang='lat' dir='ltr'>equidem,</span> <span class='ocrx_word' id='word_1_382' title='bbox 401 2047 460 2078; x_wconf 88' lang='lat' dir='ltr'>hoc</span> <span class='ocrx_word' id='word_1_383' title='bbox 478 2047 546 2077; x_wconf 83' lang='lat' dir='ltr'>illas</span> <span class='ocrx_word' id='word_1_384' title='bbox 563 2048 738 2079; x_wconf 82' lang='lat' dir='ltr'>necessario</span> <span class='ocrx_word' id='word_1_385' title='bbox 755 2059 970 2089; x_wconf 87' lang='lat' dir='ltr'>responsuras.</span> <span class='ocrx_word' id='word_1_386' title='bbox 1017 2049 1105 2081; x_wconf 88' lang='lat' dir='ltr'>Pno.</span> <span class='ocrx_word' id='word_1_387' title='bbox 1131 2049 1242 2086; x_wconf 88' lang='lat' dir='ltr'>Quid?</span> <span class='ocrx_word' id='word_1_388' title='bbox 1287 2050 1340 2082; x_wconf 85' lang='lat' dir='ltr'>So.</span> <span class='ocrx_word' id='word_1_389' title='bbox 1363 2050 1471 2086; x_wconf 88' lang='lat' dir='ltr'>Quod,</span> <span class='ocrx_word' id='word_1_390' title='bbox 1496 2051 1702 2092; x_wconf 84' lang='lat' dir='ltr'>quemadmo-</span> 
     </span>
     <span class='ocr_line' id='line_1_35' title="bbox 224 2100 1699 2145; baseline 0.005 -16"><span class='ocrx_word' id='word_1_391' title='bbox 224 2100 298 2130; x_wconf 87' lang='lat' dir='ltr'>dum</span> <span class='ocrx_word' id='word_1_392' title='bbox 315 2100 346 2130; x_wconf 92' lang='lat' dir='ltr'>iu</span> <span class='ocrx_word' id='word_1_393' title='bbox 363 2100 571 2141; x_wconf 80' lang='lat' dir='ltr'>superioribus</span> <span class='ocrx_word' id='word_1_394' title='bbox 588 2102 708 2133; x_wconf 88' lang='lat' dir='ltr'>dictum</span> <span class='ocrx_word' id='word_1_395' title='bbox 725 2108 784 2142; x_wconf 87' lang='lat' dir='ltr'>est,</span> <span class='ocrx_word' id='word_1_396' title='bbox 800 2114 903 2145; x_wconf 90' lang='lat' dir='ltr'>neque</span> <span class='ocrx_word' id='word_1_397' title='bbox 932 2104 1081 2144; x_wconf 81' lang='lat' dir='ltr'>possibile</span> <span class='ocrx_word' id='word_1_398' title='bbox 1104 2104 1236 2134; x_wconf 89' lang='lat' dir='ltr'>multum</span> <span class='ocrx_word' id='word_1_399' title='bbox 1253 2114 1357 2145; x_wconf 87' lang='lat' dir='ltr'>neque</span> <span class='ocrx_word' id='word_1_400' title='bbox 1374 2103 1451 2134; x_wconf 86' lang='lat' dir='ltr'>utile</span> <span class='ocrx_word' id='word_1_401' title='bbox 1465 2108 1524 2140; x_wconf 87' lang='lat' dir='ltr'>cst,</span> <span class='ocrx_word' id='word_1_402' title='bbox 1540 2115 1638 2145; x_wconf 80' lang='lat' dir='ltr'>genus</span> <span class='ocrx_word' id='word_1_403' title='bbox 1653 2105 1699 2136; x_wconf 83' lang='lat' dir='ltr'>al-</span> 
     </span>
     <span class='ocr_line' id='line_1_36' title="bbox 225 2155 1699 2199; baseline 0.004 -15"><span class='ocrx_word' id='word_1_404' title='bbox 225 2158 322 2184; x_wconf 84' lang='lat' dir='ltr'>terum</span> <span class='ocrx_word' id='word_1_405' title='bbox 339 2155 467 2185; x_wconf 90' lang='lat' dir='ltr'>omnino</span> <span class='ocrx_word' id='word_1_406' title='bbox 484 2165 618 2186; x_wconf 88' lang='lat' dir='ltr'>seorsum</span> <span class='ocrx_word' id='word_1_407' title='bbox 637 2157 676 2187; x_wconf 87' lang='lat' dir='ltr'>ab</span> <span class='ocrx_word' id='word_1_408' title='bbox 692 2157 789 2188; x_wconf 87' lang='lat' dir='ltr'>altero</span> <span class='ocrx_word' id='word_1_409' title='bbox 807 2169 886 2189; x_wconf 84' lang='lat' dir='ltr'>esse.</span> <span class='ocrx_word' id='word_1_410' title='bbox 911 2158 1049 2188; x_wconf 89' lang='lat' dir='ltr'>omnium</span> <span class='ocrx_word' id='word_1_411' title='bbox 1064 2169 1134 2189; x_wconf 82' lang='lat' dir='ltr'>vero</span> <span class='ocrx_word' id='word_1_412' title='bbox 1151 2168 1299 2199; x_wconf 88' lang='lat' dir='ltr'>generum</span> <span class='ocrx_word' id='word_1_413' title='bbox 1314 2158 1514 2199; x_wconf 75' lang='lat' dir='ltr'>optimum‚5i</span> <span class='ocrx_word' id='word_1_414' title='bbox 1531 2169 1626 2189; x_wconf 90' lang='lat' dir='ltr'>unum</span> <span class='ocrx_word' id='word_1_415' title='bbox 1644 2159 1699 2190; x_wconf 82' lang='lat' dir='ltr'>uni</span> 
     </span>
     <span class='ocr_line' id='line_1_37' title="bbox 222 2208 1695 2255; baseline 0.005 -18"><span class='ocrx_word' id='word_1_416' title='bbox 222 2213 430 2248; x_wconf 85' lang='lat' dir='ltr'>comparetur,</span> <span class='ocrx_word' id='word_1_417' title='bbox 455 2208 544 2240; x_wconf 79' lang='lat' dir='ltr'>nobis</span> <span class='ocrx_word' id='word_1_418' title='bbox 570 2210 634 2241; x_wconf 83' lang='lat' dir='ltr'>sore</span> <span class='ocrx_word' id='word_1_419' title='bbox 662 2217 805 2252; x_wconf 88' lang='lat' dir='ltr'>putamus</span> <span class='ocrx_word' id='word_1_420' title='bbox 831 2223 929 2253; x_wconf 80' lang='lat' dir='ltr'>genus</span> <span class='ocrx_word' id='word_1_421' title='bbox 957 2213 1151 2255; x_wconf 83' lang='lat' dir='ltr'>ipsuru,quo</span> <span class='ocrx_word' id='word_1_422' title='bbox 1180 2218 1244 2243; x_wconf 91' lang='lat' dir='ltr'>tum</span> <span class='ocrx_word' id='word_1_423' title='bbox 1269 2218 1372 2244; x_wconf 86' lang='lat' dir='ltr'>cetera</span> <span class='ocrx_word' id='word_1_424' title='bbox 1387 2213 1502 2249; x_wconf 89' lang='lat' dir='ltr'>omnia,</span> <span class='ocrx_word' id='word_1_425' title='bbox 1520 2218 1584 2243; x_wconf 92' lang='lat' dir='ltr'>tum</span> <span class='ocrx_word' id='word_1_426' title='bbox 1602 2213 1695 2244; x_wconf 83' lang='lat' dir='ltr'>etiam</span> 
     </span>
     <span class='ocr_line' id='line_1_38' title="bbox 222 2261 1696 2309; baseline 0.005 -18"><span class='ocrx_word' id='word_1_427' title='bbox 222 2261 353 2302; x_wconf 74' lang='lat' dir='ltr'>singulae</span> <span class='ocrx_word' id='word_1_428' title='bbox 370 2268 480 2293; x_wconf 84' lang='lat' dir='ltr'>nostrae</span> <span class='ocrx_word' id='word_1_429' title='bbox 499 2263 575 2294; x_wconf 81' lang='lat' dir='ltr'>vires</span> <span class='ocrx_word' id='word_1_430' title='bbox 604 2265 740 2305; x_wconf 81' lang='lat' dir='ltr'>perfecte</span> <span class='ocrx_word' id='word_1_431' title='bbox 768 2273 952 2299; x_wconf 84' lang='lat' dir='ltr'>noscuntur.</span> <span class='ocrx_word' id='word_1_432' title='bbox 999 2267 1086 2298; x_wconf 84' lang='lat' dir='ltr'>Pno.</span> <span class='ocrx_word' id='word_1_433' title='bbox 1110 2266 1151 2297; x_wconf 88' lang='lat' dir='ltr'>Et</span> <span class='ocrx_word' id='word_1_434' title='bbox 1168 2272 1249 2298; x_wconf 90' lang='lat' dir='ltr'>recte</span> <span class='ocrx_word' id='word_1_435' title='bbox 1265 2266 1393 2308; x_wconf 80' lang='lat' dir='ltr'>quidem</span> <span class='ocrx_word' id='word_1_436' title='bbox 1411 2267 1610 2309; x_wconf 84' lang='lat' dir='ltr'>respondisse</span> <span class='ocrx_word' id='word_1_437' title='bbox 1625 2267 1696 2298; x_wconf 85' lang='lat' dir='ltr'>illas</span> 
     </span>
     <span class='ocr_line' id='line_1_39' title="bbox 222 2315 1694 2363; baseline 0.005 -19"><span class='ocrx_word' id='word_1_438' title='bbox 222 2315 331 2345; x_wconf 87' lang='lat' dir='ltr'>merito</span> <span class='ocrx_word' id='word_1_439' title='bbox 355 2316 585 2348; x_wconf 83' lang='lat' dir='ltr'>confitebimur.</span> <span class='ocrx_word' id='word_1_440' title='bbox 631 2318 688 2351; x_wconf 84' lang='lat' dir='ltr'>So.</span> <span class='ocrx_word' id='word_1_441' title='bbox 713 2318 833 2351; x_wconf 82' lang='lat' dir='ltr'>Rursus</span> <span class='ocrx_word' id='word_1_442' title='bbox 858 2320 954 2362; x_wconf 80' lang='lat' dir='ltr'>igitur</span> <span class='ocrx_word' id='word_1_443' title='bbox 977 2321 1230 2363; x_wconf 83' lang='lat' dir='ltr'>interrogandum</span> <span class='ocrx_word' id='word_1_444' title='bbox 1260 2326 1355 2352; x_wconf 87' lang='lat' dir='ltr'>restat</span> <span class='ocrx_word' id='word_1_445' title='bbox 1370 2326 1504 2351; x_wconf 88' lang='lat' dir='ltr'>mentem</span> <span class='ocrx_word' id='word_1_446' title='bbox 1520 2326 1553 2352; x_wconf 92' lang='lat' dir='ltr'>et</span> <span class='ocrx_word' id='word_1_447' title='bbox 1567 2321 1694 2362; x_wconf 80' lang='lat' dir='ltr'>sapien—</span> 
     </span>
     <span class='ocr_line' id='line_1_40' title="bbox 223 2369 1697 2416; baseline 0.005 -18"><span class='ocrx_word' id='word_1_448' title='bbox 223 2369 310 2406; x_wconf 87' lang='lat' dir='ltr'>tiam,</span> <span class='ocrx_word' id='word_1_449' title='bbox 336 2380 407 2400; x_wconf 89' lang='lat' dir='ltr'>cum</span> <span class='ocrx_word' id='word_1_450' title='bbox 434 2370 468 2401; x_wconf 88' lang='lat' dir='ltr'>in</span> <span class='ocrx_word' id='word_1_451' title='bbox 495 2372 560 2413; x_wconf 89' lang='lat' dir='ltr'>ipsa</span> <span class='ocrx_word' id='word_1_452' title='bbox 591 2373 738 2404; x_wconf 85' lang='lat' dir='ltr'>mixtione</span> <span class='ocrx_word' id='word_1_453' title='bbox 760 2376 994 2416; x_wconf 88' lang='lat' dir='ltr'>quodammodo</span> <span class='ocrx_word' id='word_1_454' title='bbox 1021 2375 1236 2416; x_wconf 84' lang='lat' dir='ltr'>voluptatibus</span> <span class='ocrx_word' id='word_1_455' title='bbox 1257 2385 1348 2416; x_wconf 83' lang='lat' dir='ltr'>egere</span> <span class='ocrx_word' id='word_1_456' title='bbox 1373 2374 1525 2411; x_wconf 89' lang='lat' dir='ltr'>dicamus,</span> <span class='ocrx_word' id='word_1_457' title='bbox 1551 2375 1697 2416; x_wconf 82' lang='lat' dir='ltr'>qualibus</span> 
     </span>
     <span class='ocr_line' id='line_1_41' title="bbox 221 2423 1696 2470; baseline 0.005 -17"><span class='ocrx_word' id='word_1_458' title='bbox 221 2423 377 2464; x_wconf 81' lang='lat' dir='ltr'>praecipue</span> <span class='ocrx_word' id='word_1_459' title='bbox 399 2424 613 2466; x_wconf 83' lang='lat' dir='ltr'>voluptatibus</span> <span class='ocrx_word' id='word_1_460' title='bbox 633 2434 757 2468; x_wconf 82' lang='lat' dir='ltr'>egeant.</span> <span class='ocrx_word' id='word_1_461' title='bbox 804 2429 892 2462; x_wconf 83' lang='lat' dir='ltr'>Pno.</span> <span class='ocrx_word' id='word_1_462' title='bbox 917 2430 1044 2461; x_wconf 86' lang='lat' dir='ltr'>Merito.</span> <span class='ocrx_word' id='word_1_463' title='bbox 1091 2429 1147 2460; x_wconf 92' lang='lat' dir='ltr'>So.</span> <span class='ocrx_word' id='word_1_464' title='bbox 1172 2429 1287 2460; x_wconf 82' lang='lat' dir='ltr'>Nostra</span> <span class='ocrx_word' id='word_1_465' title='bbox 1305 2439 1375 2459; x_wconf 85' lang='lat' dir='ltr'>vcro</span> <span class='ocrx_word' id='word_1_466' title='bbox 1405 2429 1535 2470; x_wconf 83' lang='lat' dir='ltr'>posthac</span> <span class='ocrx_word' id='word_1_467' title='bbox 1562 2429 1696 2461; x_wconf 85' lang='lat' dir='ltr'>interro·</span> 
     </span>
     <span class='ocr_line' id='line_1_42' title="bbox 224 2476 1697 2525; baseline 0.006 -19"><span class='ocrx_word' id='word_1_468' title='bbox 224 2476 308 2516; x_wconf 85' lang='lat' dir='ltr'>gatio</span> <span class='ocrx_word' id='word_1_469' title='bbox 326 2478 394 2508; x_wconf 87' lang='lat' dir='ltr'>talis</span> <span class='ocrx_word' id='word_1_470' title='bbox 409 2479 485 2510; x_wconf 86' lang='lat' dir='ltr'>erit:</span> <span class='ocrx_word' id='word_1_471' title='bbox 513 2479 622 2511; x_wconf 90' lang='lat' dir='ltr'>Utrum</span> <span class='ocrx_word' id='word_1_472' title='bbox 639 2488 751 2523; x_wconf 70' lang='lat' dir='ltr'>praeter</span> <span class='ocrx_word' id='word_1_473' title='bbox 775 2483 843 2514; x_wconf 79' lang='lat' dir='ltr'>illas</span> <span class='ocrx_word' id='word_1_474' title='bbox 869 2484 1046 2525; x_wconf 82' lang='lat' dir='ltr'>voluptates</span> <span class='ocrx_word' id='word_1_475' title='bbox 1063 2493 1149 2515; x_wconf 81' lang='lat' dir='ltr'>veras</span> <span class='ocrx_word' id='word_1_476' title='bbox 1172 2483 1338 2514; x_wconf 83' lang='lat' dir='ltr'>conveniat</span> <span class='ocrx_word' id='word_1_477' title='bbox 1355 2483 1447 2514; x_wconf 79' lang='lat' dir='ltr'>vobis</span> <span class='ocrx_word' id='word_1_478' title='bbox 1463 2483 1697 2515; x_wconf 77' lang='lat' dir='ltr'>vehementissi-</span> 
     </span>
     <span class='ocr_line' id='line_1_43' title="bbox 224 2531 1697 2578; baseline 0.006 -19"><span class='ocrx_word' id='word_1_479' title='bbox 224 2541 339 2560; x_wconf 79' lang='lat' dir='ltr'>marutn</span> <span class='ocrx_word' id='word_1_480' title='bbox 366 2531 712 2578; x_wconf 80' lang='lat' dir='ltr'>ingentissimammque</span> <span class='ocrx_word' id='word_1_481' title='bbox 737 2538 932 2578; x_wconf 84' lang='lat' dir='ltr'>voluptatum</span> <span class='ocrx_word' id='word_1_482' title='bbox 957 2537 1200 2569; x_wconf 84' lang='lat' dir='ltr'>commercium?</span> <span class='ocrx_word' id='word_1_483' title='bbox 1249 2537 1340 2568; x_wconf 87' lang='lat' dir='ltr'>Forte</span> <span class='ocrx_word' id='word_1_484' title='bbox 1365 2537 1408 2568; x_wconf 89' lang='lat' dir='ltr'>sic</span> <span class='ocrx_word' id='word_1_485' title='bbox 1443 2537 1504 2567; x_wconf 82' lang='lat' dir='ltr'>illae</span> <span class='ocrx_word' id='word_1_486' title='bbox 1527 2537 1697 2578; x_wconf 85' lang='lat' dir='ltr'>responde·</span> 
     </span>
     <span class='ocr_line' id='line_1_44' title="bbox 223 2584 1694 2632; baseline 0.005 -19"><span class='ocrx_word' id='word_1_487' title='bbox 223 2585 321 2617; x_wconf 89' lang='lat' dir='ltr'>bunt:</span> <span class='ocrx_word' id='word_1_488' title='bbox 347 2584 421 2616; x_wconf 88' lang='lat' dir='ltr'>Non</span> <span class='ocrx_word' id='word_1_489' title='bbox 436 2589 640 2627; x_wconf 81' lang='lat' dir='ltr'>conveniunt,</span> <span class='ocrx_word' id='word_1_490' title='bbox 657 2602 674 2621; x_wconf 93' lang='lat' dir='ltr'>o</span> <span class='ocrx_word' id='word_1_491' title='bbox 691 2591 846 2629; x_wconf 86' lang='lat' dir='ltr'>Socrates,</span> <span class='ocrx_word' id='word_1_492' title='bbox 863 2593 953 2622; x_wconf 85' lang='lat' dir='ltr'>nobis</span> <span class='ocrx_word' id='word_1_493' title='bbox 969 2591 1148 2632; x_wconf 85' lang='lat' dir='ltr'>hujusmodi</span> <span class='ocrx_word' id='word_1_494' title='bbox 1167 2592 1355 2632; x_wconf 79' lang='lat' dir='ltr'>voluptates.</span> <span class='ocrx_word' id='word_1_495' title='bbox 1378 2590 1425 2621; x_wconf 63' lang='lat' dir='ltr'>he</span> <span class='ocrx_word' id='word_1_496' title='bbox 1451 2600 1586 2632; x_wconf 86' lang='lat' dir='ltr'>namque</span> <span class='ocrx_word' id='word_1_497' title='bbox 1602 2591 1694 2622; x_wconf 74' lang='lat' dir='ltr'>nobis</span> 
     </span>
     <span class='ocr_line' id='line_1_45' title="bbox 222 2638 1694 2687; baseline 0.011 -20"><span class='ocrx_word' id='word_1_498' title='bbox 222 2638 449 2679; x_wconf 84' lang='lat' dir='ltr'>impedimenta</span> <span class='ocrx_word' id='word_1_499' title='bbox 465 2641 699 2675; x_wconf 86' lang='lat' dir='ltr'>innumerabilia</span> <span class='ocrx_word' id='word_1_500' title='bbox 718 2647 868 2686; x_wconf 80' lang='lat' dir='ltr'>praebent.</span> <span class='ocrx_word' id='word_1_501' title='bbox 893 2646 1012 2677; x_wconf 83' lang='lat' dir='ltr'>animas</span> <span class='ocrx_word' id='word_1_502' title='bbox 1027 2645 1193 2687; x_wconf 74' lang='lat' dir='ltr'>siquidem,</span> <span class='ocrx_word' id='word_1_503' title='bbox 1218 2656 1294 2686; x_wconf 85' lang='lat' dir='ltr'>quas</span> <span class='ocrx_word' id='word_1_504' title='bbox 1319 2644 1495 2680; x_wconf 66' lang='lat' dir='ltr'>incolimus»</span> <span class='ocrx_word' id='word_1_505' title='bbox 1517 2644 1694 2686; x_wconf 62' lang='grc' dir='ltr'>*ὮῙῦΡῑὸῑθθ</span> 
     </span>
     <span class='ocr_line' id='line_1_46' title="bbox 222 2692 1695 2741; baseline 0.005 -20"><span class='ocrx_word' id='word_1_506' title='bbox 222 2692 349 2723; x_wconf 68' lang='lat' dir='ltr'>furiosae</span> <span class='ocrx_word' id='word_1_507' title='bbox 367 2695 558 2734; x_wconf 79' lang='lat' dir='ltr'>perturbant,</span> <span class='ocrx_word' id='word_1_508' title='bbox 585 2707 643 2729; x_wconf 90' lang='lat' dir='ltr'>nec</span> <span class='ocrx_word' id='word_1_509' title='bbox 667 2699 844 2731; x_wconf 86' lang='lat' dir='ltr'>adolescere</span> <span class='ocrx_word' id='word_1_510' title='bbox 868 2711 925 2730; x_wconf 88' lang='lat' dir='ltr'>nos</span> <span class='ocrx_word' id='word_1_511' title='bbox 948 2700 1144 2741; x_wconf 81' lang='lat' dir='ltr'>permittunt,</span> <span class='ocrx_word' id='word_1_512' title='bbox 1168 2705 1351 2740; x_wconf 83' lang='lat' dir='ltr'>nostrasque</span> <span class='ocrx_word' id='word_1_513' title='bbox 1369 2697 1531 2740; x_wconf 84' lang='lat' dir='ltr'>progenies</span> <span class='ocrx_word' id='word_1_514' title='bbox 1547 2705 1581 2728; x_wconf 83' lang='lat' dir='ltr'>ut</span> <span class='ocrx_word' id='word_1_515' title='bbox 1597 2698 1695 2739; x_wconf 86' lang='lat' dir='ltr'>pluri-</span> 
     </span>
     <span class='ocr_line' id='line_1_47' title="bbox 222 2749 1692 2794; baseline 0.005 -19"><span class='ocrx_word' id='word_1_516' title='bbox 222 2756 306 2776; x_wconf 87' lang='lat' dir='ltr'>mum</span> <span class='ocrx_word' id='word_1_517' title='bbox 334 2757 388 2787; x_wconf 86' lang='lat' dir='ltr'>per</span> <span class='ocrx_word' id='word_1_518' title='bbox 415 2749 636 2790; x_wconf 81' lang='lat' dir='ltr'>negligentiam</span> <span class='ocrx_word' id='word_1_519' title='bbox 667 2752 835 2785; x_wconf 83' lang='lat' dir='ltr'>inserentes</span> <span class='ocrx_word' id='word_1_520' title='bbox 860 2754 1047 2785; x_wconf 83' lang='lat' dir='ltr'>oblivionem</span> <span class='ocrx_word' id='word_1_521' title='bbox 1072 2754 1198 2784; x_wconf 85' lang='lat' dir='ltr'>omnino</span> <span class='ocrx_word' id='word_1_522' title='bbox 1215 2758 1429 2794; x_wconf 82' lang='lat' dir='ltr'>currumpunt.</span> <span class='ocrx_word' id='word_1_523' title='bbox 1474 2750 1565 2782; x_wconf 81' lang='lat' dir='ltr'>Alias</span> <span class='ocrx_word' id='word_1_524' title='bbox 1587 2757 1692 2783; x_wconf 82' lang='lat' dir='ltr'>nutem</span> 
     </span>
     <span class='ocr_line' id='line_1_48' title="bbox 222 2799 1692 2849; baseline 0.006 -22"><span class='ocrx_word' id='word_1_525' title='bbox 222 2799 400 2840; x_wconf 79' lang='lat' dir='ltr'>voluptates</span> <span class='ocrx_word' id='word_1_526' title='bbox 416 2812 500 2832; x_wconf 80' lang='lat' dir='ltr'>veras</span> <span class='ocrx_word' id='word_1_527' title='bbox 518 2814 553 2833; x_wconf 82' lang='lat' dir='ltr'>ac</span> <span class='ocrx_word' id='word_1_528' title='bbox 570 2814 672 2844; x_wconf 85' lang='lat' dir='ltr'>puras,</span> <span class='ocrx_word' id='word_1_529' title='bbox 696 2817 772 2847; x_wconf 85' lang='lat' dir='ltr'>quas</span> <span class='ocrx_word' id='word_1_530' title='bbox 788 2807 854 2849; x_wconf 86' lang='lat' dir='ltr'>ipse</span> <span class='ocrx_word' id='word_1_531' title='bbox 871 2808 1013 2846; x_wconf 79' lang='lat' dir='ltr'>narrasti,</span> <span class='ocrx_word' id='word_1_532' title='bbox 1030 2807 1124 2838; x_wconf 80' lang='lat' dir='ltr'>ferme</span> <span class='ocrx_word' id='word_1_533' title='bbox 1148 2808 1237 2837; x_wconf 81' lang='lat' dir='ltr'>nobis</span> <span class='ocrx_word' id='word_1_534' title='bbox 1260 2807 1445 2837; x_wconf 84' lang='lat' dir='ltr'>domesticas</span> <span class='ocrx_word' id='word_1_535' title='bbox 1461 2805 1606 2837; x_wconf 81' lang='lat' dir='ltr'>arbitrare</span> <span class='ocrx_word' id='word_1_536' title='bbox 1622 2818 1629 2835; x_wconf 90' lang='lat'>:</span> <span class='ocrx_word' id='word_1_537' title='bbox 1653 2815 1692 2836; x_wconf 77' lang='lat' dir='ltr'>ac</span> 
     </span>
     <span class='ocr_line' id='line_1_49' title="bbox 223 2854 1692 2903; baseline 0.005 -21"><span class='ocrx_word' id='word_1_538' title='bbox 223 2858 332 2892; x_wconf 66' lang='lat' dir='ltr'>praetcr</span> <span class='ocrx_word' id='word_1_539' title='bbox 357 2854 430 2885; x_wconf 81' lang='lat' dir='ltr'>istas</span> <span class='ocrx_word' id='word_1_540' title='bbox 456 2855 525 2886; x_wconf 82' lang='lat' dir='ltr'>illas</span> <span class='ocrx_word' id='word_1_541' title='bbox 550 2857 688 2900; x_wconf 71' lang='lat' dir='ltr'>insuper,</span> <span class='ocrx_word' id='word_1_542' title='bbox 711 2871 781 2901; x_wconf 60' lang='lat' dir='ltr'>qual</span> <span class='ocrx_word' id='word_1_543' title='bbox 804 2873 874 2892; x_wconf 85' lang='lat' dir='ltr'>cum</span> <span class='ocrx_word' id='word_1_544' title='bbox 899 2862 1030 2892; x_wconf 76' lang='lat' dir='ltr'>sanitate</span> <span class='ocrx_word' id='word_1_545' title='bbox 1058 2867 1089 2892; x_wconf 77' lang='lat' dir='ltr'>ct</span> <span class='ocrx_word' id='word_1_546' title='bbox 1115 2861 1318 2903; x_wconf 72' lang='lat' dir='ltr'>temperantia</span> <span class='ocrx_word' id='word_1_547' title='bbox 1335 2860 1506 2901; x_wconf 71' lang='lat' dir='ltr'>ceterisque</span> <span class='ocrx_word' id='word_1_548' title='bbox 1525 2859 1692 2890; x_wconf 80' lang='lat' dir='ltr'>virtutibus</span> 
     </span>
     <span class='ocr_line' id='line_1_50' title="bbox 218 2907 1689 2959; baseline 0.005 -23"><span class='ocrx_word' id='word_1_549' title='bbox 218 2907 394 2948; x_wconf 77' lang='lat' dir='ltr'>capiuntur.</span> <span class='ocrx_word' id='word_1_550' title='bbox 443 2909 509 2941; x_wconf 73' lang='lat' dir='ltr'>llas</span> <span class='ocrx_word' id='word_1_551' title='bbox 533 2910 629 2950; x_wconf 74' lang='lat' dir='ltr'>enim,</span> <span class='ocrx_word' id='word_1_552' title='bbox 653 2925 722 2956; x_wconf 63' lang='lat' dir='ltr'>quac</span> <span class='ocrx_word' id='word_1_553' title='bbox 747 2916 880 2959; x_wconf 62' lang='lat' dir='ltr'>virtutis,</span> <span class='ocrx_word' id='word_1_554' title='bbox 903 2922 1050 2958; x_wconf 71' lang='lat' dir='ltr'>tanquam</span> <span class='ocrx_word' id='word_1_555' title='bbox 1076 2916 1143 2947; x_wconf 81' lang='lat' dir='ltr'>dea:</span> <span class='ocrx_word' id='word_1_556' title='bbox 1171 2915 1348 2957; x_wconf 79' lang='lat' dir='ltr'>cujusdam,</span> <span class='ocrx_word' id='word_1_557' title='bbox 1379 2914 1575 2957; x_wconf 77' lang='lat' dir='ltr'>pcdisscquae</span> <span class='ocrx_word' id='word_1_558' title='bbox 1600 2919 1689 2955; x_wconf 79' lang='lat' dir='ltr'>sunt,</span> 
     </span>
    </p>
   </div>
  </div>
 </body>
</html>
