1840 3225
233 264 312 302 226
833 258 1101 298 PLATONIS
1211 286 1213 289 .
1607 257 1705 309 [603

239 367 313 398 Non
329 366 464 397 videtur.
508 365 564 397 So.
588 363 755 396 Gratiosus
771 364 831 394 erit
847 363 879 394 in
895 362 1064 394 effectione
1076 361 1228 397 imitator,
1253 359 1356 401 quoad
1380 358 1580 402 sapientiam,
1601 359 1635 391 in
1651 359 1711 396 his,

240 431 310 462 quae
326 421 427 451 facit?
474 420 591 451 Gnau.
617 418 691 449 Non
707 417 850 448 multum.
895 417 950 448 So.
976 416 1192 447 Veruntamen
1217 413 1398 450 imitabitur,
1414 413 1499 445 haud
1520 414 1714 456 intelligens,

241 485 303 515 quo
318 479 412 515 pacto
426 472 675 514 unumquodque
699 472 781 502 bene
798 482 832 502 se
848 471 963 502 habeat
986 480 1027 500 an
1049 469 1131 500 male
1148 480 1154 498 :
1179 468 1246 504 sed,
1263 474 1298 498 ut
1319 468 1453 505 videtur,
1478 469 1572 510 quale
1594 467 1718 500 videtur

243 528 350 558 multis
366 534 398 559 et
412 528 530 569 ignaris
553 537 621 558 esse
638 527 813 568 pulchrum,
831 527 888 556 hoc
915 525 1099 555 imitabitur.
1146 522 1260 554 Gmu.
1285 523 1371 560 Quid
1397 523 1483 554 enim
1505 522 1616 554 aliud?
1661 522 1718 555 So.

242 582 322 612 Haec
352 581 542 612 sufficienter
570 580 661 611 nobis
689 584 808 610 asserta
836 578 991 614 videntur,
1030 577 1205 608 imitatores
1241 577 1364 608 scilicet
1393 577 1473 608 nihil
1510 577 1717 608 aesfimatione

243 635 374 676 dignum
396 635 575 676 intelligere
593 634 633 665 de
650 634 697 664 his
710 634 813 669 rebus,
827 643 904 675 quas
919 632 1080 662 imitantur
1097 643 1102 660 :
1128 630 1185 662 sed
1201 641 1270 662 esse
1292 631 1400 673 jocum
1426 630 1586 672 quendam
1612 631 1718 662 imita-

240 690 360 720 tionem
375 689 479 731 potius
506 699 600 730 quam
623 699 690 719 rem
717 688 851 718 seriam:
878 696 1049 727 omnesque
1067 696 1132 721 eOS,
1160 686 1213 726 qui
1237 686 1390 727 tragicam
1412 685 1535 727 poesim
1558 686 1592 716 in
1607 685 1720 716 iambis

244 744 441 784 heroicisque
457 743 647 774 carminibus
661 747 808 777 tractant,
836 742 1008 772 imitatores
1023 750 1088 781 prae
1111 740 1226 771 ceteris
1248 750 1329 771 esse.
1373 740 1488 772 Gmm.
1512 740 1554 771 Et
1579 739 1714 771 maxime

244 797 383 839 quidem.
429 798 483 828 So.
508 797 569 827 Per
584 797 718 828 Jovem:
744 796 880 826 imitatio
894 800 999 825 autem
1013 795 1075 825 ista
1096 794 1180 825 circa
1205 794 1333 835 aliquod
1357 795 1450 825 tertio
1474 794 1573 836 gradu
1596 795 1716 825 distans

246 852 409 882 avexitate
425 858 574 882 versatur.
593 850 721 881 nonne?
770 849 885 880 GLAu.
908 848 975 884 Est,
1002 852 1037 878 ut
1060 848 1150 879 dicis.
1195 848 1249 879 So.
1274 848 1328 879 Ad
1355 849 1448 890 quale
1475 849 1570 890 igitur
1595 859 1714 884 eorum,

246 916 315 946 quae
331 906 364 936 in
381 906 506 936 homine
523 910 604 940 sunt,
621 905 767 945 pertinet,
784 908 939 944 quatenus
955 903 1017 932 vim
1033 902 1129 932 habet
1142 902 1318 944 ejusmodi?
1365 902 1479 934 Gnau.
1503 902 1555 933 De
1577 912 1715 944 quonam

243 959 440 1000 interrogas?
487 960 543 989 So.
567 958 618 988 De
635 958 692 988 tali
713 957 859 998 quodam.
907 955 1096 996 Magnitudo
1114 956 1227 986 eadem
1244 957 1367 987 eminus
1383 964 1476 998 atque
1492 957 1633 988 cominus
1659 966 1717 998 per

247 1020 409 1054 aspectum
421 1024 485 1044 non
503 1022 594 1053 :equa
611 1012 742 1042 videtur.
789 1011 905 1042 Gmu.
929 1010 1014 1040 Non.
1059 1011 1115 1041 So.
1138 1010 1260 1040 Eadem
1286 1021 1411 1052 quoqne
1439 1011 1566 1052 obfiqua
1581 1016 1614 1042 et
1627 1015 1715 1041 recta

243 1067 277 1097 in
296 1078 377 1108 aqua
390 1067 481 1097 nobis
497 1072 529 1096 et
544 1071 631 1096 extra
647 1076 758 1107 aquam
776 1064 1010 1106 aspicientibus,
1030 1074 1169 1105 cavaque
1185 1066 1299 1095 iterum
1315 1071 1347 1096 et
1361 1066 1571 1107 prominentia
1589 1070 1718 1107 propter

244 1122 329 1151 visus
347 1121 430 1151 circa
446 1121 565 1151 colores
590 1130 725 1150 errorem
752 1119 916 1149 videntur:
943 1119 1106 1160 omnisque
1132 1119 1307 1161 hujusmodi
1331 1120 1364 1150 in
1389 1121 1496 1150 anima
1520 1125 1627 1150 nostra
1652 1124 1716 1150 tur-

247 1175 333 1206 batio
357 1175 461 1205 inesse
495 1180 655 1215 comperta
682 1179 740 1204 est.
775 1184 867 1214 quam
900 1173 1025 1214 quidem
1058 1181 1177 1204 naturae
1209 1179 1323 1204 nostrae
1358 1175 1538 1215 passionem
1570 1183 1717 1215 aggressa

247 1229 493 1260 adumbrationis
518 1229 615 1269 ipsius
643 1229 775 1258 facultas
798 1234 830 1258 et
855 1229 1081 1269 praestigiorum
1116 1228 1332 1269 ingeniositas,
1364 1233 1531 1269 ceteraque
1555 1227 1716 1258 machina-

245 1292 363 1319 menta,
389 1283 467 1313 nihil
492 1283 622 1323 magicae
652 1282 843 1313 seductionis
866 1283 1057 1312 intentatum
1084 1283 1277 1324 relinquunt.
1321 1282 1434 1313 GLAU.
1458 1282 1542 1314 Vera
1568 1281 1717 1323 loqueriS.

248 1337 303 1367 So.
328 1339 378 1368 An
405 1348 469 1367 non
492 1336 657 1372 metiendi,
683 1337 881 1372 numerandi,
922 1337 1055 1367 librandi
1093 1337 1214 1377 pen‘tiae
1253 1338 1403 1367 adversus
1437 1338 1504 1368 haec
1541 1341 1717 1377 opportuna

244 1397 317 1421 sunt
342 1391 502 1421 hominum
533 1390 725 1432 adjumenta,
757 1401 798 1421 ne
830 1391 861 1421 in
889 1391 979 1421 nobis
1001 1391 1035 1421 id
1058 1392 1238 1432 praevaleat,
1265 1391 1348 1432 quod
1375 1400 1515 1432 apparet,
1541 1391 1642 1433 majus
1664 1391 1717 1421 vel

243 1446 347 1476 minus
375 1450 428 1475 aut
451 1446 523 1486 plus
550 1451 602 1475 aut
632 1445 755 1486 gravius
770 1457 778 1483 3
818 1445 874 1476 sed
905 1445 988 1486 quod
1018 1446 1155 1481 metitur,
1187 1451 1357 1486 computat,
1388 1445 1552 1486 ponderat.
1596 1444 1714 1476 Gmm.

245 1500 392 1536 Quidni?
448 1500 503 1530 So.
543 1499 639 1540 Atqui
671 1500 729 1530 hoc
764 1499 926 1530 rationalis
955 1500 1050 1529 animi
1082 1500 1179 1540 partis
1205 1506 1253 1530 est
1284 1500 1440 1531 officium?
1497 1499 1611 1531 GLAu.
1642 1499 1713 1530 Hu-

241 1554 295 1596 jus
324 1554 433 1594 ipsius.
492 1554 548 1584 So.
572 1553 641 1584 Hoc
671 1559 774 1583 autern
806 1564 1020 1594 saepenumero
1050 1554 1198 1584 metiente
1235 1554 1458 1596 indicanteque
1486 1554 1604 1596 majora
1643 1563 1714 1584 esse

244 1608 398 1638 nonnulla
427 1608 478 1637 vel
506 1608 625 1638 minora
651 1607 720 1637 aliis
748 1608 820 1642 alia,
846 1609 897 1637 rel
922 1608 1065 1648 mqualia,
1102 1609 1255 1638 contraria
1275 1608 1366 1639 simul
1401 1609 1484 1639 circa
1507 1608 1621 1638 eadem
1645 1609 1713 1639 haec

242 1662 332 1692 nobis
350 1667 514 1702 apparent.
560 1662 675 1692 Grau.
701 1660 752 1691 Sic
769 1661 894 1691 accidit.
939 1661 993 1692 So.
1019 1661 1072 1691 An
1087 1672 1150 1692 non
1166 1662 1243 1692 alias
1260 1661 1393 1692 diximus
1403 1662 1470 1693 fieri
1484 1672 1547 1692 non
1560 1671 1663 1703 posse,
1679 1667 1715 1692 ut

242 1715 355 1745 eadem
370 1716 401 1745 vi
424 1716 536 1746 animae
563 1716 654 1745 simul
679 1720 711 1745 et
737 1715 819 1746 circa
843 1715 956 1745 eadem
980 1716 1135 1746 contraria
1159 1717 1344 1757 opinemur?
1390 1716 1506 1748 GLAU.
1528 1715 1576 1747 Ac
1598 1717 1713 1748 merito

242 1769 386 1800 diximus.
412 1769 508 1810 [603]
534 1770 590 1800 So.
623 1769 681 1800 Vis
710 1770 803 1810 igitur
833 1770 956 1810 animae,
989 1781 1057 1811 qus}
1088 1776 1201 1811 praeter
1237 1781 1413 1801 mensuram
1440 1771 1596 1812 opinatur,
1626 1771 1711 1802 haud

243 1823 358 1853 eadem
373 1823 432 1853 erit
447 1828 540 1864 atque
557 1823 623 1860 illa,
635 1834 703 1864 quae
718 1835 789 1854 cum
799 1825 968 1854 mensura?
1014 1824 1129 1856 Gmu.
1153 1824 1226 1855 Non
1236 1831 1332 1855 certe.
1376 1825 1431 1856 So.
1453 1824 1517 1855 Sed
1531 1825 1617 1856 enim
1626 1825 1712 1867 quod

242 1887 398 1907 mensurae
419 1877 728 1919 ratiocinationisque
755 1878 854 1909 credit
879 1879 1114 1920 computationi,
1140 1879 1236 1909 animi
1258 1889 1329 1920 pars
1353 1880 1471 1920 optima
1491 1885 1550 1910 est.
1594 1879 1712 1911 Gtau.

242 1930 333 1961 Nihil
351 1931 481 1962 obstan>
509 1932 564 1962 So.
588 1932 684 1969 Quod
700 1943 773 1973 ergo
790 1938 945 1974 repugnat
956 1934 1020 1975 isti,
1036 1933 1180 1974 ignobilis
1196 1933 1302 1974 aliqua
1314 1934 1413 1965 nostri
1421 1944 1494 1974 pars
1502 1933 1572 1964 erit.
1595 1933 1669 1965 GLA
1677 1945 1709 1965 υ.

239 1985 393 2015 Necesse.
440 1985 495 2016 So.
519 1985 565 2016 Ut
581 1986 637 2016 hoc
655 1997 875 2024 assereremus,
894 1998 985 2029 supra
1003 1987 1156 2023 dicebam,
1173 1987 1257 2029 quod
1270 1988 1392 2028 pictura
1406 1993 1438 2018 et
1452 1988 1552 2019 omnis
1566 1986 1710 2018 imitandi

238 2039 371 2069 facultas
387 2040 493 2079 procul
512 2050 529 2068 a
545 2041 676 2070 veritate
692 2051 782 2071 suum
806 2052 883 2082 opus
899 2049 1044 2073 exercet:
1070 2052 1235 2083 rursusque
1262 2053 1333 2073 cum
1357 2042 1463 2084 aliqua
1484 2043 1584 2073 nostri
1606 2047 1708 2082 parte,

236 2091 411 2132 prudentiae
429 2103 552 2133 prorsus
567 2099 695 2133 experte
713 2094 922 2134 congreditur,
940 2102 971 2126 et
988 2095 1160 2126 amicitiam
1177 2096 1342 2133 contrahit,
1358 2095 1398 2126 ad
1412 2097 1569 2126 sincerum
1582 2105 1706 2126 verum-

240 2156 299 2186 que
317 2146 406 2176 nihil.
452 2145 566 2176 Grau.
593 2147 743 2177 Maxime.
789 2148 843 2178 So.
867 2149 950 2178 Vilis
961 2160 1034 2190 ergo
1052 2149 1196 2180 imitandi
1212 2150 1354 2185 facultas,
1365 2150 1419 2180 vili
1434 2149 1559 2181 cuidam
1573 2159 1705 2180 secom-

236 2200 372 2230 miscens
387 2200 462 2230 vilia
485 2207 638 2240 procreat.
684 2201 797 2232 Grau.
825 2202 977 2243 Apparet.
1023 2204 1078 2234 So.
1105 2203 1214 2234 Utrum
1236 2204 1308 2234 talis
1323 2210 1370 2234 est
1387 2213 1425 2234 ea
1449 2203 1610 2239 duntaxat,
1636 2213 1706 2244 quae

237 2254 278 2284 ad
293 2255 393 2284 visum
407 2255 550 2294 spectat?
575 2264 614 2284 an
631 2265 668 2285 ea
683 2256 791 2293 etiam,
805 2266 873 2297 qua„¹
891 2257 931 2286 ad
946 2257 1096 2291 auditum.
1113 2268 1207 2298 quam
1232 2258 1354 2299 poesim
1375 2257 1546 2288 vocamus?
1591 2256 1707 2288 Gnu.

239 2308 404 2339 Probabile
421 2314 469 2338 est
485 2309 565 2339 hanc
582 2309 709 2350 insuper
725 2321 792 2340 esse
809 2312 916 2341 talem.
962 2312 1017 2343 So.
1041 2312 1091 2342 Ne
1109 2313 1203 2353 igitur
1227 2313 1257 2342 ei
1280 2313 1338 2343 soli
1363 2311 1536 2347 credamus,
1559 2310 1643 2352 quod
1669 2320 1706 2341 ex

238 2363 361 2403 pictura
376 2362 545 2392 verisimile
560 2363 649 2393 nobis
666 2370 795 2404 apparet
809 2376 814 2393 z
841 2365 897 2395 sed
913 2364 952 2395 ad
968 2376 1038 2395 eam
1054 2366 1155 2406 ipsam
1171 2366 1372 2406 cogitationis
1394 2371 1547 2401 naturam,
1570 2365 1621 2396 cui
1635 2374 1705 2395 sese

239 2415 456 2446 accommodat
471 2417 598 2457 poetica
613 2418 758 2453 imitatio,
776 2419 938 2449 veniamus
952 2431 957 2447 ς
984 2419 1220 2461 videamusque,
1246 2430 1322 2450 num
1337 2419 1398 2450 vile
1425 2418 1576 2461 quiddam
1598 2419 1650 2455 sit,
1665 2427 1706 2449 an

239 2469 418 2509 pretiosum.
464 2469 579 2502 Gmu.
603 2471 653 2502 Sic
670 2479 802 2512 oportet.
848 2473 902 2504 So.
926 2474 1019 2504 Hunc
1036 2485 1110 2514 ergo
1125 2475 1156 2504 in
1182 2475 1308 2505 modum
1333 2483 1553 2515 proponamus,
1596 2472 1707 2507 Imita-

236 2526 285 2552 tur
301 2523 428 2563 quidem
442 2524 547 2565 poesis
564 2525 705 2556 homines
721 2533 772 2556 aut
788 2527 818 2556 vi
844 2527 963 2567 aliquid
986 2534 1037 2557 aut
1064 2534 1174 2569 sponte.
1200 2534 1341 2569 agentes,
1366 2527 1641 2567 existimantesque
1664 2536 1703 2557 ex

235 2576 410 2607 actionibus
424 2579 474 2608 vel
491 2579 606 2609 bonum
622 2579 679 2610 sibi
696 2580 823 2621 aliquod
840 2591 907 2611 esse
924 2582 973 2611 vel
991 2582 1110 2612 malum
1126 2593 1133 2618 ;
1157 2581 1291 2622 ideoque
1308 2582 1358 2612 vel
1374 2580 1481 2611 dolore
1506 2579 1637 2611 affectos
1650 2580 1702 2610 vel

234 2630 406 2670 voluptate.
431 2641 470 2661 an
485 2633 571 2663 aliud
587 2635 778 2674 quicquam?
824 2634 898 2665 GLA
907 2646 939 2665 υ.
964 2635 1055 2665 Nihil
1085 2635 1182 2666 aliud.
1228 2635 1283 2666 So.
1306 2633 1459 2675 Nunquid
1481 2633 1579 2664 iubis
1602 2634 1703 2664 omni-

234 2682 291 2712 bus
307 2684 398 2714 homo
414 2695 519 2715 secum
534 2686 601 2727 ipse
618 2688 797 2718 consentit?
821 2689 871 2718 vel
889 2689 1004 2728 potius,
1018 2689 1283 2730 quemadmodum
1296 2687 1471 2719 secundum
1486 2687 1586 2717 visum
1610 2687 1701 2718 dissi-

234 2736 298 2771 det,
315 2742 347 2766 ut
363 2739 565 2774 narravimus,
583 2740 684 2781 deque
701 2741 821 2772 eisdem
848 2743 1018 2773 contrarias
1045 2744 1075 2773 in
1093 2754 1126 2774 se
1142 2744 1211 2784 ipso
1235 2743 1326 2773 simul
1351 2741 1444 2772 habet
1467 2740 1642 2782 opiniones,
1658 2741 1703 2771 ita

234 2790 313 2820 etin
330 2791 454 2831 agendo
471 2802 577 2823 secum
593 2794 660 2834 ipse
677 2794 807 2826 dissidet
832 2803 926 2837 atque
953 2799 1093 2838 pugnat?
1117 2805 1148 2828 at
1173 2808 1256 2828 nunc
1281 2796 1357 2826 mihi
1381 2795 1467 2826 venit
1491 2795 1523 2825 in
1547 2800 1699 2830 mentem,

231 2844 312 2884 quod
331 2844 408 2874 nihil
425 2851 473 2875 est
487 2845 526 2875 de
547 2847 603 2876 hoc
620 2847 709 2878 nobis
726 2849 758 2878 iu
774 2851 940 2889 prwsentia
967 2851 1220 2892 disceptandum.
1246 2860 1318 2880 nam
1334 2850 1364 2879 in
1382 2849 1532 2890 superiori
1558 2848 1699 2889 disputa-

229 2897 314 2927 tione
329 2897 368 2927 de
385 2899 430 2928 his
447 2900 521 2929 satis
546 2911 608 2931 uua
634 2904 847 2938 convenimus.
874 2905 1013 2935 animum
1039 2906 1187 2936 videlicet
1214 2910 1353 2934 nostrum
1377 2902 1513 2934 confessi
1535 2903 1642 2933 multis
1665 2908 1699 2932 et

224 2951 316 2982 variis
345 2952 560 2993 hujuscemodi
591 2957 844 2989 contentionibus
871 2959 929 2990 sibi
953 2960 1065 2991 eodem
1091 2960 1123 2991 in
1149 2967 1288 3001 tempore
1314 2957 1549 2989 adversantibus
1574 2956 1697 2997 agitari.
