1840 3225
225 235 276 272 54
678 231 899 277 rNcERTI
933 231 1202 270 Auc‘roars
1590 235 1685 285 [128

222 336 389 377 Equidem.
413 336 470 367 So.
481 335 562 366 Sunt
577 345 650 377 ergo
666 335 842 377 disciplinae
852 336 996 378 quaedam
1011 335 1185 373 mulierum,
1195 336 1338 377 quaedam
1355 335 1498 373 virorum,
1511 337 1682 369 secundum

224 389 395 420 orationem
412 394 510 420 tuam.
532 388 596 419 ΛΙ..
618 388 738 425 Quidni
752 389 763 418 ?
787 389 843 420 So.
866 389 904 419 In
919 389 957 419 iis
973 389 1078 430 itaque
1094 388 1271 420 mulieribus
1286 399 1356 421 cum
1372 389 1443 420 viris
1457 400 1625 421 consensus
1635 396 1683 422 est

223 442 341 473 nullus.
364 442 428 474 ΑΙ..
453 442 579 474 Nullus.
603 443 659 474 So.
681 441 796 484 Neque
810 442 946 474 amicitia
958 443 1072 484 igitur:
1092 443 1116 473 si
1132 443 1257 483 quidem
1274 443 1409 475 amicitia
1419 444 1583 475 consensio
1597 454 1684 485 quae-

224 497 294 527 (iam
312 502 369 528 est.
393 495 458 528 ΑΙ..
472 497 548 528 Non
562 497 696 528 videtur.
720 496 776 527 So.
790 497 942 538 Ideoque,
954 502 1108 537 quatenus
1118 497 1259 528 mulieres
1271 498 1371 528 officia
1383 508 1439 528 sua
1451 504 1606 534 exercent,
1619 508 1683 529 non

223 556 392 581 amantur-a
404 550 485 582 viris.
513 550 582 583 ΑΙ..
605 550 680 582 Νοη
696 555 837 592 apparet.
871 551 926 582 So.
951 550 1065 592 Neque
1081 551 1138 582 viri
1153 551 1244 581 etiam
1261 562 1278 581 a
1291 551 1479 590 mulieribus,
1495 552 1569 582 dum
1584 551 1685 583 virilia

223 609 368 636 tractant.
401 604 467 636 ΑΙ..
490 604 578 636 Νοη.
608 604 663 636 So.
687 604 762 636 Non
779 615 852 645 ergo
869 609 944 635 tunc
959 605 1078 646 optime
1094 604 1235 636 civitates
1250 605 1466 642 instituuntur,
1482 615 1553 636 curn
1569 604 1684 646 singuli

223 657 369 698 operibus
382 658 445 689 suis
461 659 657 690 incumbunt.
677 657 740 691 AL.
755 658 824 699 Ego
838 663 942 688 tamen
952 658 996 695 id,
1011 669 1030 689 o
1045 658 1200 699 Socrates,
1211 658 1349 690 arbitror.
1372 658 1428 690 So.
1445 658 1614 695 Quomodo
1624 660 1684 690 hoc

224 711 280 746 ais,
290 711 426 742 amicitia
441 712 562 743 sublata
575 712 586 742 ?
602 722 663 753 qua
677 717 830 753 praesente
842 712 978 743 confessi
990 722 1094 742 sumus
1103 713 1182 743 bene
1192 711 1340 742 constitui
1349 712 1503 750 civitates,
1515 713 1606 743 aliter
1613 723 1684 744 vero

224 769 342 795 contra.
385 764 449 796 Ar..
473 765 571 807 Atqui
587 766 661 796 mihi
685 766 808 796 videtur
823 766 863 796 ob
878 766 938 796 lroc
953 765 1034 796 inter
1057 765 1198 796 homines
1212 766 1382 797 consistere
1397 766 1578 806 amicitiam,
1599 766 1684 807 quod

224 817 356 858 quisque
372 828 460 848 suum
477 819 612 850 officium
627 824 824 861 exsequatur.
868 819 926 850 So.
949 818 1025 850 Non
1052 824 1156 850 tamen
1171 819 1202 849 id
1220 819 1314 860 paulo
1340 824 1413 850 ante
1429 819 1554 851 dicebas
1569 831 1576 850 :
1600 829 1686 851 nunc

226 877 327 902 autem
346 882 407 912 quo
424 876 517 912 pacto
534 879 634 902 rursus
651 873 708 909 ais,
724 872 930 903 consensione
945 873 1085 903 adhibita
1098 873 1266 903 amicitiam
1284 872 1348 903 fieri
1362 873 1373 903 ?
1417 872 1470 903 An
1487 878 1591 914 potest
1606 874 1687 904 circa

226 925 293 955 haze
309 935 478 956 consensus
493 924 651 966 exsistere,
666 935 799 967 quorum
816 926 835 956 ii
851 926 979 966 quidem
993 926 1096 967 periti,
1111 927 1131 956 ii
1144 937 1215 957 vero
1231 926 1365 967 imperiti
1378 927 1473 957 sunt?
1515 926 1581 959 Ar..
1605 927 1687 958 Fieri

226 989 288 1008 non
305 984 420 1019 potest.
466 979 520 1010 So.
544 979 675 1010 Justane
689 990 727 1010 an
745 979 860 1020 injusta
875 979 1009 1020 faciunt,
1025 991 1095 1011 curn
1118 980 1232 1020 singuli
1248 991 1319 1021 quae
1333 981 1373 1010 ad
1390 991 1422 1011 se
1438 981 1584 1018 attinent,
1598 992 1685 1013 exse-

225 1032 383 1073 quuntur?
430 1031 495 1064 Ar..
517 1032 607 1064 Justa
624 1033 776 1074 profecto.
822 1034 878 1064 So.
900 1033 992 1064 Juste
1008 1033 1103 1074 igitur
1117 1034 1281 1075 agentibus
1290 1034 1409 1065 civibus
1423 1034 1458 1064 in
1470 1034 1608 1071 civitate,
1621 1045 1685 1066 non

224 1090 271 1115 est
286 1085 432 1116 amicitia.
479 1085 544 1117 Ar..
567 1085 784 1118 Necessarium
801 1087 860 1117 hoc
876 1086 986 1117 itidem
1003 1087 1137 1122 videtur,
1153 1098 1172 1118 o
1185 1087 1340 1119 Socrates.
1385 1087 1441 1118 So.
1464 1087 1686 1130 Quamitaque

224 1139 303 1169 dicis
318 1138 486 1169 amicitiam
502 1139 567 1170 sive
595 1140 844 1176 consensionem,
871 1139 953 1171 circa
969 1150 1062 1181 quam
1091 1149 1147 1170 nos
1174 1140 1330 1181 sapientes
1353 1146 1386 1171 et
1406 1140 1597 1172 consultores
1620 1152 1688 1173 esse

225 1197 361 1232 oportet,
387 1197 422 1222 ut
446 1192 522 1223 boni
544 1192 599 1223 viri
625 1193 741 1224 simus?
765 1204 869 1234 neque
895 1194 979 1224 enim
1005 1194 1165 1236 percipere
1189 1205 1327 1236 possum,
1351 1205 1495 1236 quaenam
1510 1195 1563 1233 sit,
1586 1196 1688 1226 autin

227 1245 340 1286 quibus
355 1246 500 1277 exsistat:
526 1257 596 1278 cum
613 1257 650 1278 ex
666 1247 805 1278 oratione
821 1253 875 1278 tua
896 1247 1054 1278 interdum
1071 1248 1103 1278 in
1130 1249 1246 1279 eisdem
1270 1249 1383 1285 inesse,
1399 1259 1624 1291 nonnunquam
1647 1250 1686 1280 ab

227 1299 345 1330 eisdem
357 1300 464 1331 abesse
476 1299 630 1331 videatur.
675 1300 737 1332 ΑΙ..
762 1301 823 1332 Per
837 1301 936 1341 Deos,
951 1313 969 1332 ο
981 1303 1136 1339 Socrates,
1149 1313 1251 1343 neque
1267 1302 1333 1344 ipse
1343 1303 1470 1345 quidem
1483 1304 1559 1345 quid
1572 1304 1688 1344 dicam,

229 1353 393 1394 intelligo:
419 1354 588 1395 videorque
599 1355 723 1396 jamdiu
746 1366 795 1386 me
812 1356 913 1397 ipsum
937 1355 1074 1393 latuisse,
1100 1367 1171 1388 cum
1188 1367 1237 1387 me
1254 1356 1428 1398 turpissime
1444 1357 1586 1389 habeam.
1630 1357 1687 1388 So.

230 1406 396 1438 confidere
413 1407 514 1439 decet.
559 1408 642 1439 Nam
659 1409 684 1439 si
700 1410 759 1441 hoc
785 1410 910 1440 demum
927 1409 1196 1441 animadvertisses
1220 1420 1318 1440 annos
1334 1410 1563 1452 quinquaginta
1585 1416 1690 1448 natus,

230 1460 359 1491 arduum
376 1471 450 1492 sane
466 1462 545 1493 soret
561 1467 591 1493 te
617 1462 719 1503 ipsum
745 1473 873 1495 curare:
901 1474 986 1495 nunc
1012 1475 1084 1495 vero
1109 1464 1141 1495 in
1169 1474 1205 1495 ea
1224 1474 1258 1495 es
1274 1469 1378 1501 aetate,
1404 1474 1467 1505 qua
1481 1465 1513 1495 id
1529 1464 1689 1496 advertere

232 1513 335 1545 decet.
380 1514 447 1546 ΑΙ..
472 1516 557 1554 Quid
574 1517 667 1557 igitur
692 1518 751 1548 hoc
768 1518 980 1549 advertentem
998 1518 1101 1549 facere
1115 1518 1261 1560 oportet?
1306 1518 1364 1549 So.
1387 1518 1562 1559 Responde
1576 1519 1616 1549 ad
1638 1529 1690 1559 ea,

232 1577 302 1608 quae
319 1568 514 1611 interrogabo
531 1575 573 1606 te,
589 1570 782 1605 Alcibiades.
805 1573 891 1613 quod
907 1572 932 1602 si
947 1572 1067 1608 feceris,
1084 1583 1119 1604 ac
1135 1572 1224 1603 Deus
1235 1572 1377 1609 voluerit,
1389 1572 1413 1603 si
1427 1582 1490 1614 qua
1506 1573 1599 1603 modo
1613 1572 1691 1603 fides

233 1621 309 1651 meis
325 1627 373 1652 est
386 1623 541 1654 vaticiniis
555 1624 746 1666 adhibenda,
761 1630 794 1656 tu
811 1626 900 1656 simul
916 1631 949 1657 et
963 1637 1021 1667 ego
1036 1626 1146 1657 melius
1161 1625 1354 1658 habebimus,
1379 1626 1443 1657 ΑΙ..
1458 1626 1508 1657 Ita
1523 1627 1592 1663 erit,
1604 1627 1690 1668 quod

232 1675 271 1705 ad
288 1685 336 1706 me
363 1677 602 1718 respondentem
618 1678 743 1710 attinet.
790 1679 846 1711 So.
871 1679 954 1720 Age,
970 1680 1047 1720 quid
1064 1685 1111 1710 est
1127 1690 1159 1710 se
1174 1680 1275 1720 ipsum
1296 1689 1415 1716 curare,
1429 1690 1469 1711 ne
1484 1689 1568 1721 saepe
1591 1679 1690 1720 [128]

231 1738 288 1758 nos
311 1729 398 1770 ipsos
413 1730 574 1768 lateamus,
590 1742 654 1762 non
670 1739 812 1763 curantes
828 1738 961 1770 nosmet,
984 1743 1054 1764 curn
1079 1733 1111 1763 id
1127 1743 1217 1773 agere
1232 1733 1407 1774 opinemur.
1451 1733 1493 1764 Et
1508 1733 1636 1775 quando
1659 1733 1691 1763 id

233 1781 325 1811 homo
341 1783 417 1823 agit,
434 1794 506 1814 num
534 1786 678 1825 quotiens
695 1797 830 1822 suorum,
848 1787 962 1817 totiens
978 1792 1011 1816 et
1026 1786 1073 1816 sui
1096 1797 1199 1817 curam
1216 1787 1334 1817 habet?
1379 1786 1442 1817 ΑΙ..
1466 1787 1552 1818 Mihi
1566 1787 1693 1828 quidem

235 1835 364 1866 videtur.
410 1837 464 1868 So.
491 1839 576 1875 Quid
592 1839 603 1868 ?
619 1849 692 1869 num
710 1840 808 1880 pedes
823 1845 897 1870 tunc
913 1840 982 1880 quis
992 1845 1090 1876 curat,
1105 1850 1175 1870 curn
1191 1850 1309 1876 eorum,
1324 1850 1394 1880 quae
1410 1839 1525 1880 pedum
1539 1845 1622 1877 sunt,
1637 1840 1696 1871 sibi

233 1898 305 1918 cura
320 1890 390 1919 est?
436 1890 500 1921 ΑΙ..
522 1891 598 1922 Νοη
624 1891 778 1933 intelligo.
823 1892 879 1923 So.
904 1892 1038 1923 Dicisne
1064 1903 1131 1923 esse
1156 1892 1273 1933 aliquid
1292 1893 1390 1933 ipsius
1406 1903 1526 1928 manus,
1542 1894 1693 1935 quemad-

234 1942 359 1972 modum
376 1943 509 1974 annulus
525 1945 592 1974 est?
628 1944 691 1976 ΑΙ..
715 1945 798 1975 Dico
815 1945 971 1986 equidem.
1008 1945 1067 1976 So.
1089 1944 1174 1975 Num
1192 1945 1317 1976 alterius
1333 1946 1472 1986 membri,
1485 1956 1577 1987 quam
1590 1946 1693 1987 digiti,

235 1995 384 2025 annulum
401 2006 468 2027 esse
483 1998 614 2028 censes?
660 1998 722 2031 ΑΙ..
746 1998 894 2029 Minime.
939 1999 994 2029 So.
1018 1998 1060 2028 Et
1082 1999 1170 2040 pedis
1186 1999 1324 2030 calceum
1341 1999 1452 2029 eodem
1467 1999 1583 2029 modo?
1627 1999 1694 2030 ΑΙ..

234 2047 295 2077 Ita.
328 2049 384 2079 So.
407 2049 486 2080 Cum
503 2050 677 2082 calceorum
693 2061 796 2082 curam
814 2053 974 2088 habemus,
991 2058 1066 2083 tunc
1084 2053 1200 2093 pedum
1216 2052 1306 2083 nobis
1320 2062 1393 2083 cura
1407 2053 1476 2083 est?
1508 2053 1574 2084 Ar..
1597 2052 1694 2084 Haud

233 2100 305 2131 satis
331 2107 361 2132 te
387 2108 491 2140 teneo,
517 2103 671 2136 Socrates.
716 2106 772 2136 So.
796 2106 882 2142 Quid
910 2116 993 2142 vcro,
1021 2116 1039 2136 o
1067 2105 1263 2146 Alcibiades,
1289 2116 1421 2137 vocasne
1445 2105 1564 2147 aliquid
1579 2112 1694 2137 rectam

236 2155 368 2196 alicujus
383 2158 597 2189 curationem?
644 2159 706 2189 ΑΙ..
731 2159 834 2190 voco,
880 2160 937 2191 So.
962 2159 1014 2190 An
1040 2170 1114 2195 non,
1142 2171 1211 2191 cum
1237 2160 1312 2201 quid
1339 2159 1448 2190 melius
1463 2160 1509 2197 fit,
1526 2165 1600 2191 tunc
1624 2160 1693 2201 ejus

235 2215 348 2239 rectam
365 2211 555 2242 curationem
571 2223 637 2243 esse
652 2213 752 2244 dicis?
799 2213 862 2244 ΑΙ..
887 2213 980 2245 Dico.
1026 2214 1081 2244 So.
1106 2215 1186 2251 Quae
1208 2224 1255 2244 ars
1269 2213 1391 2244 calceos
1413 2213 1553 2244 meliores
1577 2213 1695 2245 efficit?

238 2263 303 2293 ΑΙ..
328 2264 513 2296 Cerdonica.
551 2267 608 2298 So.
633 2266 809 2298 Cerdonica
821 2267 915 2308 igitur
927 2267 1100 2298 calceorum
1117 2278 1220 2299 curam
1238 2267 1408 2298 habemus?
1446 2266 1508 2297 AL.
1533 2266 1696 2308 Hacipsa.

236 2316 289 2347 So.
314 2317 465 2359 Nunquid
494 2325 525 2349 et
551 2321 647 2360 pedes
672 2322 766 2351 etiam
794 2321 982 2352 cerdonica?
1007 2322 1055 2351 vel
1082 2322 1151 2362 ipsa
1177 2321 1292 2361 potius,
1319 2330 1380 2360 qua
1410 2320 1506 2360 pedes
1537 2321 1693 2350 reddimus

237 2371 398 2401 meliores?
445 2372 509 2404 ΑΙ..
534 2373 604 2404 Illa.
649 2374 703 2405 So.
727 2375 828 2405 Pedes
844 2380 947 2404 autem
970 2375 1122 2411 meliores,
1137 2385 1242 2405 nonne
1258 2384 1319 2414 qua
1335 2381 1366 2404 et
1391 2373 1542 2414 reliquum
1558 2374 1694 2414 corpus?

237 2423 299 2454 Ar..
327 2425 470 2457 Videtur.
516 2427 570 2459 So,
595 2428 673 2458 Ilaec
700 2439 804 2459 nonne
821 2429 1015 2469 gymnastica
1031 2429 1042 2458 ?
1085 2428 1150 2459 AL.
1175 2428 1324 2459 Maxime.
1370 2428 1425 2457 So.
1450 2427 1532 2468 Ergo
1548 2436 1696 2468 gymnas·

237 2477 296 2506 tica
315 2480 410 2517 pedes
425 2490 579 2516 curamus,
605 2481 771 2512 cerdonica
787 2492 857 2512 vcro
882 2481 934 2512 illa
951 2492 1019 2522 quae
1043 2482 1158 2522 pedum
1175 2487 1256 2512 sunt.
1305 2481 1368 2510 ΑΙ..
1392 2481 1531 2512 Prorsus.
1576 2481 1631 2510 So.
1658 2479 1696 2509 Et

237 2532 431 2569 gymnastica
446 2544 571 2574 quoque
597 2545 719 2575 manus,
735 2535 896 2565 annularis.
917 2546 988 2566 vero
1012 2535 1075 2570 illa,
1102 2545 1171 2576 quae
1188 2540 1260 2565 sunt
1277 2545 1434 2566 manuum.
1480 2534 1545 2564 ΑΙ..
1567 2534 1620 2564 Sic
1635 2538 1694 2563 est.

237 2582 293 2612 So.
317 2583 357 2613 Et
372 2587 566 2625 gymnastica
581 2599 707 2629 corpus,
723 2589 852 2619 textoria
868 2593 970 2619 autem
985 2594 1017 2619 et
1032 2588 1100 2618 aliis
1116 2588 1316 2619 facultatibus
1331 2599 1368 2618 ea
1384 2598 1454 2628 quae
1465 2586 1602 2628 corporis
1611 2592 1695 2616 sunt.

238 2636 303 2666 ΑΙ..
325 2637 474 2670 Omnino.
521 2640 576 2670 So.
599 2641 671 2671 Alia
686 2642 777 2682 igitur
793 2647 856 2672 arte
880 2643 1125 2682 unumquodque
1140 2653 1148 2679 3
1172 2642 1243 2678 alia,
1259 2651 1328 2683 quae
1343 2641 1428 2672 illius
1444 2646 1527 2676 sunt,
1543 2649 1697 2670 curamus.

237 2688 301 2718 AL.
327 2690 470 2721 Videtur.
514 2692 568 2723 So.
592 2693 666 2724 Non
680 2705 753 2735 ergo
769 2705 838 2725 cum
852 2705 907 2725 sua
919 2695 999 2735 quiS,
1018 2700 1092 2726 tunc
1105 2695 1196 2724 ctiam
1209 2705 1240 2725 se
1251 2700 1347 2725 curat.
1392 2693 1456 2723 ΑΙ..
1480 2692 1578 2723 Nullo
1589 2697 1695 2733 pacto.

238 2743 291 2772 So.
337 2743 411 2774 Non
427 2745 509 2775 enim
526 2747 633 2776 eadem
660 2758 718 2784 ars,
733 2753 768 2778 ut
795 2749 927 2787 videtur,
954 2759 1023 2789 quae
1050 2759 1106 2778 nos
1128 2753 1159 2778 et
1183 2758 1253 2788 quae
1269 2752 1373 2778 nostra
1388 2751 1485 2776 curat.
1534 2746 1595 2775 Ar..
1619 2744 1695 2775 Non

237 2801 378 2835 apparet.
423 2798 478 2828 So.
501 2797 570 2839 Age
595 2800 714 2841 itaque,
741 2811 875 2842 quanam
903 2807 966 2832 arte
993 2812 1049 2832 nos
1074 2801 1160 2842 ipsos
1182 2811 1287 2832 curare
1302 2800 1488 2841 possumus?
1534 2799 1597 2828 AL.
1620 2798 1696 2828 Non

238 2851 337 2880 liabeo
354 2852 438 2885 Quod
455 2852 568 2882 dicam.
594 2853 650 2883 So.
668 2853 711 2883 At
727 2855 785 2885 lioc
802 2860 904 2885 tamen
922 2855 1000 2885 inter
1016 2865 1072 2885 nos
1087 2854 1246 2888 convenit,
1263 2853 1346 2895 quod
1364 2863 1426 2883 non
1443 2862 1504 2893 qua
1520 2857 1693 2881 nostrorum

238 2903 355 2944 aliquid
382 2904 491 2937 melius
506 2905 668 2945 efficimus,
695 2917 750 2938 nos
766 2918 907 2941 curamus
923 2921 929 2940 :
956 2919 1059 2940 verum
1076 2919 1138 2949 qua
1163 2919 1219 2940 nos
1235 2907 1320 2950 ipsos
1341 2907 1380 2938 ad
1397 2905 1554 2938 meliorem
1578 2905 1696 2946 frugem
