1840 3225
228 247 304 284 124
823 244 1092 284 PLATONIS
1600 242 1695 294 [402

224 348 381 380 eruditur:
406 353 514 380 contra
529 359 614 389 vero,
631 348 657 380 si
684 353 792 380 contra
817 348 888 390 quis
913 348 1008 379 fuerit
1035 347 1200 378 educatus,
1245 345 1288 376 Et
1313 346 1462 387 quoniam
1490 355 1592 377 rursus
1617 345 1696 377 defi-

225 403 339 433 cientia
354 413 457 444 neque
470 409 553 434 recte
569 402 717 433 fabricata
733 407 787 432 aut
801 412 864 432 non
882 402 961 432 bene
977 407 1043 431 orta
1068 400 1246 432 acutissime
1273 400 1399 440 sentiet,
1413 400 1469 441 qui
1495 400 1570 436 illic,
1587 410 1698 442 quern·

230 457 399 487 admodum
428 462 564 498 oportet,
579 457 713 488 nutritus
729 456 842 487 fuerit:
869 456 976 486 merito
994 466 1074 497 aegre
1100 456 1168 485 haec
1194 454 1296 485 ferens
1323 454 1453 496 pulchra
1476 454 1602 496 quidem
1630 454 1700 484 lau-

228 509 327 546 dabit,
343 521 442 552 eaque
458 521 564 542 amans
578 511 731 552 avideque
747 511 898 552 arripiens
914 510 989 551 ipsis
1005 509 1105 540 aletur
1132 520 1168 540 ac
1197 510 1296 539 bonus
1323 508 1420 551 [402]
1449 508 1523 540 inde
1547 508 1700 540 efficietur

229 568 262 594 et
278 563 408 604 pulcher
424 576 432 603 ;
456 565 558 606 turpia
575 575 646 595 vero
659 564 730 606 jure
745 563 934 606 vituperabit
949 562 1124 604 oderitque,
1142 562 1234 593 etiam
1250 561 1284 593 iu
1301 572 1338 594 ea
1352 568 1458 604 aetate,
1472 562 1505 594 in
1520 573 1583 604 qua
1605 562 1701 593 ratio-

230 628 302 648 nern
319 619 459 649 nondum
475 619 658 661 susceperit.
682 619 903 650 adventantem
929 617 1066 659 denique
1094 618 1257 654 rationem,
1272 617 1324 659 qui
1350 616 1397 648 ita
1421 617 1556 648 nutritus
1579 616 1650 656 erit,
1665 616 1702 647 li-

231 671 341 703 benter
357 673 574 714 amplectetur,
590 684 658 703 earn
675 683 712 704 ex
726 673 795 714 ipsa
810 671 1048 714 propinquitate
1071 670 1343 712 familiaritateque
1368 681 1491 712 prorsus
1516 679 1703 712 agnoscens.

232 725 348 758 Gmu.
372 727 456 758 Mihi
471 738 598 770 quoque
613 728 720 758 harum
735 738 834 758 rerum
848 726 946 768 gratia
963 726 994 757 in
1011 726 1128 757 musica
1143 725 1302 756 nutriendi
1318 725 1472 757 videntur.
1502 724 1560 756 So.
1583 724 1704 762 Quem·

233 780 402 811 admodum
420 786 495 813 tunc
507 782 650 823 profecto
667 781 782 812 litteras
795 781 869 811 satis
885 785 967 811 recte
983 779 1144 816 canemus.
1159 779 1287 821 quando
1303 778 1456 810 elementa
1482 789 1540 810 nos
1566 788 1629 809 non
1654 778 1704 809 fu-

234 834 337 874 giunt,
352 845 454 876 pauca
469 836 595 877 quidem
612 835 643 866 in
658 835 801 865 omnibus
828 833 1068 875 quibuscunque
1091 832 1211 874 insunt,
1226 842 1328 874 neque
1354 833 1386 863 in
1413 832 1517 874 parvis
1543 842 1645 874 neque
1670 832 1706 863 in

235 888 355 929 magnis
368 899 405 919 ea
420 889 602 931 sprevimus,
619 894 767 931 tanquam
783 899 846 919 non
863 893 1021 930 oporteret
1037 887 1211 928 intelligere
1226 898 1235 926 ;
1259 887 1314 918 sed
1331 887 1446 929 ubique
1461 887 1637 918 discernere
1650 885 1705 917 illa

236 942 466 983 proposuimus,
481 949 591 985 utpote
606 943 659 984 qui
678 943 762 985 prius
778 942 969 984 grammatici
986 942 1082 973 futuri
1098 952 1162 972 non
1186 942 1292 978 simus,
1309 952 1402 982 quam
1427 951 1484 972 nos
1509 941 1553 972 ita
1577 950 1706 982 compa-

234 997 413 1029 raverimus.
458 997 574 1029 GLAu.
598 998 682 1029 Vera
706 996 853 1038 loqueris.
899 997 956 1027 So.
979 995 1138 1037 Imagines
1163 1000 1312 1037 praeterea
1337 995 1505 1025 litterarum
1531 993 1631 1025 sicubi
1657 993 1708 1024 vel

237 1049 271 1080 iu
288 1050 377 1091 aquis
391 1051 440 1081 vel
455 1051 487 1082 in
503 1051 640 1093 speculis
655 1055 840 1092 appareant,
857 1060 920 1080 non
938 1049 1021 1090 prius
1037 1059 1273 1090 cognoscemus,
1289 1059 1382 1090 quam
1397 1048 1481 1090 ipsas
1506 1048 1624 1079 litteras
1649 1057 1709 1078 no-

236 1104 380 1135 verinum.
403 1110 450 1135 est
464 1105 547 1136 enim
563 1106 621 1136 hoc
637 1104 709 1135 artis
725 1109 756 1135 et
771 1101 1004 1134 exercitationis
1019 1101 1175 1143 ejusdem.
1219 1101 1335 1133 Guu.
1359 1102 1417 1132 Est
1429 1107 1463 1132 ut
1474 1101 1552 1132 dicis
1567 1100 1707 1133 omnino.

240 1157 295 1189 So.
321 1158 478 1195 Quorsum
493 1160 561 1191 haec
575 1159 702 1200 inquam
720 1158 730 1188 ?
756 1168 870 1199 nempe
884 1157 993 1188 eadem
1011 1157 1129 1188 ratione
1144 1167 1246 1198 neque
1273 1156 1384 1188 musici
1409 1156 1494 1198 prius
1517 1156 1645 1195 erimus,
1659 1155 1709 1185 vel

240 1222 298 1242 nos
313 1213 362 1243 vel
379 1213 441 1254 ipsi
456 1223 534 1254 quos
549 1214 590 1244 ad
607 1213 689 1243 urbis
705 1212 880 1244 custodiam
896 1211 1064 1248 erudimus,
1081 1221 1175 1252 quam
1190 1211 1404 1252 temperantiae
1419 1209 1540 1251 species
1565 1215 1599 1240 et
1621 1208 1709 1240 forti-

241 1266 358 1296 tudinis
373 1271 406 1297 et
418 1266 610 1297 liberalitatis
625 1272 658 1297 et
672 1265 927 1307 magnificentias,
944 1270 976 1296 et
991 1275 1188 1307 quascunque
1203 1265 1311 1295 harum
1327 1275 1446 1296 sorores
1470 1269 1554 1301 sunt,
1567 1263 1710 1305 ipsisque

240 1321 395 1351 contraria
410 1321 658 1362 cognoverimus,
673 1321 853 1361 ubicunque
869 1319 985 1350 insint:
1010 1320 1053 1350 ita
1070 1324 1105 1350 ut
1120 1326 1152 1350 et
1166 1320 1233 1350 haec
1249 1323 1280 1349 et
1295 1318 1432 1360 ipsorum
1458 1318 1622 1359 imagines,
1638 1317 1710 1359 qui·

243 1374 427 1416 buscunque
443 1375 560 1410 insunt,
577 1374 822 1416 persentiamus3
846 1384 947 1415 neque
963 1374 993 1404 in
1011 1374 1111 1414 parvis
1126 1383 1229 1414 neque
1240 1373 1273 1404 in
1289 1372 1407 1414 magnis
1419 1371 1711 1414 contempserimus,

243 1427 297 1458 sed
314 1426 454 1468 ejusdem
470 1438 535 1458 esse
553 1427 764 1469 putaverimus
779 1432 811 1458 et
827 1427 899 1457 artis
918 1433 950 1457 et
965 1426 1084 1457 studii?
1130 1426 1245 1457 GLAn.
1269 1425 1407 1457 Necesse.
1423 1430 1470 1457 est
1485 1425 1624 1456 omuino.
1652 1425 1712 1456 So.

244 1482 277 1512 Si
294 1492 356 1523 quo
371 1481 403 1513 in
418 1482 544 1513 homine
560 1484 626 1513 haec
643 1486 841 1520 concurrant,
858 1485 893 1511 ut
908 1481 939 1511 in
955 1481 1058 1511 animo
1075 1480 1196 1522 pulchri
1212 1491 1309 1511 mores
1335 1480 1433 1511 insint
1458 1484 1491 1511 et
1517 1479 1550 1510 in
1575 1478 1711 1519 corporis

243 1535 348 1577 specie
364 1535 424 1566 illis
439 1536 558 1577 singula
583 1536 846 1577 correspondeant
871 1535 1145 1576 consentiantque,
1158 1535 1299 1567 eandem.
1316 1534 1522 1576 suscipientia
1545 1534 1711 1570 rationem,

244 1589 484 1631 pulcherrimum
502 1591 561 1621 hoc
577 1591 636 1621 erit
651 1591 692 1627 ei,
709 1590 762 1632 qui
787 1589 943 1630 inspicere
966 1589 1078 1631 possit,
1093 1589 1333 1631 spectaculum?
1378 1588 1493 1620 Gun-
1515 1587 1619 1619 Valde
1641 1587 1712 1629 qui-

245 1645 330 1675 dem.
374 1644 430 1675 So.
455 1644 554 1686 Atqui
573 1645 658 1686 quod
687 1644 817 1675 maxime
844 1644 1018 1685 pulchrum,
1035 1649 1067 1674 et
1088 1643 1222 1674 amabile
1246 1643 1389 1675 maxime.
1434 1642 1549 1674 Gran.
1573 1641 1714 1673 Prorsus.

245 1697 301 1730 So.
325 1698 417 1729 Tales
433 1699 584 1739 quosdam
611 1699 752 1729 homines
780 1698 912 1729 maxime
938 1698 983 1728 vir
1008 1698 1144 1729 musicus
1171 1699 1345 1729 adamaret:
1376 1697 1402 1728 si
1425 1697 1501 1739 quid
1525 1707 1597 1728 vero
1620 1696 1712 1727 abso-

245 1763 320 1783 num
337 1753 521 1790 adverteret,
538 1753 674 1784 minime.
723 1752 840 1784 Gmu.
865 1752 940 1783 Non
956 1757 1051 1789 certe,
1068 1753 1092 1783 si
1109 1751 1235 1784 defectu
1252 1751 1348 1783 animi
1366 1751 1560 1782 dissonaret:
1584 1750 1611 1781 si
1635 1750 1713 1792 quid

248 1817 320 1838 vero
336 1807 497 1838 dumtaxat
513 1807 636 1838 deesset
650 1807 784 1847 corpori,
801 1807 942 1838 sufferret
956 1806 1084 1847 quidem
1101 1807 1193 1843 aden,
1211 1811 1245 1837 ut
1261 1806 1390 1847 diligere
1403 1805 1612 1848 gratularique
1624 1803 1713 1835 velit.

246 1862 303 1892 So.
328 1861 475 1902 Intelligo
491 1861 650 1902 equidem,
667 1861 739 1902 quia
756 1861 833 1892 tales
848 1860 975 1902 quidam
991 1861 1038 1892 vel
1055 1867 1196 1891 amantur
1212 1861 1266 1891 abs
1282 1866 1312 1891 te
1341 1860 1387 1891 vel
1415 1859 1510 1890 amati
1529 1858 1595 1900 jam
1619 1863 1714 1897 sunt;

247 1922 341 1958 atque
358 1915 519 1947 assentior.
542 1916 596 1946 sed
613 1916 672 1946 hoc
689 1914 765 1945 mihi
780 1914 866 1946 dicas
881 1927 888 1945 ε
913 1920 1000 1946 estne
1016 1915 1113 1945 ullum
1132 1914 1345 1956 temperantiae
1361 1924 1431 1945 cum
1450 1912 1584 1944 resoluta
1599 1912 1713 1953 volup-

246 1975 310 2001 tate
325 1970 566 2002 commercium?
613 1969 728 2002 GLAu.
752 1969 899 2006 Quonam
916 1970 1035 2011 pacto?
1058 1969 1176 2011 quippe
1190 1979 1259 2000 cum
1277 1968 1421 2009 voluptas
1443 1966 1623 2008 hujusmodi
1647 1977 1713 1997 non

249 2025 361 2060 minus,
385 2035 478 2065 quam
503 2023 605 2060 dolor,
635 2029 770 2055 mentem
796 2035 813 2054 e
842 2035 896 2055 suo
921 2029 1002 2055 statu
1028 2024 1197 2055 dimoveat.
1242 2022 1296 2054 SO.
1323 2021 1401 2054 Aliis
1424 2032 1496 2053 vero
1524 2021 1687 2052 virtutibus
1701 2021 1713 2052 ?

249 2077 348 2120 [403]
374 2077 488 2109 GLAU.
512 2077 659 2110 Minime.
704 2079 758 2109 So.
783 2078 869 2115 Quid
902 2083 1005 2109 autem
1024 2079 1034 2109 ?
1068 2077 1244 2120 petulantia
1271 2076 1573 2118 intemperantiaque
1599 2075 1716 2106 habent

248 2142 318 2164 cum
334 2132 506 2163 excedente
521 2131 683 2173 voluptate
699 2132 950 2164 communionem
964 2133 975 2163 ?
1023 2131 1138 2163 GLAu.
1164 2131 1303 2162 Maxime
1319 2129 1470 2161 onmium.
1515 2128 1569 2159 So.
1592 2128 1715 2159 Habes·

249 2197 289 2218 ne
305 2186 452 2228 majorem
468 2191 500 2217 et
515 2186 776 2216 vehementiorem
793 2185 998 2226 voluptatem,
1014 2195 1107 2226 quam
1123 2195 1193 2227 quae
1209 2184 1289 2215 circa
1304 2193 1435 2214 venerea
1452 2183 1463 2213 ?
1508 2182 1622 2214 Guu.
1646 2181 1714 2213 Ne·

249 2250 311 2281 que
324 2239 584 2270 vehementiorem
603 2238 695 2269 ullam
713 2240 811 2270 liabeo
826 2250 927 2281 neque
943 2239 1147 2270 suriosiorem.
1191 2238 1247 2270 So.
1272 2237 1392 2268 Rectus
1407 2241 1510 2267 autem
1535 2246 1620 2266 atrior
1644 2235 1715 2276 ipsa

248 2294 295 2324 sui
311 2298 420 2323 natura
435 2297 605 2333 temperate
621 2298 652 2323 et
669 2293 785 2323 musice
812 2299 895 2323 amat
919 2292 1082 2334 pulchrum
1108 2298 1202 2333 atque
1227 2292 1386 2323 decorum.
1433 2290 1550 2322 GLAu.
1573 2289 1716 2321 Prorsus.

249 2348 305 2379 So.
330 2347 418 2378 Nihil
435 2357 506 2388 ergo
522 2347 669 2377 furiosum
685 2347 733 2377 vel
751 2347 998 2388 intemperantia:
1017 2347 1172 2389 proprium
1190 2353 1273 2377 recto
1289 2346 1384 2376 amori
1400 2351 1447 2376 est
1470 2344 1713 2375 admovendum.

251 2402 365 2433 GLAU.
390 2401 464 2432 Non
480 2406 576 2432 certe.
620 2401 675 2432 So.
702 2401 814 2443 Neque
832 2401 926 2442 igitur
938 2402 1101 2443 jungenda
1118 2401 1160 2431 illi
1177 2407 1224 2432 est
1240 2400 1383 2441 voluptas
1410 2400 1478 2440 ipsa
1501 2408 1643 2435 venerea,
1658 2408 1716 2428 ne-

250 2467 311 2497 que
326 2455 360 2486 in
376 2466 413 2486 ea
428 2455 656 2487 communicare
671 2456 786 2486 debent
803 2461 954 2487 amatores
971 2467 1041 2487 cum
1059 2455 1194 2497 legitime
1210 2454 1334 2486 dilectis
1344 2453 1595 2485 adolescentibus
1608 2462 1715 2483 anian-

252 2515 362 2551 tesque
377 2521 447 2541 cum
464 2509 587 2540 amatis.
635 2509 750 2542 GLAU.
777 2510 838 2540 Per
852 2510 963 2542 Jovem
981 2510 1068 2541 nullo
1084 2510 1192 2551 modo,
1209 2521 1226 2540 o
1252 2509 1406 2540 Socrates.
1451 2508 1509 2539 So.
1531 2506 1583 2539 Sic
1609 2506 1715 2547 igitur,

251 2571 285 2594 ut
300 2564 432 2600 videtur,
448 2563 481 2594 in
498 2563 623 2595 civitate
639 2569 722 2594 recte
738 2563 880 2595 instituta
910 2564 1008 2606 legem
1036 2564 1165 2599 condes,
1181 2569 1348 2594 amatorem
1372 2572 1486 2598 amare,
1502 2570 1565 2591 una
1589 2570 1656 2590 esse
1681 2564 1714 2590 et

251 2621 376 2658 tangere
393 2622 541 2655 amatum,
558 2617 583 2647 si
600 2617 798 2658 persuaserit,
813 2623 960 2658 tanquam
979 2618 1090 2656 tilium,
1106 2618 1305 2648 honestorum
1328 2626 1420 2648 causa
1436 2627 1442 2646 :
1468 2620 1562 2656 atque
1590 2613 1622 2644 in
1648 2623 1716 2644 oin·

249 2670 341 2701 nibus
356 2670 399 2701 sic
415 2671 525 2701 versari
540 2681 610 2702 cum
627 2682 677 2707 eo,
694 2682 786 2712 quem
803 2677 896 2707 amat,
912 2677 945 2702 ut
962 2672 1036 2702 nihil
1052 2682 1187 2713 unquam
1206 2677 1315 2712 prreter
1327 2670 1492 2700 honestum
1511 2669 1652 2699 videatur
1674 2667 1715 2698 ab

250 2725 448 2756 adolescente
466 2725 616 2764 requirere
633 2737 639 2755 :
667 2725 690 2755 si
706 2732 813 2758 contra
830 2726 935 2763 saciat,
953 2727 1136 2767 vituperium
1155 2727 1274 2761 subeat,
1293 2730 1438 2765 tanquam
1454 2722 1509 2764 qui
1521 2722 1596 2752 nihil
1613 2721 1716 2753 omni·

252 2789 292 2809 no
310 2779 411 2819 sapiat
427 2779 591 2817 musicum,
606 2780 680 2810 nihil
701 2780 874 2820 pulchrum.
919 2781 946 2810 (i
957 2791 995 2810 LA
1004 2791 1036 2811 υ.
1062 2781 1113 2812 Sic
1132 2791 1265 2821 prorsus.
1311 2778 1366 2809 So.
1390 2777 1504 2809 Nonne
1522 2777 1577 2808 tibi
1594 2776 1716 2807 videtur

253 2833 345 2863 finem
361 2842 449 2862 suum
462 2832 528 2873 jam
545 2844 642 2864 serino
658 2835 697 2864 de
716 2834 832 2865 musica
848 2835 1053 2864 consecutus?
1080 2846 1142 2876 quo
1159 2835 1240 2865 enim
1259 2832 1336 2863 liniri
1352 2833 1458 2871 debet,
1470 2831 1536 2872 jam
1551 2830 1717 2872 applicuit.

249 2890 372 2926 oportet
386 2886 467 2917 enim
485 2887 631 2921 musicam
648 2887 678 2918 in
695 2889 842 2919 amatoria
859 2889 980 2930 pulchri
996 2889 1088 2920 liniri.
1137 2889 1252 2920 Gne.
1276 2886 1437 2918 Assentior
1451 2884 1609 2926 equidem.
1655 2885 1714 2916 So.

252 2939 328 2970 Post
355 2940 500 2971 musicam
529 2951 600 2971 vero
628 2942 823 2982 gymnastica
852 2943 1016 2974 exercendi
1043 2949 1114 2973 sunt
1137 2942 1282 2983 juvenes.
1328 2940 1442 2971 Grau.
1466 2938 1585 2976 Quidni
1600 2939 1611 2969 ?
1656 2938 1713 2970 So.
