1840 3225
282 217 356 255 120
884 211 1146 252 PLATONIS
1646 216 1743 268 [396

280 318 369 348 simul
385 323 415 348 et
431 315 623 357 tragoediam.
648 324 686 344 an
703 324 765 345 non
790 314 978 346 imitationes
1000 315 1150 356 quasdam
1166 324 1265 356 nuper
1287 315 1361 346 istas
1377 325 1443 346 esse
1458 315 1608 348 dicebas?
1654 316 1740 349 Am.

281 371 448 413 Equidem.
473 380 508 401 ac
534 379 606 400 vera
629 369 719 406 dicis,
743 369 827 410 quod
854 369 948 399 iidem
973 374 1141 410 nequeant.
1186 369 1242 399 So.
1265 368 1380 410 Neque
1402 370 1496 401 etiarn
1519 371 1666 412 rhapsodi
1687 370 1738 412 (id

280 430 338 465 est,
353 429 493 455 cantores
515 422 725 464 heroicorum)
749 422 837 453 simul
853 434 920 454 esse
937 428 968 454 et
990 423 1154 454 histriones
1169 427 1310 463 possunt.
1353 423 1436 456 Am.
1460 423 1554 455 Vera.
1597 423 1652 455 So.
1675 424 1738 455 Sed

278 488 382 519 neque
396 478 541 519 tragoedis
555 482 609 508 aut
623 476 771 508 comoedis
791 477 896 518 tragici
913 482 967 507 aut
987 477 1098 508 comici
1113 477 1217 507 iidem.
1232 478 1415 520 haec-autem
1431 477 1739 509 omniaimitationes

277 532 420 573 quaedam
438 537 531 562 sunt:
559 543 596 562 au
622 533 709 561 non?
754 531 835 562 Anr.
859 531 1067 562 Imitationes.
1113 532 1168 561 So.
1193 531 1279 566 Quin
1294 531 1386 562 etiam
1402 532 1433 562 in
1459 531 1636 562 minorabis
1650 530 1738 562 vide-

278 590 337 621 tur,
360 596 378 615 o
404 585 584 625 Adimante,
608 590 716 615 natura
743 585 875 615 hominis
898 595 963 615 esse
989 585 1125 620 concisa,
1150 589 1185 614 ut
1209 584 1295 614 nullo
1323 585 1417 615 modo
1441 584 1540 626 possit
1554 585 1634 615 bene
1648 584 1739 626 plura

277 638 402 675 imitari,
417 638 465 669 vel
489 638 582 670 etiarn
607 649 642 669 ea
667 639 781 676 facere,
796 649 926 680 quorum
953 638 1142 668 imitationes
1157 637 1232 678 ipsae
1257 638 1473 670 similitudines
1494 639 1639 680 quaedam
1653 643 1738 670 sunt.

278 691 358 724 Am.
383 692 450 729 Est,
466 697 501 723 ut
514 692 604 724 dicis.
650 693 707 725 So.
731 693 762 723 Si
780 703 852 734 ergo
875 692 1023 723 rationem
1047 691 1236 732 superiorem
1259 697 1354 722 ratam
1379 693 1485 723 haberi
1502 692 1654 729 volumus,
1668 702 1738 723 cus-

280 747 369 777 todes
394 751 514 777 nostros
539 757 556 777 a
581 745 708 787 reliquis
735 747 879 777 omnibus
906 746 1042 777 artificiis
1068 746 1186 776 alienos
1213 746 1321 786 patriae
1341 746 1490 776 libertatis
1512 746 1647 777 artifices
1668 755 1736 776 esse

278 806 432 841 oportere,
459 800 550 830 valde
575 801 702 841 quidem
729 801 855 832 solertes
869 812 877 840 ;
908 811 1010 841 neque
1036 800 1119 830 aliud
1146 800 1311 840 quicquam
1338 810 1455 835 curare,
1477 799 1563 840 quod
1588 799 1649 830 huc
1672 809 1737 829 non

276 854 386 884 tendat
400 864 408 885 :
432 854 510 884 nihil
526 854 611 884 aliud
627 865 717 894 agere
741 865 794 885 eos
820 855 866 885 vel
883 854 994 884 imitari
1011 858 1146 895 oportet,
1161 853 1209 883 vel
1226 853 1250 883 si
1275 853 1443 889 imitentur,
1457 845 1570 883 imitari
1584 863 1654 894 quae
1670 852 1737 882 istis

275 912 485 939 consentanea
509 907 570 937 sint
593 908 695 937 statim
720 918 738 937 a
763 908 907 948 pueritia,
922 907 1016 937 fortes
1042 907 1171 941 scilicet,
1186 913 1385 946 temperatos,
1400 911 1536 944 sanctos,
1549 906 1690 937 liberales
1705 911 1738 936 et

276 961 394 1002 reliqua
408 960 563 1002 ejusmodi
578 972 585 990 :
611 960 773 990 illiberalia
788 966 891 990 autem
918 969 1020 999 neque
1045 959 1147 989 facere
1162 969 1263 999 neque
1285 959 1396 989 imitari
1414 970 1516 1000 posse,
1531 969 1634 1000 neque
1649 960 1735 991 aliud

276 1015 441 1056 quicquam
459 1020 547 1054 turpe
563 1026 571 1052 ;
594 1024 633 1043 ne
657 1025 693 1043 ex
708 1013 776 1054 ipsa
789 1013 963 1044 imitatione
979 1013 1055 1043 tales
1074 1013 1256 1049 efficiantur,
1273 1013 1364 1054 quale
1379 1013 1424 1048 id,
1439 1013 1523 1053 quod
1540 1013 1736 1045 aemulantur.

275 1079 314 1099 an
340 1079 404 1098 non
427 1067 673 1098 animadvertisti
686 1067 887 1103 imitationes,
915 1067 938 1096 si
965 1077 983 1096 a
1006 1066 1120 1097 teneris
1135 1066 1224 1096 annis
1240 1066 1392 1107 incipiant
1417 1073 1686 1108 perseverentque,
1702 1067 1736 1097 in

276 1132 374 1152 mores
389 1126 421 1152 et
436 1125 575 1151 naturam
602 1121 699 1162 abire,
716 1126 779 1150 tum
806 1126 955 1162 quantum
980 1125 1103 1161 spectat
1126 1121 1165 1150 ad
1193 1130 1316 1161 corpus,
1331 1126 1396 1150 turn
1411 1120 1450 1150 ad
1477 1130 1597 1156 vocem,
1613 1126 1677 1151 turn
1694 1122 1734 1152 ad

275 1175 496 1216 cogitationem
512 1174 612 1215 ipsam
627 1174 637 1204 ?
681 1174 762 1204 Ani.
787 1174 829 1204 Et
843 1175 974 1205 maxime
989 1175 1126 1215 quidem.
1173 1174 1227 1205 So.
1252 1173 1325 1204 Non
1342 1174 1546 1215 permittimus
1562 1174 1655 1216 igitur
1671 1175 1735 1205 ullo

276 1229 369 1259 modo
385 1239 450 1265 eos,
461 1238 590 1269 quorum
607 1228 718 1258 habere
734 1239 837 1259 curam
852 1228 995 1264 dicimus,
1011 1239 1129 1269 quosve
1144 1233 1324 1269 praestantes
1339 1228 1418 1258 viros
1433 1228 1498 1259 fore
1512 1229 1735 1265 desideramus,

277 1293 346 1313 cum
363 1282 417 1312 viri
431 1283 506 1323 sint,
522 1282 679 1312 mulierem
696 1282 806 1312 imitari
823 1283 869 1313 vel
890 1283 1039 1323 juvenem
1057 1282 1104 1312 vel
1120 1281 1267 1318 vetulam,
1285 1282 1332 1312 vel
1350 1282 1413 1313 viro
1428 1281 1669 1319 conviciantem,
1685 1282 1733 1312 vet

274 1336 419 1366 adversus
434 1336 509 1366 deos
523 1336 765 1366 contendentem
782 1341 813 1366 et
831 1336 1014 1376 jactantem,
1030 1345 1099 1365 cum
1116 1345 1148 1366 se
1172 1339 1262 1375 putet
1274 1334 1396 1366 felicem
1414 1345 1480 1366 esse
1494 1345 1504 1374 ;
1526 1335 1574 1366 vel
1591 1335 1734 1366 aerumnis

274 1389 513 1420 circumventam
530 1389 655 1419 flentem
671 1395 763 1431 atque
779 1389 960 1430 ejulantem,
977 1389 1180 1427 laborantem,
1195 1399 1297 1419 amore
1312 1398 1489 1428 accensam,
1505 1389 1612 1420 dolore
1628 1396 1734 1430 partus

275 1452 468 1483 oppressam.
498 1442 580 1473 Ani.
601 1442 699 1473 Nullo
714 1444 820 1474 modo.
850 1443 905 1474 So.
930 1443 1044 1484 Neque
1057 1453 1158 1473 servas
1173 1448 1204 1473 et
1218 1452 1334 1479 servos,
1349 1453 1386 1472 ea
1403 1453 1473 1484 quae
1489 1453 1644 1474 servorum
1660 1449 1734 1474 sunt

274 1494 434 1526 facientes.
466 1495 549 1526 Ant.
568 1495 681 1536 Neque
692 1497 752 1527 hoc
768 1497 906 1538 quidem.
933 1496 985 1527 So.
1002 1495 1117 1536 Neque
1133 1496 1212 1525 viros
1227 1495 1300 1526 item
1316 1506 1438 1537 pravos,
1457 1502 1490 1527 ut
1503 1497 1638 1533 videtur,
1651 1497 1735 1528 timi-

273 1549 341 1585 dos,
365 1554 397 1580 et
419 1549 571 1580 contraria
593 1560 710 1586 eorum,
725 1561 794 1592 quae
814 1550 961 1590 diximus,
976 1549 1138 1586 facientes,
1154 1550 1376 1585 conviciantes,
1388 1550 1551 1592 jurgantes
1570 1551 1734 1592 turpiaque

271 1601 405 1633 invicem
421 1602 637 1643 obloquentes,
652 1603 716 1634 sive
739 1604 840 1634 ebrios
856 1604 920 1634 sive
935 1603 1043 1644 vigiles
1059 1604 1238 1644 sobriosque.
1252 1613 1259 1634 :
1285 1608 1317 1633 et
1331 1602 1392 1634 alia
1411 1603 1508 1645 [396]
1531 1609 1733 1645 quotcunque

274 1655 415 1686 homines
428 1656 478 1687 isti
493 1661 525 1687 et
540 1656 572 1687 in
588 1657 688 1688 verbis
704 1663 736 1688 et
760 1658 790 1688 in
807 1658 952 1698 operibus
968 1663 1031 1687 tum
1047 1658 1079 1687 iu
1094 1667 1126 1687 se
1142 1657 1225 1697 ipsos
1241 1662 1304 1686 tum
1322 1657 1352 1687 in
1369 1657 1447 1687 alios
1463 1663 1608 1698 peccant.
1630 1667 1734 1699 neque

272 1708 365 1739 etiam
382 1710 509 1747 debent,
524 1715 561 1740 ut
585 1710 723 1747 arbitror,
739 1711 855 1742 similes
880 1722 911 1741 se
927 1722 982 1752 per
1007 1710 1224 1749 imitationem,
1242 1711 1288 1741 vel
1307 1710 1406 1741 verbis
1421 1711 1470 1742 vel
1485 1711 1670 1752 actionibus,
1684 1712 1735 1742 in·

273 1763 464 1793 sanientibus
479 1764 618 1795 reddere.
635 1765 846 1805 cognoscendi
862 1766 943 1796 enim
961 1765 1060 1795 insani
1076 1770 1108 1795 et
1125 1764 1197 1795 mali
1211 1772 1294 1801 sunt,
1310 1770 1371 1794 tam
1389 1764 1444 1795 viri
1459 1775 1551 1806 quam
1567 1765 1731 1796 mulieres:

274 1816 351 1847 nihil
369 1821 470 1847 tamen
487 1828 524 1848 ex
539 1828 647 1848 eorum
672 1818 765 1849 dictis
781 1824 813 1848 et
837 1818 926 1849 factis
953 1819 999 1849 vel
1026 1819 1180 1859 agendum
1197 1823 1244 1848 est
1259 1818 1306 1848 vel
1322 1818 1518 1850 imitandum.
1560 1818 1644 1850 Am.
1666 1818 1732 1850 Ve-

240 1902 243 1905 ,
272 1869 391 1900 rissima
404 1863 550 1911 l'oqueriS.
594 1872 650 1903 So.
675 1872 761 1909 Quid
776 1878 879 1903 autem
894 1873 904 1903 ἓ
927 1873 1100 1904 artificesne
1114 1883 1151 1903 ex
1166 1882 1224 1903 aere
1238 1871 1355 1913 aliquid
1371 1872 1569 1909 fabricantes,
1585 1871 1633 1904 vel
1647 1872 1733 1902 aliud

272 1923 432 1965 quippiam
457 1925 631 1963 molientes,
650 1926 696 1957 vel
720 1926 850 1967 remiges
875 1927 1013 1963 navium,
1029 1927 1077 1957 vel
1100 1926 1317 1967 praecipientes
1339 1926 1416 1962 istis,
1433 1925 1482 1956 vel
1504 1925 1590 1956 aliud
1613 1924 1732 1966 aliquid

272 1978 354 2009 circa
369 1978 435 2009 liaec
452 1978 564 2009 imitari
587 1990 640 2010 eos
657 1980 771 2010 decet?
818 1979 901 2011 Am,
926 1980 1071 2017 Quonam
1089 1985 1182 2021 pacto
1196 1979 1207 2010 ?
1229 1989 1301 2010 curn
1316 1988 1418 2020 neque
1433 1979 1524 2010 rebus
1538 1978 1610 2010 ullis
1623 1978 1734 2020 hujus·

273 2031 356 2061 modi
383 2037 517 2062 mentem
541 2032 687 2063 adhibere
704 2033 752 2063 his
777 2033 880 2064 liceat.
926 2033 980 2065 So.
1005 2033 1159 2074 Nunquid
1184 2043 1281 2074 equos
1303 2033 1480 2064 hinnientes
1496 2032 1544 2064 vel
1558 2032 1734 2074 mugientes

273 2089 387 2121 tauros,
403 2089 456 2115 aut
475 2084 623 2125 fragorem
650 2085 1027 2126 immurmurationeinque
1044 2087 1218 2123 fluviorum,
1233 2092 1284 2116 aut
1303 2086 1392 2117 maris
1406 2086 1562 2117 fremitum
1588 2085 1634 2117 vel
1650 2085 1734 2116 toni·

273 2142 336 2167 trus
352 2137 400 2168 vel
417 2143 518 2168 cetera
534 2137 674 2178 ejusdem
690 2139 810 2178 generis
822 2138 1024 2169 imitabuntur
1038 2139 1049 2168 ?
1083 2138 1163 2169 Ani.
1180 2139 1279 2179 Atqui
1295 2138 1484 2179 prohibitum
1499 2137 1560 2168 illis
1574 2143 1622 2169 est
1637 2143 1669 2169 et
1684 2138 1733 2168 in-

271 2190 370 2221 sanire
384 2196 416 2221 et
431 2191 658 2221 insanientibus
674 2202 705 2222 se
721 2191 836 2222 similes
853 2192 991 2222 reddere.
1015 2192 1070 2223 So.
1087 2192 1119 2222 Si
1135 2191 1229 2232 igitur
1243 2202 1313 2233 quae
1329 2191 1408 2222 dicis
1422 2191 1576 2232 intelligo,
1585 2196 1633 2222 est
1646 2201 1734 2233 quae-

271 2244 342 2275 dani
357 2244 504 2275 orationis
527 2249 559 2274 et
584 2244 766 2275 narrationis
791 2245 922 2285 species,
937 2245 969 2274 in
996 2254 1058 2285 qua
1083 2245 1127 2274 vir
1151 2245 1298 2285 optimuS,
1321 2254 1392 2274 cum
1417 2243 1493 2285 quid
1518 2243 1658 2275 dicturus
1672 2250 1733 2280 est,

271 2302 393 2329 enarrat
407 2309 414 2327 :
439 2304 470 2329 et
485 2297 547 2328 alia
568 2298 711 2338 quaedam
727 2297 799 2328 liuic
823 2297 992 2332 dissimilis,
1007 2307 1069 2337 qua
1091 2297 1197 2333 utitur,
1214 2296 1267 2338 qui
1283 2302 1389 2327 contra
1405 2306 1440 2328 ac
1463 2296 1517 2328 ille
1533 2301 1624 2328 natus
1637 2302 1732 2339 atque

271 2351 405 2382 nutritus
433 2357 490 2382 est.
537 2351 619 2382 Am.
658 2350 775 2387 Quales
805 2361 875 2381 vcro
906 2351 953 2380 hae
983 2356 1053 2380 sunt
1068 2350 1078 2380 ?
1125 2350 1179 2382 So.
1210 2349 1342 2380 Videtur
1369 2350 1445 2381 milii
1473 2350 1516 2380 vir
1543 2350 1732 2388 moderatus,

271 2405 397 2445 quando
412 2404 446 2434 in
473 2405 646 2435 narratione
669 2404 829 2434 devenerit
853 2403 891 2433 ad
909 2403 1043 2443 aliquam
1061 2402 1117 2433 viri
1145 2403 1218 2432 boni
1234 2403 1280 2433 vel
1307 2402 1475 2433 orationem
1501 2402 1548 2433 vel
1563 2403 1733 2442 actionem,

272 2457 401 2498 perinde
417 2468 453 2490 ac
468 2459 491 2489 si
507 2459 575 2499 ipse
599 2457 651 2488 ille
666 2462 756 2494 esset,
776 2456 1027 2498 pronuntiaturus
1043 2462 1074 2487 et
1097 2457 1164 2487 sine
1181 2456 1243 2486 ullo
1260 2457 1368 2488 rubore
1388 2462 1443 2487 aut
1462 2457 1616 2488 dedecore
1629 2456 1733 2487 imita-

271 2511 386 2541 tionem
407 2511 586 2551 hujusmodi
610 2516 830 2552 suscepturus:
857 2510 986 2541 maxime
1010 2510 1137 2551 quidem
1164 2516 1196 2540 et
1222 2515 1254 2540 ut
1280 2509 1458 2551 plurimum,
1484 2508 1608 2540 imitans
1631 2509 1730 2540 virum

270 2564 385 2594 bonum
404 2565 572 2605 prudenter
595 2570 626 2595 et
649 2565 715 2594 siue
731 2574 830 2595 errore
853 2568 1008 2605 agentern,
1025 2564 1119 2594 rarius
1136 2569 1238 2594 autem
1255 2574 1291 2595 ac
1308 2563 1422 2604 minus,
1435 2563 1548 2594 morbis
1563 2562 1610 2593 vel
1627 2572 1731 2593 amore

270 2617 438 2654 labantem,
454 2623 507 2648 aut
521 2618 683 2658 ebrietate,
699 2622 753 2648 aut
774 2627 846 2649 casu
869 2617 979 2659 quovis
994 2617 1067 2649 alin.
1091 2619 1218 2658 quando
1236 2623 1339 2648 autem
1362 2617 1401 2648 ad
1418 2617 1553 2658 aliquem
1567 2615 1731 2657 indignum

271 2681 303 2701 se
318 2671 448 2711 venerit,
463 2671 561 2708 nolet,
577 2676 611 2701 ut
626 2671 766 2708 arbitror,
780 2671 884 2702 dedita
901 2681 995 2711 opera
1010 2672 1140 2702 similem
1156 2683 1188 2703 sc
1204 2671 1348 2703 deteriori
1366 2670 1513 2712 praebere,
1529 2669 1586 2700 nisi
1603 2669 1732 2700 brevite:

270 2724 409 2765 quidem,
426 2730 455 2755 et
472 2735 541 2755 cum
570 2725 642 2755 boni
667 2725 832 2766 quicquam
850 2725 968 2766 peragit
984 2737 990 2754 ε
1016 2726 1069 2756 scd
1096 2727 1268 2765 erubescet,
1283 2735 1354 2756 cum
1370 2724 1454 2754 rudis
1470 2723 1510 2754 sit
1533 2723 1573 2754 nd
1589 2723 1646 2753 hos
1661 2721 1730 2753 imi-

270 2778 382 2807 tandos
409 2783 440 2807 et
461 2788 540 2818 aegre
563 2778 640 2808 serat
662 2779 846 2809 deteriorum
871 2778 982 2820 figuras
998 2779 1136 2816 iuduere,
1154 2789 1300 2821 spernens
1323 2777 1474 2819 imagines
1489 2775 1732 2818 hujuscemodi;

271 2830 327 2860 nisi
353 2830 430 2860 sorte
450 2830 517 2870 joci
545 2831 827 2873 oblectamentique
842 2841 934 2863 causa
949 2831 982 2861 id
1007 2831 1124 2863 fecerit.
1170 2833 1250 2863 Ani.
1274 2831 1348 2863 Non
1368 2830 1492 2871 injuria.
1536 2830 1592 2861 So.
1615 2828 1732 2860 Nonne

270 2883 363 2923 igitur
380 2883 552 2914 narratione
572 2889 680 2915 vutetur
704 2885 768 2922 tali,
785 2886 906 2927 qualem
925 2885 1018 2927 paulo
1042 2892 1113 2917 autc
1130 2886 1160 2917 in
1178 2887 1314 2918 versibus
1327 2884 1456 2916 Homeri
1471 2882 1638 2917 dicebam?
1660 2880 1734 2912 erit·
