1840 3225
122 244 219 294 474]
547 243 620 282 DE
649 241 956 280 REPUBLICA
987 241 1082 280 ΜΒ.
1114 241 1162 278 V.
1522 241 1590 277 161

125 347 317 390 putabimus,
344 348 367 378 si
394 357 489 390 quam
518 341 657 389 proxime
683 346 722 376 ad
749 355 817 376 eam
849 344 1023 380 accesserit,
1051 349 1083 376 et
1111 342 1244 375 maxime
1274 342 1411 374 omnium
1444 342 1527 373 illius
1554 343 1596 374 sit

126 401 307 442 particeps?
351 401 469 433 Gtau.
503 400 552 431 Ita
589 401 684 442 plane
723 399 797 430 satis
833 399 945 429 habere
984 398 1172 439 putabimus,
1217 398 1270 430 So.
1303 397 1497 438 Exemplaris
1535 397 1593 438 igi·

126 461 176 486 tur
205 465 311 491 causa,
339 455 432 496 quale
461 454 537 496 quid
572 453 695 495 justitia
729 453 780 491 sit,
809 451 1020 493 quaesivimus,
1048 458 1081 482 et
1109 451 1210 492 qualis
1239 451 1284 481 vir
1315 450 1451 492 perfecte
1477 450 1596 492 justuS,

124 509 150 539 si
175 514 295 540 exstet:
320 508 474 550 injustitia
497 518 598 538 rursus
624 506 737 548 qualis,
760 512 793 537 et
817 505 1040 546 injustissimus
1065 505 1180 535 homo:
1213 510 1246 535 ut
1271 504 1379 546 quales
1404 504 1466 545 ipsi
1488 504 1594 546 quoad

125 563 349 594 beatitudinem
374 567 407 594 et
431 562 583 593 miseriam
604 572 671 593 esse
696 560 786 591 nobis
815 560 1038 591 contuentibus
1069 558 1260 594 viderentur,
1286 569 1466 599 cogeremur
1489 563 1522 589 et
1552 558 1593 588 de

125 618 216 649 nobis
244 618 322 658 ipsis
346 617 450 654 fateri,
477 617 569 648 talem
601 621 741 646 nostrum
766 625 923 656 quemque
951 620 1064 644 sortem
1088 613 1277 649 habiturum,
1294 613 1435 654 quisquis
1460 623 1478 643 e
1504 611 1597 642 nobis

127 671 189 702 illis
203 682 236 702 se
252 671 429 712 praestiterit
445 682 537 713 quam
556 670 757 701 simillimum.
780 679 845 700 non
868 674 972 699 autem
1000 669 1041 698 ob
1069 667 1099 698 id
1129 666 1311 708 perscrutati
1337 668 1404 697 haec
1429 677 1546 706 smnus,
1562 671 1597 695 ut

125 730 365 756 monstraremus
379 736 417 756 ea
432 725 498 756 fieri
514 735 619 767 posse.
666 724 781 755 Gtau.
803 723 888 754 Vera
903 723 970 754 haec
987 727 1070 754 sunt.
1114 722 1171 752 So.
1193 720 1313 752 Censes
1328 719 1465 762 aliquem
1481 731 1518 751 ex
1534 720 1595 750 hoc

124 777 227 809 minus
240 779 356 809 bonum
369 780 436 810 fore
451 778 615 821 pictorem,
630 779 729 820 quod,
746 782 910 819 postquam
927 777 1070 807 humanae
1095 774 1336 817 pulchritudinis
1361 773 1518 815 exemplar
1543 774 1595 804 ab·

124 832 259 863 solu-tum
276 833 411 864 ediderit
433 834 574 875 nihilque
600 844 618 864 e
648 833 757 875 specie
787 831 1025 873 praetermiserit,
1042 835 1180 871 nequeat
1203 830 1412 860 demonstrare
1438 828 1595 859 hominem

123 886 217 918 taiem
244 887 368 928 reperiri
396 888 512 929 posse?
559 887 676 919 Gmu.
701 885 923 928 Nequaquam.
969 886 1022 917 So.
1047 884 1165 915 Nonne
1191 889 1224 914 et
1248 894 1304 914 nos
1332 882 1596 924 praestantissima:
1643 881 1648 883 ⁴

122 939 258 971 civitatis
274 941 414 973 oratione
429 941 585 983 exemplar
601 939 798 972 effinximus?
846 938 961 970 GLAu.
987 938 1127 968 Prorsus.
1173 938 1232 968 So.
1256 936 1307 968 An
1325 936 1419 977 igitur
1434 947 1474 967 eo
1489 936 1592 967 minus

123 1004 181 1024 nos
197 1000 279 1026 recte
295 995 380 1037 loqui
395 995 562 1032 existimas,
578 995 604 1025 si
620 995 783 1026 ostendere
800 1004 864 1024 non
882 1003 1046 1034 possumus
1062 992 1155 1022 talem
1172 997 1277 1022 extare
1306 1002 1396 1032 posse
1422 990 1595 1027 civitatem,

125 1048 249 1090 qualem
267 1049 335 1091 ipso
357 1059 499 1080 sermone
526 1048 748 1090 depinximus?
795 1046 910 1078 Gtiu.
935 1047 1081 1078 Minime.
1128 1047 1183 1076 So,
1208 1046 1260 1077 Sic
1288 1046 1398 1087 utique
1425 1056 1458 1076 se
1485 1044 1597 1075 veritas

125 1102 231 1133 habet.
255 1104 340 1144 quod
356 1104 382 1133 si
397 1109 429 1135 et
445 1105 503 1135 hoc
518 1109 668 1144 praeterea
685 1102 732 1132 tui
748 1112 842 1132 causa
856 1101 1148 1136 demonstrandum,
1164 1111 1227 1141 quo
1245 1101 1338 1131 modo
1365 1106 1397 1131 et
1421 1099 1594 1131 secundum

126 1156 202 1196 quid
221 1156 349 1188 maxime
366 1157 444 1189 effici
472 1158 582 1199 possit,
598 1167 699 1187 rursus
728 1156 767 1187 ad
794 1157 875 1186 hanc
905 1155 1118 1186 ostensionem
1147 1156 1214 1186 haec
1238 1155 1309 1196 ipsa
1334 1154 1410 1184 mihi
1437 1153 1598 1185 confirma.

127 1211 242 1242 GLAu.
267 1211 445 1248 Quaenam?
491 1212 546 1243 So.
569 1211 723 1251 Nunquid
740 1210 791 1251 agi
804 1210 848 1240 sic
864 1209 985 1250 aliquid
1003 1209 1113 1250 possit,
1138 1208 1236 1251 [473]
1263 1215 1298 1239 ut
1313 1208 1451 1239 dicitur:
1478 1207 1525 1238 vel
1553 1208 1597 1237 ita

126 1270 238 1296 natura
252 1272 466 1307 comparatum
482 1272 540 1303 est,
556 1271 592 1296 ut
607 1266 689 1296 actio
704 1265 805 1295 minus
821 1274 914 1305 quam
930 1274 1030 1294 sermo
1055 1263 1215 1294 veritatem
1242 1263 1387 1304 attingat,
1405 1263 1477 1293 licet
1501 1261 1596 1293 alicui

127 1329 191 1349 non
218 1319 381 1350 videatur?
426 1320 474 1350 Tu
501 1331 573 1351 vero
599 1326 699 1350 utrum
727 1320 782 1349 das
807 1319 906 1358 istud,
921 1328 961 1348 an
990 1318 1076 1348 non?
1122 1317 1236 1348 Gzau.
1261 1317 1315 1347 Do
1339 1317 1498 1358 equidem.
1542 1316 1600 1347 So.

127 1370 179 1402 Ne
196 1383 244 1403 me
259 1383 352 1414 cogas
368 1373 472 1414 igitur,
489 1379 535 1414 ut,
550 1373 656 1415 qualia
670 1373 769 1404 verbis
785 1374 852 1404 haec
868 1372 1080 1413 figuravimus,
1097 1371 1171 1402 talia
1188 1370 1314 1412 penitus
1330 1369 1430 1411 digito
1458 1369 1599 1401 indicare

127 1426 270 1458 debeam.
293 1429 348 1458 sed
366 1428 391 1458 si
408 1428 565 1458 valeamus
581 1427 774 1464 adinvenire,
791 1437 853 1468 qua
879 1427 998 1457 ratione
1023 1436 1116 1468 quam
1143 1425 1282 1467 proxime
1309 1425 1348 1455 ad
1377 1425 1443 1455 haec
1468 1424 1600 1455 accedat

127 1479 172 1510 rei
188 1481 324 1522 publicae
340 1481 509 1518 institutio,
526 1482 690 1513 fatendum
705 1487 753 1512 est
768 1481 957 1522 comperisse
983 1491 1054 1516 nos,
1071 1480 1346 1521 quemadmodum,
1364 1489 1434 1520 quae
1461 1484 1493 1509 tu
1519 1489 1599 1520 prae-

127 1533 218 1575 cipis,
233 1535 314 1567 effici
330 1537 460 1577 possint.
506 1537 557 1567 An
585 1547 649 1567 non
673 1535 746 1566 satis
761 1547 827 1567 esse
848 1536 964 1566 factum
988 1536 1097 1570 duces,
1115 1534 1140 1565 si
1163 1535 1272 1564 horum
1288 1543 1416 1574 compos
1433 1532 1573 1564 efficiaris
1591 1533 1602 1563 ?

128 1597 200 1619 nam
216 1599 275 1630 ego
290 1590 416 1630 quidem
441 1595 489 1621 sat
515 1591 670 1621 haberem.
716 1589 831 1621 Gnau.
856 1589 923 1630 Ego
945 1599 1084 1630 quoque.
1130 1589 1186 1620 So.
1211 1588 1369 1619 conemur
1382 1587 1477 1629 igitur
1492 1587 1600 1619 decla-

128 1652 194 1674 rare
223 1644 366 1685 posthac,
390 1645 465 1686 quid
493 1655 577 1675 nunc
605 1645 684 1675 male
711 1650 819 1685 agatur
844 1644 875 1674 in
901 1643 1090 1679 civitatibus,
1114 1648 1241 1684 propter
1269 1642 1355 1684 quod
1385 1652 1447 1672 non
1479 1641 1523 1672 ita
1553 1651 1600 1672 ree

132 1702 268 1738 guntur:
299 1704 332 1729 et
360 1705 462 1729 utrum
496 1699 588 1729 unius
618 1698 782 1740 cujusdam
807 1698 911 1739 exigui
942 1698 1116 1728 mutatione
1140 1697 1250 1728 civitas
1280 1696 1320 1727 ad
1350 1697 1434 1727 hunc
1459 1695 1601 1726 ordinem

131 1751 299 1793 redigatur,
316 1753 431 1794 quidve
447 1752 525 1783 illud
542 1752 582 1783 sit
599 1764 606 1783 :
631 1759 663 1783 et
680 1753 823 1794 nunquid
841 1753 972 1783 maxime
987 1752 1080 1782 unius
1096 1752 1268 1782 mutatione
1284 1751 1316 1782 id
1333 1751 1399 1788 fiat,
1416 1750 1463 1782 vel
1489 1750 1598 1781 saltem

129 1805 275 1847 duorum,
290 1816 330 1836 an
355 1807 502 1848 plurium,
519 1807 572 1838 sed
598 1817 691 1848 quam
717 1806 971 1848 paucissimorum
997 1812 1029 1837 et
1058 1807 1201 1848 potentia
1229 1806 1435 1836 minimorum.
1482 1804 1600 1836 Gtau.

129 1858 182 1890 Sic
198 1861 336 1891 omnino.
384 1862 440 1892 So.
465 1861 540 1892 Uno
555 1861 691 1902 quodam
710 1866 829 1892 mutato
844 1861 1008 1891 ostendere
1019 1860 1052 1891 id
1072 1870 1246 1901 possumuS,
1263 1859 1347 1901 quod
1366 1859 1422 1890 etsi
1439 1858 1601 1900 possibile,

132 1924 196 1945 non
213 1925 339 1956 parvum
356 1922 459 1946 tamen
475 1926 534 1947 nec
549 1915 652 1946 facile.
700 1915 816 1947 GLAU.
841 1915 929 1951 Quid
952 1914 1061 1944 istud?
1106 1914 1164 1945 So.
1189 1913 1241 1944 Ad
1269 1914 1302 1943 id
1329 1912 1487 1944 descendo
1511 1912 1602 1954 equi-

132 1967 218 2005 dem,
233 1969 317 2010 quod
333 1969 452 2010 ingenti
470 1969 578 2000 fluctui
595 1970 858 2010 comparavimus.
904 1968 1037 1999 Dicetur
1051 1968 1165 2010 igitur:
1189 1978 1367 2009 quanquam
1393 1967 1544 2008 suspicor,
1561 1977 1601 1997 ne

132 2021 280 2053 effusiore
296 2023 525 2054 incredulorum
543 2024 603 2053 risu
621 2023 796 2054 inundante
822 2023 947 2064 penitus
974 2023 1131 2054 obruatur.
1155 2022 1331 2059 considera,
1348 2022 1433 2063 quod
1463 2021 1602 2052 dicturus

130 2085 209 2107 sum.
254 2075 368 2108 thu.
392 2077 453 2108 Dic
465 2077 544 2119 jam.
590 2078 646 2109 So.
670 2077 743 2108 Nisi
770 2077 950 2119 philosophi
978 2076 1159 2108 civitatibus
1184 2078 1396 2116 dominentur,
1411 2076 1460 2108 vel
1488 2077 1531 2112 hi,
1547 2076 1601 2117 qui

132 2140 216 2161 nunc
233 2141 319 2172 reges
335 2136 541 2173 potentesque
558 2131 716 2167 dicuntur,
735 2130 873 2172 legitime
889 2131 1139 2173 sufficienterque
1167 2131 1439 2173 philosophentur,
1454 2131 1488 2161 in
1505 2131 1605 2161 idem.-

131 2195 192 2226 que
207 2184 308 2216 civilis
324 2186 465 2226 potentia
481 2191 513 2217 et
529 2185 728 2227 philosophia
744 2191 943 2222 concurrant,
957 2196 1060 2227 neque
1076 2186 1179 2228 (quod
1196 2196 1279 2217 nunc
1296 2185 1348 2226 fit)
1360 2195 1378 2215 a
1394 2185 1523 2215 diversis
1539 2185 1602 2214 duo

131 2239 198 2270 haec
215 2244 385 2271 tractentur
401 2240 556 2282 ingeniis:
581 2251 644 2271 non
660 2240 719 2271 erit
734 2240 854 2271 civitati
871 2240 931 2277 vel,
947 2245 982 2271 ut
998 2251 1066 2271 mea
1090 2240 1149 2271 fert
1172 2241 1293 2281 opinio,
1310 2240 1471 2270 hominum
1498 2240 1603 2280 generi

131 2292 253 2334 requies
267 2292 331 2324 ulla
346 2294 495 2325 malorum
512 2306 519 2324 :
544 2304 647 2335 neque
663 2294 746 2335 prius
763 2295 830 2325 haec
844 2305 892 2325 res
909 2294 1048 2336 publica,
1064 2305 1157 2336 quam
1174 2295 1276 2325 verbis
1291 2294 1506 2335 exposuimus,
1523 2292 1603 2324 orie-

132 2351 182 2377 tur
196 2357 252 2388 pro
269 2347 382 2378 viribus
397 2353 430 2379 et
444 2349 546 2379 lumen
566 2348 642 2379 solis
657 2348 801 2390 aspiciet.
846 2348 918 2379 Hoc
934 2353 994 2390 est,
1010 2349 1095 2390 quod
1124 2360 1183 2390 ego
1206 2347 1329 2389 jamdiu
1355 2348 1458 2379 dicere
1485 2358 1604 2383 vereor,

135 2400 222 2441 quasi
239 2401 278 2432 sit
290 2401 474 2433 incredibile
491 2402 590 2434 dictu.
615 2413 686 2433 nam
701 2403 784 2433 haud
802 2402 894 2433 facile
912 2403 1126 2444 persuadetur,
1143 2403 1259 2434 nullam
1284 2403 1375 2433 aliam
1404 2401 1604 2443 gubernatio-

134 2463 206 2484 nem
222 2454 364 2496 privatim
382 2455 430 2485 vel
447 2456 575 2496 publice
589 2456 725 2487 futuram
742 2456 877 2489 felicem.
925 2456 1040 2488 GLAu.
1064 2457 1110 2487 Ex
1127 2458 1185 2488 hac
1202 2462 1254 2487 tua
1283 2457 1435 2492 oratione,
1452 2467 1471 2486 ο
1495 2455 1606 2486 Socra-

135 2511 193 2544 tes,
209 2507 383 2538 existimato
401 2508 559 2540 lacessitos
583 2510 745 2551 plurimos,
761 2522 821 2543 nec
849 2510 925 2542 viles
951 2512 1079 2553 quidem
1108 2511 1327 2548 homunculos,
1352 2509 1450 2552 [474]
1475 2509 1607 2551 abjectis

132 2561 269 2592 vestibus
285 2562 512 2603 susceptisque,
529 2564 738 2605 undecunque
754 2565 934 2606 contigerit,
951 2566 1053 2601 armis,
1067 2565 1219 2606 impetum
1234 2565 1267 2595 in
1298 2570 1327 2595 te
1353 2564 1501 2600 facturos,
1517 2564 1607 2605 quasi

134 2625 171 2646 ex
187 2615 247 2646 hoc
263 2616 340 2647 mira
354 2617 496 2658 quaedam
514 2617 563 2647 isti
580 2617 721 2649 effecturi
750 2619 823 2650 sint.
846 2621 961 2660 quibus
986 2619 1045 2650 nisi
1074 2619 1212 2649 oratione
1239 2619 1471 2660 repugnaveris,
1488 2629 1605 2660 eosque

134 2668 291 2710 effugeris,
306 2670 444 2711 plurimis
460 2671 608 2702 conviciis
626 2671 777 2703 laceratus
794 2674 882 2703 dabis
911 2683 1029 2715 poenas.
1075 2673 1131 2704 So.
1157 2672 1207 2703 An
1238 2683 1303 2702 non
1332 2678 1363 2702 tu
1390 2673 1499 2703 horum
1528 2673 1606 2704 mihi

133 2733 227 2754 causa
241 2735 273 2755 es
288 2725 298 2754 ?
344 2724 459 2756 Gtiu.
482 2725 524 2755 Et
537 2730 619 2756 recte
635 2725 772 2767 quidem.
797 2737 901 2757 verum
918 2728 1001 2757 haud
1019 2732 1048 2757 te
1065 2727 1204 2767 prodam,
1225 2726 1317 2756 immo
1329 2731 1411 2757 certe
1424 2726 1605 2763 defendam,

135 2778 374 2821 quibuscunque
405 2785 514 2821 potero
533 2790 540 2811 :
568 2790 693 2821 possum
725 2786 808 2811 certe
837 2780 1056 2811 benevolentia
1087 2780 1428 2821 exhortationibusque.
1460 2791 1495 2811 ac
1526 2782 1604 2811 sorte

135 2830 316 2872 diligentius
332 2833 389 2863 tibi
405 2842 498 2874 quam
515 2832 616 2874 quitis
631 2834 710 2864 alius
727 2835 935 2876 respondebo.
960 2834 1175 2875 quamobrem,
1192 2840 1341 2876 tanquam
1359 2835 1417 2865 hoc
1443 2834 1606 2864 defensore

137 2884 274 2925 adjutus,
297 2897 408 2918 conare
437 2887 485 2918 his
509 2887 678 2919 incredulis
705 2889 915 2921 demonstrare
943 2889 986 2919 ita
1013 2899 1093 2926 esse,
1110 2893 1145 2920 ut
1170 2888 1260 2922 dicis.
1306 2887 1362 2920 So.
1389 2887 1606 2918 Annitcndnm

221 2939 307 2972 Ptat.
333 2941 386 2972 Tr.
896 2942 943 2974 11.
1487 2941 1517 2971 X
