1840 3225
216 255 291 293 104
805 249 1069 288 PLATONts
1581 252 1679 301 [364

213 366 331 389 summa
358 355 467 387 referre
498 357 630 396 possunt
656 363 674 384 a
704 351 775 384 Diis
805 352 971 389 beneficia,
999 352 1114 383 sanctis
1145 351 1215 383 viris
1241 352 1366 384 collata.
1403 352 1491 394 quod
1517 363 1684 395 generosus

212 410 371 442 Hesiodus
388 409 605 449 Homerusque
622 412 785 438 testantur.
809 406 860 437 ille
874 407 956 437 enim
970 406 1064 447 justis
1082 406 1168 437 Deos
1189 406 1289 438 facere
1315 406 1473 447 perhibet,
1493 413 1527 438 ut
1552 418 1682 449 quercu-9

211 466 245 504 π’(ι
262 464 358 496 ramis
372 463 536 495 altioribus
546 463 678 502 glandes
684 461 808 500 ferant,
826 461 858 491 in
872 460 985 492 mediis
999 471 1085 501 apes,
1109 464 1139 492 et
1153 471 1223 492 oves
1241 462 1312 491 lana
1328 465 1506 497 onerentur,
1523 462 1683 504 multaque

210 519 272 550 alia
287 518 408 560 generis
423 517 563 558 ejusdem
581 517 673 547 bona.
717 515 777 546 His
790 514 904 545 similia
919 515 996 545 dicit
1011 520 1043 544 et
1055 514 1144 545 alter.
1181 515 1445 550 Quemadmodum
1457 515 1553 552 enim,
1568 514 1684 556 inquit,

206 572 303 613 probo
318 572 398 612 regi,
416 571 530 612 quique
542 571 607 603 Dei
617 570 732 602 similis
742 569 798 605 sit,
815 569 925 600 bonum
940 569 1080 607 conferat
1096 578 1204 599 nomen
1217 579 1226 599 .·
1235 569 1324 607 serat
1342 573 1427 601 terra
1439 569 1534 610 nigra
1544 569 1686 601 triticum

210 630 304 667 atque
329 626 490 665 hordeum,
513 625 614 666 pomis
629 627 804 664 graventur
829 622 966 664 arbores,
984 622 1134 660 secundae
1158 624 1288 663 pecudes
1310 623 1410 661 facile
1434 623 1578 664 pariant,
1599 633 1685 655 mare

210 680 311 722 pisces
327 679 556 711 subministret.
601 677 742 708 Musaeus
766 677 842 707 item
859 680 953 716 atque
969 675 1038 716 ejus
1053 675 1134 706 filius
1150 676 1370 706 excellentiora
1386 678 1480 708 etiarn
1494 678 1577 708 bona
1593 677 1687 718 justis

211 733 340 775 abipsis
355 733 430 764 Diis
446 732 540 763 tribui
555 731 728 762 voluerunt.
753 730 837 771 apud
862 729 979 759 inferos
1004 729 1087 759 enim
1112 734 1252 770 agentes,
1278 730 1425 772 ipsosque
1445 731 1478 761 in
1505 737 1681 762 sanctorum

211 786 365 818 conviviis
379 785 584 825 collocantes,
599 789 762 815 coronatos
779 783 898 813 faciunt
914 792 1026 823 magna
1051 792 1173 823 semper
1198 784 1229 813 in
1252 783 1414 825 voluptate
1441 785 1542 816 ebrios
1569 786 1683 822 vivere,

211 841 422 872 existimantes
449 839 687 882 pulcherrimum
718 837 839 867 virtutis
869 836 1029 878 praemium
1058 842 1204 868 aeternam
1242 838 1435 869 ebrietatem.
1483 839 1547 876 Qui
1579 845 1682 871 autem

212 895 354 937 longiora
368 895 415 925 his
431 894 555 936 praemia
578 904 597 923 a
618 892 689 922 Diis
716 892 782 921 dari
806 890 926 926 volunt,
955 890 1034 921 filios
1059 890 1170 921 dicunt
1194 896 1396 932 posterosque
1415 891 1494 933 justi
1519 893 1684 935 fidelisque

211 949 270 980 viri
285 959 383 990 genus
399 959 488 979 suurn
505 958 559 988 per
573 946 678 977 secula
695 955 876 987 propagare.
922 944 981 975 His
995 950 1026 974 et
1041 943 1219 985 hujusmodi
1232 944 1388 986 justitiam
1403 946 1532 977 laudant
1546 959 1553 976 :
1580 948 1684 988 profa-

212 1014 270 1034 nos
287 1014 359 1034 vero
374 1008 467 1044 atque
484 1001 618 1042 injustos
634 1011 721 1031 coeno
737 999 872 1040 quodam
889 998 974 1040 apud
990 997 1105 1029 inferos
1121 999 1268 1036 obruunt,
1294 1004 1326 1030 et
1349 1010 1460 1040 aquam
1482 1001 1582 1031 cribro
1605 1001 1684 1032 ferre

212 1062 341 1099 cogunt.
366 1055 505 1086 viventes
530 1054 623 1084 etiam
651 1052 778 1083 infamia
803 1057 926 1083 notant.
950 1062 987 1082 ac
1014 1052 1139 1082 demum
1166 1062 1363 1094 quaecunque
1390 1054 1547 1095 supplicia
1575 1065 1682 1085 eorum

210 1111 355 1142 narrabat
367 1109 503 1148 Glauco,
518 1108 573 1148 qui
586 1106 662 1148 justi
679 1110 751 1137 sunt
766 1110 798 1136 et
814 1105 958 1136 videntur
974 1105 1098 1147 injusti,
1124 1106 1234 1137 eadem
1251 1106 1377 1149 insuper
1392 1107 1579 1148 injustorum
1594 1118 1684 1139 enar·

209 1171 289 1201 tant,
306 1164 369 1195 alia
382 1174 453 1194 vero
469 1173 531 1193 non
546 1162 673 1192 habent.
718 1160 800 1190 Laus
816 1160 909 1202 igitur
929 1165 962 1191 et
987 1160 1174 1201 vituperatio
1199 1161 1244 1192 sic
1270 1167 1471 1202 utrorumque
1497 1173 1529 1193 se
1554 1163 1683 1194 habent.

210 1220 328 1251 Praeter
342 1219 409 1249 liaec
421 1217 594 1257 considera,
604 1216 759 1251 Socrates,
785 1215 878 1245 aliam
901 1215 1059 1256 quandam
1081 1215 1120 1245 de
1136 1214 1260 1256 justitia
1284 1215 1511 1258 injustitiaquae
1537 1216 1685 1248 orationis

211 1272 360 1314 speciem,
377 1277 408 1303 et
424 1271 566 1313 privatim
583 1275 614 1300 et
628 1281 646 1300 a
659 1269 761 1310 poetis
776 1269 949 1300 inductam.
969 1268 1065 1311 [364]
1081 1279 1188 1300 omnes
1199 1269 1281 1300 enim
1297 1281 1358 1301 uno
1371 1281 1423 1301 ore
1434 1277 1552 1302 canunt
1566 1272 1683 1302 bonum

211 1327 289 1368 quid
305 1325 540 1368 temperantiam
555 1329 588 1355 et
598 1324 752 1365 justitiam
769 1334 848 1360 esse,
864 1323 989 1354 difficile
1002 1328 1105 1353 autem
1129 1328 1161 1353 et
1176 1323 1360 1354 laboriosum
1379 1337 1385 1355 :
1409 1325 1682 1367 intemperantiam

209 1391 284 1412 vero
295 1384 327 1411 et
343 1378 524 1420 injustitiam
537 1377 713 1419 jucundum
730 1378 856 1419 quidem
871 1382 904 1408 et
918 1377 1010 1408 facile
1026 1382 1219 1418 comparatu,
1237 1378 1387 1419 opinione
1404 1384 1523 1410 tantum
1550 1380 1682 1422 legeque

211 1439 313 1475 turpe.
337 1432 472 1465 Utiliora
487 1432 561 1474 quin
575 1432 669 1462 etiam
681 1431 775 1473 justis
788 1431 907 1472 injusta
922 1437 956 1461 ut
970 1431 1136 1472 plurimum
1149 1432 1242 1473 vulgo
1259 1431 1380 1463 dicunt.
1395 1439 1427 1464 et
1443 1433 1540 1464 malos
1554 1434 1682 1475 quidem

212 1488 326 1519 divites
341 1491 547 1528 potentesque
563 1486 655 1517 facile
678 1487 844 1522 honorant,
862 1485 1068 1527 privatimque
1089 1495 1124 1515 ac
1141 1484 1266 1526 publice
1292 1486 1399 1517 beatos
1423 1487 1607 1528 appellant:
1631 1499 1686 1519 eos

215 1547 318 1573 autem
335 1545 551 1578 contemnunt,
568 1541 621 1581 qui
636 1539 809 1570 imbecilles
824 1545 856 1569 et
872 1549 1026 1581 pauperes
1042 1544 1124 1575 sunt,
1149 1540 1290 1580 quamvis
1306 1542 1481 1572 concedant
1496 1541 1580 1582 ipsos
1596 1541 1686 1573 meli·

213 1607 281 1626 ores
297 1595 406 1626 ceteris
420 1605 498 1626 esse.
545 1594 665 1625 Horum
678 1604 750 1625 vero
767 1593 903 1623 omnium
921 1593 1052 1623 maxime
1070 1592 1200 1623 mirandi
1216 1594 1256 1624 de
1271 1593 1343 1624 Diis
1355 1600 1387 1624 et
1400 1594 1512 1625 virtute
1528 1606 1685 1627 sermones

213 1649 471 1682 circumferuntur
485 1660 492 1678 z
518 1648 607 1679 Deos
632 1647 772 1689 plurimis
802 1647 890 1677 bonis
917 1647 1094 1677 hominibus
1121 1647 1278 1678 infelicem
1307 1648 1401 1678 vitam
1431 1649 1567 1688 dedisse,
1597 1650 1684 1680 malis

216 1709 319 1734 autem
335 1708 453 1734 contra.
478 1707 563 1733 vates
578 1703 706 1743 insuper
721 1707 753 1733 et
767 1701 853 1732 arioli
869 1701 907 1731 ad
920 1701 1034 1742 januas
1050 1701 1182 1731 divitum
1199 1701 1395 1738 accedentes,
1419 1703 1608 1743 persuadent
1623 1702 1685 1734 vim

217 1758 330 1788 habere
341 1767 364 1787 a
380 1757 452 1787 Diis
468 1756 625 1794 sacrificiis
639 1762 670 1787 et
686 1755 874 1787 carminibus
891 1760 1050 1795 acceptam
1068 1755 1224 1796 purgandi
1240 1766 1294 1796 per
1309 1756 1502 1787 celebritates
1527 1762 1559 1787 et
1580 1757 1686 1789 oblec-

217 1816 354 1842 tamenta
367 1811 521 1851 quaedam,
538 1810 664 1851 siquod
681 1810 781 1841 scelus
797 1810 835 1839 ab
862 1808 909 1838 liis
933 1814 988 1838 aut
1012 1819 1116 1839 eorum
1144 1808 1313 1848 majoribus
1340 1815 1494 1850 patratum
1517 1811 1630 1841 fuerit:
1655 1817 1687 1842 ct

214 1865 350 1896 nocendi
376 1875 470 1906 parvo
496 1864 589 1894 etiam
616 1868 753 1904 sumptu,
779 1863 958 1902 cuicunque
986 1862 1083 1892 velint
1111 1861 1317 1898 inimicorum,
1344 1868 1376 1892 et
1396 1862 1485 1903 justo
1510 1864 1624 1904 pariter
1652 1871 1684 1896 et

214 1918 344 1960 injusto.
365 1922 505 1949 asserunt
519 1917 650 1958 quippe,
667 1922 732 1947 tum
749 1915 968 1947 blandimentis
989 1915 1188 1956 quibusdam,
1212 1921 1277 1946 tum
1292 1915 1423 1947 vinculis
1438 1927 1470 1947 se
1486 1917 1575 1948 Deos
1591 1917 1683 1948 indu-

214 1983 295 2009 cere,
313 1977 346 2003 ut
361 1971 420 2002 sibi
436 1971 467 2001 in
483 1971 531 2002 his
547 1971 691 2001 omnibus
706 1971 927 2011 obsequantur.
972 1968 1025 1999 Ad
1051 1969 1117 2000 haec
1133 1970 1238 2000 omnia
1255 1969 1418 2011 poetarum
1441 1970 1576 2002 afferunt
1599 1972 1684 2003 testi-

219 2026 334 2063 monia,
350 2025 462 2067 partim
476 2026 562 2067 quod
578 2025 671 2056 facile
688 2025 826 2055 labamur
840 2024 870 2054 in
889 2023 1016 2054 vitium:

515 2078 669 2110 {Mortales
685 2078 793 2109 vitium
811 2078 934 2118 penitus
950 2077 1096 2107 labuntur
1110 2076 1142 2108 in
1161 2089 1254 2109 omne

517 2132 702 2173 praecipites,
719 2132 866 2172 quoniam
884 2130 984 2161 facilis
1000 2132 1050 2161 via
1065 2131 1153 2162 ducit
1168 2132 1206 2162 ad
1223 2132 1338 2173 ipsum,

518 2187 578 2218 hoc
594 2187 667 2227 quia
684 2186 731 2217 vel
749 2186 838 2216 nobis
849 2185 915 2226 jam
934 2191 998 2215 tum
1016 2186 1217 2215 nascentibus
1233 2187 1338 2216 lueret.

518 2241 663 2271 virtutem
680 2245 752 2271 ante
769 2240 866 2281 ipsam
883 2239 926 2269 Di
944 2249 1132 2281 proposuere
1150 2239 1297 2275 laborem,

520 2294 723 2336 difficilesque
740 2294 803 2324 vias
816 2293 938 2324 cunctis
955 2293 1142 2323 adeuntibus
1157 2293 1241 2323 illam
1256 2304 1264 2325 ι

213 2349 324 2391 partim
350 2348 435 2390 quod
461 2347 551 2379 Deus
572 2349 713 2389 precibus
739 2349 849 2379 nostris
878 2347 1118 2388 muneribusque
1150 2347 1302 2382 flectatur,
1327 2346 1496 2378 Homerum
1522 2349 1685 2380 adducunt

212 2408 336 2439 testem,
351 2403 405 2444 qui
420 2402 535 2443 inquit,
551 2403 740 2435 ExorabiLes
752 2402 1031 2443 convertibilesque
1045 2405 1074 2432 et
1093 2402 1155 2433 Dei
1165 2404 1252 2437 sunt,
1265 2405 1295 2432 et
1308 2401 1362 2432 hos
1372 2402 1495 2443 quidem
1503 2403 1686 2446 saffificiis,

213 2457 305 2495 votis,
321 2456 524 2488 libationibus
537 2460 565 2488 et
582 2457 732 2495 homines,
748 2467 817 2488 cnm
827 2456 1037 2498 peccat-erint,
1052 2459 1217 2496 precantes
1230 2458 1369 2487 vertunt.

514 2512 596 2542 Sunt
611 2512 718 2543 faciles
733 2511 846 2552 superi,
864 2511 1004 2551 precibus
1021 2510 1196 2550 flectuntur,
1213 2515 1244 2540 et
1257 2510 1339 2540 idem

514 2576 667 2596 sacrorum
683 2566 792 2596 nidore
809 2565 859 2607 pio
877 2565 1040 2606 placantur
1054 2565 1092 2596 ab
1109 2564 1185 2605 ipsis

514 2620 656 2650 nimirum
674 2621 753 2650 votis
769 2619 940 2656 hominum,
958 2629 1039 2660 quae,
1057 2618 1081 2649 si
1098 2618 1167 2659 quis
1185 2619 1215 2648 in
1233 2618 1302 2649 illos

515 2674 633 2713 errarit,
651 2673 771 2704 veniam
788 2673 924 2714 rogitans
941 2673 1087 2713 concepit
1103 2672 1134 2703 in
1152 2675 1222 2704 aris.

213 2727 321 2758 Libros
335 2731 436 2757 autem
453 2726 672 2758 circumferunt
689 2728 803 2758 Musa-i
819 2733 850 2758 et
866 2727 997 2768 Orphei,
1026 2727 1123 2757 Luna>
1151 2733 1183 2757 et
1208 2727 1369 2758 Musarum
1397 2726 1526 2757 filiorum
1541 2739 1548 2757 z
1573 2737 1686 2759 secun-

212 2783 286 2812 dum
301 2791 379 2822 quos
395 2791 477 2811 sacra
494 2781 663 2818 celebrant,
680 2783 901 2823 persuadentes
917 2792 978 2812 non
998 2781 1124 2822 privatis
1137 2782 1249 2817 solum,
1264 2791 1368 2812 verum
1383 2782 1475 2811 etiam
1488 2781 1682 2818 civitatibus,

213 2836 382 2868 solutiones
397 2840 428 2864 et
444 2836 641 2876 purgationes
654 2837 802 2868 scelerum
820 2847 875 2878 per
889 2836 1039 2867 sacrificia
1054 2846 1124 2866 cum
1142 2836 1285 2866 ludorum
1301 2835 1537 2866 oblectamentis
1554 2835 1632 2876 fieri,
1649 2841 1682 2866 et

213 2889 389 2922 viventibus
407 2888 503 2931 [365]
521 2894 558 2920 etv
567 2890 722 2923 defunctis
738 2903 743 2921 :
768 2902 844 2933 quas
859 2891 984 2933 quidem
1000 2890 1137 2929 Teletas,
1154 2890 1186 2922 id
1202 2896 1248 2922 est
1260 2889 1453 2932 expiationes
1468 2894 1592 2927 vocant,
1608 2899 1680 2931 quae
