1840 3225
217 189 314 240 653]
680 187 754 225 DE
785 186 1016 225 LEGIBUS
1048 187 1147 226 LIB.
1181 187 1230 225 ll.
1604 186 1682 224 299

215 299 317 325 terum
333 297 369 323 ut
382 291 515 323 maxime
532 289 744 322 formidemus.
790 287 868 322 Cn.
893 289 945 319 De
962 289 1081 330 pudore
1098 289 1182 320 dicta
1195 291 1260 320 hrt-c
1277 289 1499 320 existimamus.
1546 286 1684 319 Ainus.

214 348 317 379 Recte
341 346 471 378 tenetis.
493 345 550 376 sed
565 345 713 387 quoniam
738 343 956 374 fortitudinem
983 344 1246 385 imperterritique
1273 344 1368 374 animi
1391 343 1529 373 habitum
1543 342 1574 372 in
1590 343 1681 373 timo-

218 403 302 433 ribus
316 400 525 443 praemeditari
552 404 685 440 oportet,
701 397 973 433 considerandum,
988 397 1131 439 nunquid
1157 398 1348 428 contrarium
1364 398 1395 428 in
1419 396 1587 427 contrariis
1601 406 1679 437 pra:-

214 455 357 486 meditari
381 454 560 486 conveniat.
604 452 680 484 Cn.
702 451 908 492 Consequens
931 451 962 482 id
986 457 1044 482 est.
1089 451 1229 482 Arnim.
1252 451 1292 482 In
1322 452 1370 482 bis
1397 451 1501 492 igitur,
1515 461 1585 492 qum
1610 460 1683 491 per-

213 510 300 551 pessi
315 508 510 540 confidentes
533 506 731 548 audacesque
754 507 884 537 maxime
899 505 966 537 fieri
991 511 1100 536 natura
1116 506 1264 541 solemus,
1279 505 1480 546 cogitandum
1496 504 1629 540 videtur,
1646 509 1682 534 ut

212 573 304 605 quam
322 562 450 593 minime
467 561 669 602 impudentes
684 565 716 591 et
733 560 871 591 audaces
895 560 992 591 simus
1006 571 1014 597 ;
1038 559 1095 591 sed
1122 565 1232 591 contra
1247 558 1439 590 formidolosi
1456 559 1495 589 ad
1512 558 1680 589 dicendum

212 622 267 649 aut
279 615 466 658 patiendum
488 620 542 646 aut
555 615 710 657 agendum
728 615 896 656 quicquam
916 620 1019 656 turpe.
1065 614 1142 646 CLI.
1165 614 1217 645 Ita
1245 613 1381 644 videtur.
1426 612 1565 643 Arum«.
1589 611 1680 643 Non-

211 680 253 702 ne
268 671 335 702 haec
349 679 389 701 ea
409 675 492 706 sunt,
508 669 541 699 in
564 669 676 711 quibus
701 669 782 700 tales
806 679 922 706 sumus,
936 669 994 708 ira,
1011 679 1107 704 amor,
1121 668 1308 710 petulantia,
1323 667 1458 703 inscitia,
1476 667 1616 702 avaritia,
1633 677 1682 697 se-

211 724 338 756 cordia:
363 729 397 754 et
422 723 464 754 ad
490 723 557 754 haec
580 724 647 760 illa,
664 722 797 759 divitiae,
812 723 923 759 forma,
941 723 1033 759 vires,
1049 728 1082 753 et
1106 732 1301 764 quaecunque
1328 721 1497 763 voluptatis
1526 720 1680 751 ebrietate

210 778 348 820 quadam
362 779 506 809 homines
521 783 663 809 amentes
689 777 834 809 faciunt?
858 777 899 808 ad
917 778 1024 809 horum
1048 777 1185 808 omniurn
1209 776 1302 807 facile
1326 781 1359 807 et
1375 776 1543 806 innocuum
1557 774 1680 815 pericu-

210 832 275 863 lum
291 831 473 863 faciendum
498 831 772 873 inducendamque
797 831 1056 862 exercitationem
1081 831 1202 861 nullam
1216 830 1369 860 babemus
1383 829 1578 870 voluptatem
1593 837 1678 858 com-

208 886 383 918 modiorem
398 896 448 922 ea,
464 897 534 928 quae
549 886 583 916 in
605 885 674 917 vini
689 885 764 916 ludo
789 894 888 916 mores
912 885 1081 919 examinat,
1098 884 1125 914 si
1141 883 1234 915 rnodo
1260 882 1398 925 prudens
1413 881 1558 923 quaedam
1574 881 1679 911 cautio

209 931 404 972 adhibeatur.
427 940 660 971 consideremus
685 945 801 975 autem,
820 946 924 970 utrum
949 939 1088 970 difficilis
1113 944 1147 969 et
1162 938 1294 979 agrestis
1308 936 1416 972 animi,
1431 935 1516 967 unde
1533 935 1677 977 plurirnae

207 1000 427 1036 perpetrantur
440 994 574 1036 injuriae,
589 995 622 1025 in
648 994 727 1035 ipsis
741 993 936 1025 commerciis
962 1003 1083 1024 summo
1098 1003 1167 1024 cum
1192 1003 1291 1023 rerum
1308 990 1498 1026 discrimine,
1517 989 1614 1031 [650]
1633 999 1674 1019 an

209 1049 358 1090 potiusin
386 1048 533 1091 Dionysii
555 1049 734 1090 spectaculo
750 1047 930 1079 faciendum
952 1048 1126 1089 periculum
1148 1047 1199 1077 sit.
1222 1056 1262 1078 an
1277 1056 1351 1077 vero
1375 1045 1470 1076 animi
1486 1044 1526 1074 ad
1543 1053 1680 1074 venerea

208 1103 299 1144 proni
310 1102 456 1134 affectum
471 1103 667 1133 considerare
681 1102 726 1133 ita
739 1102 888 1133 debemus
904 1107 939 1133 ut
953 1112 1073 1133 summo
1089 1112 1158 1132 cum
1174 1101 1313 1142 periculo
1329 1099 1596 1141 conjunctissimas
1608 1098 1679 1136 sibi,

210 1158 289 1188 filias
303 1156 454 1188 videlieet
469 1168 504 1188 ac
522 1158 612 1193 filios,
629 1156 849 1188 conmittamus
863 1157 873 1186 ?
901 1156 1055 1197 pei-multa
1077 1156 1206 1197 insuper
1221 1155 1330 1186 afferre
1346 1154 1415 1195 quis
1430 1153 1556 1194 poterit,
1572 1162 1676 1193 neque

208 1212 310 1244 verbis
331 1218 550 1254 consequetur,
566 1218 718 1254 quantum
744 1215 871 1252 praestet
897 1221 966 1241 cum
979 1210 1053 1252 joco
1083 1209 1275 1250 simpliciter,
1291 1208 1358 1239 sine
1383 1207 1498 1238 damno
1513 1206 1675 1237 hominurn

206 1276 307 1297 mores
329 1266 498 1308 exquirere.
520 1277 583 1308 qua
599 1265 639 1297 de
654 1276 688 1296 re
704 1275 808 1306 neque
833 1264 1001 1295 Cretenses
1013 1274 1117 1305 neque
1134 1264 1212 1294 alios
1236 1263 1399 1294 hominurn
1414 1262 1496 1292 ullos
1513 1259 1673 1291 dubitatu-

204 1330 255 1351 ros
271 1330 410 1361 unquam
434 1326 591 1362 putamus,
613 1321 689 1362 quin
717 1318 896 1361 hujusmodi
921 1329 1043 1349 morum
1069 1317 1259 1349 examinatio
1286 1316 1478 1348 conveniens
1500 1315 1542 1345 sit
1557 1324 1593 1344 ac
1610 1325 1674 1356 prae

204 1375 318 1406 ceteris
328 1374 440 1410 facilis,
455 1379 535 1411 tuta,
550 1375 663 1406 brevis.
708 1374 785 1405 Cu,
808 1373 928 1404 Verum
947 1373 979 1403 id
995 1372 1134 1414 quidem.
1182 1371 1322 1403 Arnen.
1346 1370 1418 1401 Hoc
1434 1369 1530 1410 igitur
1543 1368 1673 1399 utilissi-

204 1439 289 1460 mum
305 1428 459 1471 quiddam
471 1429 542 1465 erit,
557 1435 682 1459 naturas
697 1434 730 1459 et
745 1428 870 1459 habitus
896 1427 1069 1458 animorum
1093 1431 1160 1458 arte
1176 1426 1232 1456 illa
1249 1434 1449 1466 cognoscere,
1465 1434 1527 1465 qua
1542 1423 1602 1453 ista
1618 1433 1671 1453 cu·

204 1482 303 1514 tanda
317 1488 401 1514 sunt.
425 1488 473 1514 est
496 1488 602 1514 autem
628 1483 697 1520 hoc,
714 1487 749 1514 ut
770 1482 915 1519 arbitror,
929 1482 1033 1514 civilis
1056 1479 1215 1513 facultatis
1236 1478 1384 1516 officium,
1402 1488 1442 1510 an
1467 1477 1556 1509 non?
1595 1476 1674 1508 Cu.

203 1537 256 1570 Sic
267 1542 316 1569 est
331 1538 471 1570 omnino.

805 1680 943 1730 LIB.
984 1680 1058 1729 Π.

204 1813 304 1855 [652]
329 1813 509 1846 Darncm’s
526 1818 632 1845 autem
646 1813 686 1844 de
706 1814 753 1845 his
767 1812 1030 1845 considerandum
1047 1817 1107 1849 est,
1115 1817 1215 1843 utrum
1230 1811 1262 1841 id
1277 1810 1375 1841 solum
1393 1809 1508 1839 bonum
1524 1807 1672 1842 habeant,

202 1873 238 1899 ut
252 1868 489 1910 perspiciamus,
504 1868 662 1910 quomodo
676 1873 795 1899 naturae
819 1873 934 1899 nostrae
964 1878 996 1897 se
1015 1867 1146 1903 habent,
1163 1876 1204 1896 an
1219 1874 1334 1906 magna
1349 1863 1443 1894 etiam
1461 1862 1578 1893 utilitas
1591 1861 1670 1892 mul·

203 1927 236 1953 to
250 1922 354 1954 studio
370 1923 467 1964 digna
492 1924 525 1954 in
540 1923 606 1953 vini
630 1922 875 1963 compotatione,
893 1921 919 1952 si
939 1927 1024 1952 recte
1052 1921 1182 1963 regitur,
1198 1920 1284 1951 insit.
1307 1917 1385 1960 quid
1400 1917 1494 1958 igitur
1508 1916 1644 1947 dicimus
1657 1916 1669 1945 ?

202 1976 292 2007 Inest
304 1977 423 2018 utique,
440 1984 476 2008 ut
494 1987 596 2008 sermo
609 1976 785 2018 significare
801 1976 936 2007 videtur.
960 1976 1014 2007 ubi
1032 1981 1135 2007 autem
1152 1980 1185 2006 et
1200 1972 1367 2016 quomodo,
1383 1976 1514 2007 attente,
1530 1970 1673 2010 obsecro,

203 2030 377 2068 audiamus,
393 2041 434 2062 ne
455 2031 494 2062 ab
519 2041 558 2062 eo
582 2029 824 2072 praepediamur.
869 2030 947 2062 Cu.
968 2030 1033 2062 Dic
1061 2030 1168 2071 igitur.
1215 2027 1354 2059 Anum.
1377 2026 1537 2067 Repetere
1560 2024 1669 2065 itaque

203 2085 353 2116 memoria
367 2085 472 2127 cupio,
488 2085 565 2126 quid
579 2094 647 2116 esse
661 2090 778 2116 rectam
794 2084 930 2115 dicimus
956 2084 1168 2126 disciplinam.
1191 2082 1281 2125 hujus
1295 2081 1392 2117 enim,
1407 2085 1443 2111 ut
1455 2080 1488 2110 in
1503 2077 1670 2120 praesentia

201 2139 343 2181 conjicio,
360 2138 458 2181 [653]
482 2139 577 2170 estin
600 2140 658 2170 hoc
675 2139 788 2175 officio,
803 2139 930 2180 quando
952 2143 1038 2169 recte
1061 2138 1238 2169 institutum
1254 2141 1314 2172 est,
1331 2136 1427 2167 salus,
1470 2133 1550 2164 ΟΠ.
1572 2133 1668 2174 Mag-

200 2203 276 2224 num
291 2193 381 2225 dicis.
424 2193 563 2225 Arum«.
585 2194 725 2225 Primum
739 2193 879 2235 profecto
894 2203 1062 2235 puerorum
1078 2202 1204 2224 sensum
1218 2201 1288 2222 esse
1305 2190 1377 2221 dico
1390 2187 1561 2229 voluptatis
1573 2192 1669 2228 atque

202 2247 329 2284 doloris,
345 2254 439 2290 atque
452 2249 521 2280 haec
536 2248 599 2280 duo
614 2259 693 2284 esse,
707 2249 741 2279 in
756 2248 868 2290 quibus
894 2248 1027 2290 primum
1050 2247 1148 2278 virtus
1162 2251 1195 2277 et
1208 2244 1318 2277 vitium
1334 2244 1439 2274 animo
1453 2242 1668 2273 innascuntur.

200 2302 289 2332 sicui
301 2307 403 2334 autem
421 2303 587 2344 prudentia
600 2308 632 2334 et
646 2313 719 2334 vera
736 2302 845 2344 opinio
860 2313 895 2333 ac
917 2301 1037 2333 stabilis
1052 2301 1103 2332 vel
1118 2301 1151 2332 in
1167 2304 1330 2331 senectute
1345 2296 1504 2332 affuerint,
1519 2295 1594 2326 felix
1611 2300 1672 2326 est.

201 2356 359 2398 perfectus
374 2367 464 2398 porro
478 2357 524 2388 vir
547 2363 606 2394 est,
621 2357 675 2398 qui
695 2358 774 2392 haec,
791 2362 825 2388 et
847 2367 918 2399 quae
947 2357 979 2387 in
1006 2356 1053 2387 his
1080 2360 1164 2392 sunt,
1181 2353 1287 2385 omnia
1301 2351 1443 2394 possidet
1457 2350 1552 2381 bona.
1574 2349 1669 2380 disci·

201 2410 322 2452 plinam
335 2411 462 2452 appello
477 2411 637 2447 virtutem,
652 2421 723 2452 quae
747 2411 848 2452 primo
876 2411 982 2452 pueris
998 2410 1136 2445 advenit,
1153 2409 1180 2439 si
1203 2408 1350 2448 voluptas
1371 2411 1403 2436 et
1418 2414 1505 2435 amor
1517 2402 1666 2444 dolorque

202 2470 236 2496 et
250 2464 357 2496 odium
372 2470 458 2496 recte
470 2465 504 2495 in
519 2465 638 2495 animos
662 2465 781 2501 inflant,
797 2470 967 2507 antequam
990 2464 1110 2495 ratione
1136 2467 1330 2496 moveantur,
1347 2464 1390 2496 et,
1416 2458 1537 2490 radone
1551 2456 1667 2488 deinde

201 2524 367 2561 praesente,
384 2519 495 2550 rationi
510 2519 708 2550 consentiant
729 2524 856 2560 propter
871 2519 1060 2560 superiorem
1087 2518 1237 2549 bonorum
1252 2525 1371 2547 morum
1386 2511 1643 2544 consuetudinem
1658 2522 1665 2541 ε

202 2574 271 2606 haec
285 2574 353 2616 ipsa
370 2574 533 2605 consensio
547 2573 692 2604 universa
706 2573 835 2614 quidem
849 2573 947 2604 virtus
962 2577 1020 2604 est„
1043 2572 1141 2614 ipsam
1158 2581 1231 2601 vero
1247 2569 1412 2600 decentem
1428 2566 1511 2598 circa
1521 2565 1667 2607 volupta-

202 2633 249 2659 tes
264 2633 297 2659 et
311 2628 434 2659 dolores
450 2627 694 2663 assuetudinem,
711 2635 768 2669 per
783 2637 877 2668 quam
892 2627 931 2658 ab
951 2627 1052 2662 initio,
1067 2635 1165 2667 usque
1182 2624 1222 2655 ad
1237 2628 1410 2654 extremum
1424 2620 1510 2656 vitae‚
1525 2619 1669 2651 homines

202 2681 326 2714 oderint
340 2693 409 2725 quae
425 2682 528 2714 odisse
549 2687 684 2723 oportet,
700 2686 732 2712 et
755 2686 861 2712 ament
882 2691 952 2723 quae
977 2680 1113 2712 amanda
1140 2684 1220 2715 sunt,
1239 2678 1265 2709 si
1287 2687 1344 2718 per
1359 2687 1391 2707 se
1406 2676 1507 2718 ipsam
1523 2684 1661 2706 seorsum

200 2736 320 2767 ratione
350 2736 578 2768 consideratam
608 2736 806 2777 disciplinam
832 2735 1002 2771 vocaveris,
1031 2739 1127 2771 recte,
1153 2738 1189 2764 ut
1215 2743 1274 2774 ego
1306 2731 1447 2766 arbitror,
1479 2728 1667 2771 appellabis.

201 2789 276 2820 Cn.
299 2789 424 2821 Etenim
448 2801 517 2833 quae
540 2796 644 2826 antea,
669 2790 795 2832 hospes,
820 2795 853 2820 et
889 2800 958 2831 quae
986 2799 1069 2820 nunc
1095 2788 1135 2818 de
1159 2786 1327 2829 disciplina
1353 2784 1539 2823 disseruisti,
1565 2782 1661 2824 probe

201 2843 285 2874 dieta
298 2844 452 2876 videntur.
497 2845 633 2876 Arum«.
655 2845 744 2876 Bene
772 2843 864 2885 igitur
879 2849 936 2875 est.
957 2841 1135 2884 hujusmodi
1160 2852 1232 2872 vero
1250 2840 1447 2882 voluptatum
1463 2845 1555 2879 atque
1572 2836 1661 2866 dolo-

202 2907 269 2929 rum
285 2902 398 2930 rectam
425 2899 652 2938 educationem,
669 2909 738 2942 quae
754 2899 920 2941 disciplina
947 2897 1072 2934 dicitur,
1090 2895 1357 2939 transgrediuntur
1378 2892 1522 2926 homines
1550 2890 1582 2922 in
1598 2890 1662 2920 vita
