1840 3225
170 218 267 268 326]
713 217 975 256 EPISTOLA
1011 218 1100 256 vn.
1553 221 1631 258 479

167 329 290 351 summa
304 327 373 351 erat
386 318 525 351 omnium
540 320 708 352 auctoritas
723 321 904 353 constituta.
928 322 1039 351 horum
1062 320 1209 352 nonnulli
1232 319 1397 352 domestici
1412 326 1445 352 et
1459 320 1526 352 noti
1541 326 1630 352 erant

166 373 264 403 mihi:
291 375 343 415 qui
362 385 410 405 me
437 375 544 405 statim
567 375 782 406 invitaverunt
804 374 845 405 ad
859 375 1090 416 rempublicam
1105 375 1341 415 capessendam.
1366 382 1459 416 atque
1477 386 1536 416 ego
1550 375 1630 404 nihil

167 427 311 458 mirabile
337 439 406 459 sum
432 429 471 459 ob
493 429 693 471 juventutem
716 438 897 470 perpessus.
919 429 1038 469 quippe
1065 429 1278 458 existimabam
1296 430 1368 459 illos
1380 429 1417 459 ab
1433 430 1550 471 injusta
1564 430 1630 459 vita

167 481 327 512 civitatem
358 482 399 513 ad
424 482 532 523 justos
561 493 661 514 mores
690 483 803 513 debere
834 487 1029 513 convertere.
1050 482 1157 522 itaque
1188 482 1358 523 diligenter
1387 483 1420 513 in
1450 483 1528 519 dies,
1553 482 1631 523 quid

167 534 320 572 facerent,
337 537 551 568 observabam.
567 547 673 568 verum
683 536 891 567 animadverti
901 546 956 566 eos
968 535 1058 566 brevi
1074 535 1243 566 admodum
1257 542 1396 577 tempore
1409 537 1452 566 ita
1463 547 1495 566 se
1511 546 1632 576 gerere,

167 593 204 619 ut
230 590 315 630 prior
344 590 399 620 ille
423 590 606 631 reipublicae
630 596 731 621 status
755 591 849 621 fuisse
867 600 982 621 aureus
996 595 1168 631 putaretur.
1190 601 1263 620 nam
1280 596 1313 621 et
1327 591 1391 621 alia
1405 590 1501 620 multa
1514 590 1632 630 injuste

167 642 321 680 fecerunt,
353 649 387 674 et
411 644 547 675 amicum
571 656 675 676 meum
703 645 857 676 seniorem
875 645 1046 681 Socratem,
1063 655 1159 685 quem
1176 655 1235 685 ego
1253 645 1461 686 justissimum
1479 644 1631 679 omnium,

168 696 224 736 qui
248 702 325 729 tunc
347 702 448 734 erant,
474 699 634 739 appellare
658 709 721 730 non
744 709 864 736 vereor,
891 708 954 729 una
977 709 1049 729 cum
1070 698 1140 729 aliis
1155 698 1340 739 quibusdam
1357 698 1397 728 ad
1411 697 1633 728 adducendum

167 750 307 791 aliquem
322 751 437 782 civium
453 752 493 782 ad
510 763 542 783 se
552 753 716 790 miserunt,
728 759 762 784 ut
773 754 882 784 ultimo
897 753 1054 794 supplicio
1066 752 1254 788 afficeretur,
1279 752 1377 794 [325]
1404 753 1631 792 Socratemque

166 805 283 846 ipsum,
308 804 361 838 vel
388 813 502 848 sponte
527 808 580 837 vel
601 807 748 843 invitum,
774 808 863 848 quasi
893 807 1082 849 participem
1107 807 1168 837 sibi
1184 806 1424 848 conjungerent.
1448 807 1502 847 qui
1525 811 1633 836 tamen

168 869 277 900 parere
289 863 402 898 noluit,
419 872 455 892 ac
472 862 576 903 potius
591 867 704 892 cuncta
719 863 785 903 pati
800 862 981 903 gravissima
996 861 1171 898 constituit,
1187 872 1282 902 quam
1297 861 1465 902 impiorum
1477 861 1632 891 scelerum

167 913 233 944 illis
249 915 351 946 socius
364 916 440 947 fore.
464 917 531 947 haec
545 916 642 957 igitur
656 927 725 947 cum
742 917 877 947 viderem
892 922 925 946 et
940 916 1003 946 alia
1018 915 1160 957 quaedam
1178 926 1240 946 non
1252 926 1359 956 parva,
1375 915 1509 956 graviter
1525 915 1583 945 tuli
1601 919 1635 945 et

169 968 209 998 ab
226 969 288 999 illis
304 970 393 1000 malis
411 981 458 1000 me
483 970 602 1011 recepi.
624 980 684 1001 nec
699 971 801 1000 multo
819 975 891 1011 post
902 975 1009 1000 secuta
1023 971 1131 1000 horum
1147 970 1278 1010 triginta
1293 970 1413 999 eversio
1429 974 1487 1005 est,
1503 974 1634 1009 totaque

169 1023 347 1063 respublica
372 1029 503 1054 mutata.
524 1034 631 1054 rursus
655 1024 760 1065 igitur,
787 1034 979 1064 quamquam
1003 1023 1202 1059 moderatius,
1233 1023 1401 1064 cupiebam
1427 1029 1532 1054 tamen
1550 1023 1637 1053 adire

169 1077 407 1117 rempublicam.
431 1077 487 1108 sed
502 1078 675 1118 agebantur
688 1083 764 1108 tunc
780 1077 890 1112 etiarn,
907 1082 1017 1117 utpote
1032 1077 1160 1107 turbata
1173 1077 1348 1117 republica,
1363 1088 1432 1118 quae
1443 1077 1636 1118 improbares

170 1131 336 1170 permulta.
359 1141 419 1161 nec
445 1141 519 1162 sane
545 1132 655 1162 mirum
678 1130 783 1167 fuerit,
809 1130 844 1161 in
871 1130 1052 1172 hujusmodi
1078 1131 1307 1161 mutationibus
1322 1131 1467 1162 inimicos
1481 1132 1635 1172 quosdam

170 1193 280 1223 poenas
305 1184 380 1215 dare
400 1186 582 1226 graviores:
619 1195 812 1227 quamquam
842 1185 898 1226 qui
923 1185 1092 1221 redierant,
1121 1195 1237 1226 magna
1262 1191 1425 1216 uterentur
1454 1185 1638 1217 elementia.

168 1236 283 1269 itemm
310 1244 392 1270 sorte
418 1240 555 1281 quadam
585 1240 711 1276 accidit,
738 1245 774 1270 ut
796 1240 957 1270 Socratem
983 1240 1078 1275 hunc,
1104 1239 1242 1270 amicum
1267 1245 1418 1276 nostrum,
1443 1244 1589 1280 potentes
1603 1239 1639 1269 in

168 1292 334 1333 republica
345 1294 475 1334 quidam
492 1300 690 1330 accusarent,
707 1294 839 1335 impium
854 1294 973 1324 crimen
988 1293 1175 1334 objicientes
1196 1303 1233 1324 ac
1257 1293 1388 1324 minime
1416 1294 1554 1324 omnium
1576 1293 1641 1334 ipsi

171 1347 376 1378 conveniens.
400 1348 487 1388 quasi
504 1348 588 1378 enim
603 1358 668 1378 non
684 1352 767 1378 recte
784 1348 824 1377 de
841 1347 914 1377 Diis
928 1347 1070 1383 sentiret,
1088 1347 1143 1377 alii
1157 1347 1285 1388 quidem
1310 1348 1345 1377 in
1363 1347 1520 1388 judicium
1536 1352 1639 1378 traxe-

169 1405 253 1435 runt,
281 1401 337 1431 alii
358 1402 550 1432 sententiam
575 1401 607 1432 in
638 1411 712 1431 eum
741 1401 901 1438 dixerunt,
930 1400 1295 1442 condemnarer-umque,
1322 1406 1354 1431 et
1376 1411 1448 1431 eum
1477 1401 1639 1431 hominem

170 1463 340 1494 necavere,
369 1455 425 1497 qui
448 1455 600 1495 superlori
625 1460 779 1496 tempore,
807 1464 870 1495 quo
896 1454 977 1484 nihil
1003 1454 1101 1495 impie
1125 1454 1253 1491 faceret,
1281 1465 1379 1485 unum
1403 1465 1444 1485 ex
1469 1455 1548 1495 ipsis
1562 1460 1639 1486 tunc

171 1509 374 1539 exsulantem
399 1508 514 1539 ducere
540 1514 634 1550 atque
660 1509 707 1539 rei
730 1508 837 1550 impiae
860 1510 950 1538 nullo
975 1508 1069 1539 modo
1083 1509 1242 1550 particeps
1257 1509 1325 1539 fieri
1342 1509 1544 1539 sustinuerat.
1567 1519 1639 1539 cum

170 1562 239 1593 haec
260 1562 357 1603 igitur
377 1562 672 1600 animadverterem,
695 1568 728 1593 et
742 1562 898 1598 homines,
914 1562 968 1603 qui
980 1562 1014 1592 in
1029 1562 1213 1604 reipublicae
1229 1562 1456 1603 gubernatione
1473 1562 1639 1593 versaban-

171 1621 232 1652 tur,
263 1616 414 1658 legesque
444 1622 478 1647 et
504 1628 605 1648 mores
620 1629 627 1647 :
666 1621 786 1658 quanto
814 1617 917 1657 magis
947 1617 1177 1648 considerarem
1207 1621 1386 1658 quantoque
1415 1617 1517 1658 magis
1548 1622 1643 1647 aetate

173 1671 391 1712 progrederer,
420 1676 510 1702 tanto
533 1672 691 1703 difficilius
717 1671 890 1702 arbitrabar
905 1680 973 1702 esse
989 1676 1072 1702 recte
1087 1671 1313 1712 rempublicam
1330 1671 1513 1712 gubernare.
1535 1681 1640 1712 neque

173 1724 258 1755 enim
275 1725 334 1756 hoc
350 1725 416 1756 fieri
433 1731 538 1767 potest
553 1726 671 1768 absque
684 1726 794 1757 amicis
806 1725 964 1766 sociisque
977 1725 1124 1756 fidelibus
1139 1737 1145 1755 ε
1171 1735 1251 1766 quos
1265 1735 1325 1755 nec
1341 1725 1477 1766 reperire
1496 1724 1565 1766 jam
1587 1735 1640 1755 ex-

172 1778 320 1809 sistentes
344 1779 438 1810 faeile
463 1785 548 1811 erat:
571 1790 636 1811 non
662 1781 745 1811 enim
772 1780 908 1821 amplius
934 1780 968 1810 in
996 1780 1105 1820 patriis
1128 1779 1268 1809 moribus
1294 1779 1507 1819 institutisque
1532 1779 1642 1810 civitas

172 1837 279 1863 nostra
294 1833 549 1874 gubernabatur:
575 1840 608 1865 et
623 1844 733 1875 parare
745 1844 843 1865 novos
866 1834 1060 1875 impossibile
1077 1838 1145 1864 erat
1159 1833 1226 1863 sine
1244 1843 1365 1863 summa
1379 1833 1563 1864 difficultate
1577 1845 1585 1872 3
1609 1839 1643 1863 at

171 1886 265 1917 simul
286 1888 373 1929 leges
399 1898 561 1930 moresque
581 1889 711 1929 penitus
736 1889 875 1930 corrupti
891 1894 992 1919 erant.
1014 1888 1120 1928 itaque
1137 1897 1196 1928 ego
1211 1887 1276 1922 ille,
1293 1887 1346 1928 qui
1362 1887 1446 1927 prius
1467 1897 1640 1917 exarserarn

172 1940 354 1972 incredibili
376 1943 549 1984 cupiditate
576 1953 625 1973 me
651 1942 691 1973 ad
714 1943 942 1984 rempublicam
966 1941 1164 1981 conferendi,
1178 1941 1306 1972 intuens
1321 1946 1437 1971 cuncta
1451 1941 1482 1970 in
1498 1951 1642 1982 praeceps

173 1994 298 2031 deferri,
320 1997 460 2032 tandem,
477 2007 539 2037 quo
553 2008 604 2027 me
618 2002 782 2032 verterem,
799 1996 989 2028 nesciebam.
1014 2001 1047 2026 et
1063 1996 1102 2026 ab
1118 1995 1361 2036 investigatione
1378 1995 1508 2036 quidem
1523 2005 1641 2035 nequa-

174 2058 267 2089 quam
284 2048 438 2081 desistere
450 2051 581 2091 placuit,
597 2051 623 2081 si
639 2050 716 2091 quid
733 2050 810 2081 forte
825 2051 937 2081 melius
953 2050 1093 2080 eveniret
1108 2054 1141 2080 et
1155 2049 1239 2080 circa
1253 2050 1321 2079 haec
1334 2048 1404 2090 ipsa
1420 2053 1451 2079 et
1462 2049 1641 2079 universam

173 2103 396 2143 rempublicam
413 2115 419 2133 :
447 2103 544 2146 [326]
571 2104 687 2145 agendi
698 2115 772 2135 vero
790 2104 1057 2146 opportunitatem
1069 2103 1210 2145 aliquam
1222 2108 1414 2144 exspectare.
1425 2102 1555 2133 tandem
1566 2113 1642 2134 vero

173 2163 370 2198 compertum
384 2163 435 2188 est
448 2158 537 2194 mihi,
553 2159 746 2200 respublicas
762 2169 882 2196 omnes,
899 2169 969 2199 quae
984 2168 1068 2188 nunc
1085 2163 1168 2193 sunt,
1195 2157 1340 2198 improbe
1367 2157 1543 2198 gubernari.
1566 2167 1640 2187 narn

173 2216 328 2252 quantum
354 2212 392 2241 ad
418 2212 506 2253 leges
527 2213 650 2249 attinet,
678 2213 896 2243 insanabiliter
917 2213 1015 2242 ferme
1032 2222 1065 2242 se
1084 2212 1211 2257 habent,
1229 2211 1316 2241 nullo
1333 2211 1479 2241 instituto
1494 2211 1642 2248 mirabili,

174 2264 231 2294 sed
256 2265 381 2296 fortuna
406 2266 543 2307 quadarn
572 2267 727 2299 viventes.
751 2271 943 2308 quapropter
974 2266 1080 2297 dicere
1105 2264 1260 2296 adductus
1276 2275 1358 2300 sum,
1374 2264 1509 2295 laudans
1523 2270 1642 2295 rectam

173 2318 417 2359 philosophiam,
433 2320 510 2360 quid
522 2320 645 2361 justum
660 2321 702 2352 sit
717 2326 750 2351 et
761 2321 837 2362 quid
854 2331 930 2356 non,
945 2325 1012 2350 tam
1027 2319 1061 2350 in
1073 2319 1236 2361 republica
1251 2328 1345 2360 quam
1359 2319 1493 2359 privata,
1505 2329 1559 2359 per
1570 2329 1643 2350 eam

175 2372 338 2403 dumtaxat
367 2372 516 2405 discerni.
538 2375 646 2415 itaque
669 2386 731 2406 non
758 2375 845 2416 prius
869 2374 1014 2405 desinere
1040 2374 1215 2404 humanum
1237 2383 1338 2414 genus
1361 2372 1393 2402 in
1408 2373 1499 2403 malis
1515 2373 1644 2409 versari,

175 2435 271 2466 quam
287 2431 342 2456 aut
368 2427 513 2458 homines
532 2434 617 2459 recte
633 2439 771 2470 vereque
786 2429 1050 2470 philosophantes
1065 2427 1364 2468 rerumpublicarum
1381 2427 1643 2467 gubernationem

176 2477 284 2520 adepti
299 2479 418 2511 fuerint
434 2491 442 2510 ε
467 2487 521 2512 aut
544 2482 588 2518 hi,
613 2483 668 2523 qui
693 2483 882 2524 gubernant,
899 2482 1006 2512 divina
1031 2481 1167 2522 quadam
1181 2486 1263 2512 sorte
1280 2490 1353 2511 vere
1370 2480 1645 2521 philosophentur.

175 2533 235 2563 hac
247 2543 306 2574 ego
325 2540 434 2565 mente
450 2535 579 2566 Italiam
594 2536 797 2577 Siciliamque
811 2536 906 2567 adivi.
930 2536 996 2566 haec
1012 2535 1072 2566 fuit
1088 2535 1188 2576 prima
1201 2534 1235 2564 in
1252 2544 1291 2565 ea
1305 2535 1376 2565 loca
1390 2534 1544 2575 profectio
1559 2543 1643 2565 mea.

175 2597 236 2628 ego
250 2597 323 2618 cum
338 2590 566 2629 pervenissem,
581 2590 680 2621 vitam
693 2590 792 2626 illam,
806 2599 901 2632 quam
926 2590 1053 2620 beatam
1076 2594 1202 2626 vocant,
1226 2589 1407 2620 Italicarum
1431 2589 1643 2630 Syracusana-

173 2651 308 2682 rumque
334 2652 514 2674 mensarum
539 2644 676 2685 plenam,
693 2645 782 2675 nullo
796 2644 892 2675 modo
905 2644 1046 2685 probavi,
1061 2643 1110 2674 bis
1124 2642 1275 2673 videlicet
1288 2644 1322 2672 in
1338 2642 1390 2672 die
1407 2646 1548 2672 saturum
1563 2642 1645 2682 fieri,

175 2699 210 2725 et
234 2702 327 2727 nocte
352 2707 516 2739 nunqnam
537 2697 646 2739 jacere
669 2699 782 2736 solum,
809 2703 950 2730 etcetera
972 2708 1042 2739 quae
1066 2698 1166 2728 vitam
1194 2695 1376 2737 hujusmodi
1400 2695 1648 2737 subsequuntur·

176 2758 272 2780 nemo
294 2751 379 2781 enirn
405 2752 556 2788 omnium,
578 2752 632 2793 qui
658 2753 716 2783 sub
741 2753 821 2783 coelo
842 2758 926 2788 sunt,
943 2752 968 2783 si
983 2752 1017 2782 in
1031 2751 1211 2794 hujusmodi
1225 2751 1362 2781 moribus
1377 2749 1416 2780 ab
1429 2749 1645 2780 adolescentia

177 2803 346 2841 nutriatur,
362 2806 506 2846 quamvis
520 2812 634 2838 natura
647 2807 784 2837 mirabili
799 2807 852 2843 sit,
867 2816 1008 2847 unquam
1022 2811 1130 2837 tamen
1145 2805 1285 2846 prudens
1300 2803 1426 2835 evadet.
1447 2808 1644 2843 temperatus

177 2866 247 2887 esse
277 2863 363 2889 certe
390 2870 552 2901 nunquam
578 2861 720 2892 curabit:
745 2858 921 2902 eademque
946 2860 1005 2890 erit
1028 2858 1068 2890 de
1096 2859 1209 2890 ceteris
1231 2858 1398 2889 virtutibus
1421 2857 1509 2887 ratio.
1533 2854 1644 2886 civitas

177 2915 281 2942 autem
305 2913 395 2945 nulla
417 2914 523 2955 legum
551 2915 687 2947 ullarum
716 2915 861 2957 potentia
886 2914 1051 2957 quiescere
1076 2914 1203 2955 poterit,
1231 2913 1257 2944 si
1281 2917 1393 2944 cuncta
1420 2911 1454 2942 in
1471 2910 1644 2951 superfluos
