1840 3225
468 581 570 631 DE
616 579 1041 631 REPUBLICA
1089 579 1226 628 LIB.
1275 580 1313 629 Ι.

262 772 504 811 SOCRATES,
534 771 730 809 GLAUCO,
761 769 1115 808 POLEMARCHUS,
1139 770 1523 810 THRASYMACHUS,

615 857 902 895 ADIMANTUS,
925 856 1173 889 CEPHALUS.

162 1012 260 1056 [327]
278 1013 545 1046 DESCENDERAM
561 1012 628 1043 heri
642 1012 675 1043 in
690 1012 824 1043 Piraeum
839 1023 900 1043 una
916 1023 986 1044 cum
1000 1013 1165 1045 Glaucone
1180 1013 1336 1046 Aristonis
1353 1015 1427 1053 filio,
1444 1022 1478 1047 ut
1492 1023 1524 1049 et
1535 1019 1626 1051 deam

161 1077 302 1108 precarer
316 1073 348 1099 et
363 1067 571 1098 celebritatem
588 1071 772 1108 spectarem,
789 1077 925 1108 quonam
949 1069 1042 1098 modo
1058 1068 1156 1098 acturi
1180 1074 1294 1106 essent,
1311 1080 1380 1110 quae
1404 1075 1478 1102 tunc
1493 1073 1627 1113 primum

161 1123 309 1163 agebant.
354 1122 488 1153 Pulchra
504 1121 597 1162 igitur
620 1121 697 1151 mihi
721 1121 820 1162 patria
847 1132 963 1162 pompa
986 1122 1051 1153 visa
1074 1127 1145 1153 est:
1171 1123 1224 1153 sed
1249 1123 1463 1162 nihilominus,
1479 1131 1513 1156 ut
1540 1128 1628 1159 vide-

163 1178 264 1212 batur,
280 1178 395 1208 (lecens
410 1176 470 1206 fuit
484 1186 533 1216 ea,
549 1185 641 1217 quam
665 1175 800 1206 Thraces
823 1175 998 1206 mittebant.
1042 1176 1123 1208 Cum
1146 1187 1217 1207 vero
1232 1182 1265 1208 et
1288 1188 1393 1218 preces
1408 1179 1577 1219 egissemus
1599 1187 1632 1212 et

159 1230 341 1272 spectaculo
357 1229 614 1265 interfuissemus,
628 1228 662 1258 in
689 1228 792 1258 urbem
817 1229 1075 1269 regrediebamur.
1120 1229 1294 1271 Aspexerat
1316 1237 1418 1262 autem
1442 1234 1548 1274 procul
1573 1246 1629 1266 nos

160 1285 327 1315 redeuntes
348 1284 474 1313 domum
498 1282 719 1312 Polemarchus
743 1281 878 1322 Cephali
900 1281 992 1320 filluS,
1008 1283 1225 1326 servulumque
1248 1291 1420 1317 currentem
1444 1298 1501 1318 nos
1523 1289 1630 1321 sistere

155 1337 262 1379 jussit.
279 1348 298 1368 a
313 1342 397 1378 tergo
411 1336 506 1377 igitur
521 1340 606 1367 veste
622 1346 670 1366 me
692 1336 932 1376 apprehendens
949 1347 1066 1378 servus,
1082 1337 1179 1369 Jubet
1196 1349 1262 1379 vos,
1277 1338 1391 1380 inquit,
1409 1341 1630 1374 Polemarchus

159 1401 296 1424 manere.
340 1391 472 1433 Egoque
488 1391 527 1421 ad
551 1401 621 1420 eum
642 1400 820 1426 conversus,
836 1390 962 1420 ubinam
986 1390 1054 1432 ipse
1076 1397 1167 1427 esset,
1181 1391 1381 1434 interrogavi.
1426 1394 1470 1425 At
1493 1401 1523 1427 te
1548 1407 1629 1438 pone

158 1445 308 1486 sequitur,
323 1445 436 1486 inquit.
461 1454 566 1475 verum
588 1448 778 1483 exspectate.
823 1443 1094 1484 Exspectabimus,
1109 1445 1271 1486 respondit
1292 1446 1427 1479 Glauco.
1470 1448 1519 1481 Ac
1534 1451 1630 1491 paulo

158 1504 232 1540 post
267 1499 490 1530 Poleinarchus
524 1497 621 1538 venit,
655 1507 780 1538 unaque
818 1496 1008 1528 Adimantus
1046 1497 1219 1529 Glauconis
1255 1499 1357 1538 frater,
1396 1507 1429 1532 et
1462 1502 1627 1536 Niceratus

161 1552 265 1584 Niciae
287 1553 380 1590 filius,
404 1558 436 1583 et
465 1552 520 1583 alii
548 1551 734 1592 complures,
765 1551 818 1592 qui
848 1561 866 1581 a
895 1562 1011 1593 pompa
1039 1552 1144 1583 venire
1173 1553 1369 1585 videbantur.
1412 1556 1513 1597 Igitur
1535 1558 1630 1589 Polc-

159 1607 314 1648 mmchus,
340 1605 513 1646 videmini,
551 1605 665 1647 inquit,
704 1615 722 1635 ο
761 1605 915 1643 Socrates,
946 1611 1096 1648 tanquam
1131 1608 1276 1639 recedere
1312 1609 1426 1650 velitis,
1453 1612 1493 1641 ad
1523 1612 1630 1643 urbem

158 1660 319 1692 accedere.
365 1659 440 1690 Non
456 1660 547 1696 male,
561 1659 700 1700 inquam,
716 1658 888 1700 conjectaS.
934 1659 1087 1701 Videsne,
1100 1661 1215 1702 inquit,
1230 1667 1308 1704 quot
1323 1673 1427 1695 sumus
1442 1665 1453 1695 ?
1485 1666 1605 1703 Quidni
1619 1669 1630 1698 ?

161 1712 230 1743 Aut
244 1724 316 1754 ergo
332 1713 379 1744 his
393 1713 535 1744 fortiores
551 1724 618 1744 esse
633 1724 688 1744 vos
705 1718 842 1755 oportet,
857 1719 911 1744 aut
927 1724 1061 1746 manere.
1105 1715 1211 1746 Unum
1224 1717 1284 1748 hoc
1299 1717 1472 1756 subticetis‚
1488 1720 1629 1761 inquam,

159 1777 215 1797 vos
230 1766 379 1798 videlicet
401 1767 603 1808 permissuros
625 1767 711 1798 abire
733 1778 803 1808 nos,
819 1768 845 1797 si
870 1769 1111 1809 persuaserimus
1126 1770 1329 1801 dimittendos
1353 1783 1431 1804 esse.
1476 1773 1630 1815 Nunquid

159 1821 303 1861 possetis,
319 1821 373 1858 ait,
397 1822 581 1862 persuadere
598 1832 662 1852 non
684 1821 908 1853 audientibus?
954 1822 1175 1864 Nequaquam,
1194 1825 1357 1865 respondit
1376 1825 1508 1857 Glauco.
1555 1827 1631 1858 Per-

158 1874 234 1905 inde
262 1875 369 1916 itaque
392 1879 539 1916 tanquam
565 1875 700 1905 audituri
725 1885 789 1906 non
815 1875 922 1912 simus,
950 1876 1063 1916 inquit,
1089 1877 1271 1908 deliberate.
1314 1879 1403 1910 Tunc
1432 1879 1631 1915 Adimantus,

158 1927 297 1959 Nescitis
313 1927 411 1970 [328]
429 1928 549 1969 vesperi
571 1928 692 1960 facibus
714 1939 867 1969 cursuque
891 1939 1040 1970 equorum
1063 1930 1131 1960 deae
1146 1930 1210 1960 sore
1226 1931 1425 1962 ludendum?
1471 1933 1630 1974 Equorum

158 1982 278 2012 cursu?
309 1981 447 2022 iuquam.
472 1991 587 2011 novum
615 1982 674 2011 hoc
701 1986 797 2012 certe.
821 1981 946 2013 facesne
973 1988 1130 2022 gestantes
1156 1984 1289 2014 vicissim
1320 1985 1388 2016 illas
1415 1986 1472 2017 sibi
1494 1987 1630 2019 invicem

156 2035 292 2074 tradent,
309 2034 459 2075 equisque
475 2035 662 2065 certabunt?
693 2045 732 2064 an
748 2034 793 2064 ita
809 2034 911 2065 dicis?
958 2035 1008 2065 Ita
1024 2046 1155 2076 prorsus.
1178 2047 1273 2078 quare
1289 2044 1354 2075 aut,
1369 2039 1502 2077 addidit,
1519 2046 1630 2082 poten-

156 2087 250 2118 tiores
272 2087 340 2119 sitis
363 2097 489 2118 necesse
514 2092 571 2123 est,
596 2092 650 2117 aut
675 2087 726 2118 hic
749 2088 912 2119 maneatis.
960 2088 1020 2119 His
1048 2089 1269 2121 Polemarchus
1294 2091 1442 2123 tradidit:
1468 2093 1633 2126 Nocturna

158 2146 309 2182 praeterea
323 2151 408 2172 sacra
425 2145 574 2181 peragent
597 2140 693 2181 digna
710 2146 793 2171 certe
817 2146 1002 2182 conspectu.
1024 2152 1183 2184 surgemus
1200 2144 1282 2175 enim
1299 2151 1369 2186 post
1384 2157 1516 2184 coenam,
1532 2159 1632 2190 eaque

157 2205 244 2226 sacra
259 2193 480 2235 spectabimus,
496 2192 714 2235 aderimusque
730 2194 794 2225 illic
812 2194 892 2225 inter
909 2195 1021 2226 multos
1036 2196 1213 2238 familiares,
1228 2203 1259 2229 et
1276 2200 1557 2235 confabulabimur.
1577 2203 1631 2233 sed

158 2252 294 2284 manete,
309 2257 388 2278 neve
404 2247 493 2278 aliter
508 2246 614 2279 facite.
639 2247 746 2289 Atque
763 2248 901 2286 Glauco,
917 2249 1062 2286 Videtur,
1079 2250 1192 2292 inquit,
1210 2255 1398 2284 manendum
1414 2265 1491 2286 esse.
1515 2256 1631 2287 Verum

158 2301 185 2332 si
202 2301 336 2343 videtur,
352 2301 493 2342 inquam,
510 2300 553 2331 sic
582 2301 684 2332 facere
700 2306 835 2343 oportet.
879 2301 1018 2334 Profecti
1034 2303 1126 2344 igitur
1151 2315 1256 2335 sumus
1281 2306 1407 2338 domum
1425 2308 1633 2351 Polemarchi,

158 2354 266 2396 ibique
289 2355 455 2396 reperimus
478 2359 510 2384 et
535 2353 771 2395 Euthydemum
795 2361 827 2386 et
853 2355 980 2398 Lysiam
1005 2357 1202 2388 Polemarchi
1225 2359 1344 2397 fratres,
1366 2361 1633 2403 Thrasymachum

159 2406 418 2444 chalcedonium,
436 2407 668 2439 Charinetidem
686 2409 880 2450 Paeanieum‚
895 2415 927 2441 et
950 2410 1188 2451 Clitopbontem
1215 2412 1412 2454 Aristonymi
1436 2414 1545 2446 filium.
1570 2422 1635 2446 erat

158 2465 190 2490 et
206 2460 290 2490 intus
308 2465 395 2502 pater
421 2461 616 2493 Polemarchi
647 2462 819 2503 Cephalus,
836 2463 927 2494 valde
952 2464 1079 2506 quidem
1097 2476 1202 2502 senex,
1219 2471 1254 2496 ut
1270 2467 1342 2498 mihi
1369 2468 1532 2499 videbatur
1547 2480 1554 2498 :
1580 2469 1633 2500 diu

158 2523 295 2555 namque
310 2524 380 2544 eum
397 2525 460 2545 non
484 2515 631 2546 videram.
655 2516 783 2547 sedebat
807 2522 911 2548 autem
940 2523 1106 2549 coronatus
1132 2519 1163 2549 in
1188 2521 1324 2561 quodam
1343 2521 1485 2553 cervicali
1500 2524 1631 2555 etsedc.

160 2567 194 2598 in
221 2567 292 2598 aula
315 2567 398 2599 enim
424 2568 658 2600 sacrificaverat.
705 2570 914 2602 Consedimus
939 2572 1033 2613 igitur
1053 2572 1145 2613 juxta
1170 2584 1253 2610 eum,
1278 2574 1432 2616 plerisque
1459 2577 1586 2608 sedibus
1601 2577 1631 2608 in

161 2621 266 2651 orbem
284 2621 456 2663 dispositis.
479 2632 571 2663 quam
598 2623 730 2664 primum
755 2623 859 2665 itaque
885 2636 932 2656 me
959 2626 1189 2667 contemplatus
1214 2626 1372 2668 Cephalus
1402 2628 1560 2671 salutavit,
1584 2631 1632 2661 di-

163 2674 290 2716 xitque:
316 2675 346 2706 O
372 2675 526 2712 Socrates,
553 2686 618 2706 raro
646 2677 814 2708 admodum
838 2679 877 2709 ad
895 2689 951 2710 nos
968 2679 1092 2710 accedis
1107 2680 1139 2710 in
1157 2679 1289 2711 Piraeum
1312 2682 1515 2714 descendens.
1540 2695 1632 2726 opor-

160 2731 240 2759 teret
263 2734 379 2760 autem.
403 2740 474 2760 nam
491 2730 516 2760 si
532 2740 591 2771 ego
607 2730 639 2760 in
654 2731 761 2762 robore
777 2742 815 2763 eo
832 2733 934 2764 adhuc
957 2744 1066 2769 essem,
1084 2739 1117 2763 ut
1132 2734 1165 2764 in
1183 2735 1286 2766 urbem
1303 2736 1407 2767 venire
1425 2748 1559 2780 possem,
1576 2739 1631 2771 mi.

161 2782 244 2813 nime
260 2794 339 2824 opus
365 2790 457 2825 esset,
475 2790 509 2815 ut
535 2792 567 2815 tu
584 2785 643 2816 liuc
661 2786 698 2816 ad
718 2797 787 2828 nOS,
803 2788 857 2818 scd
874 2798 929 2818 nos
946 2789 984 2818 ad
1011 2796 1039 2818 te
1057 2789 1264 2819 tcndcrcmus.
1281 2800 1363 2820 nune
1386 2798 1488 2822 aulem
1514 2796 1543 2822 te
1571 2793 1631 2822 huc

158 2837 263 2867 crebro
274 2839 440 2869 adventare
453 2839 556 2869 decet.
568 2839 844 2881 prosect0,quanto
858 2843 954 2883 magis
970 2853 1016 2872 mc
1029 2843 1164 2883 corporis
1178 2843 1354 2884 voluptates
1367 2845 1529 2886 deficiunt,
1543 2850 1627 2875 tanto

164 2889 322 2931 cupiditas
348 2892 573 2925 confabulandi
590 2899 620 2925 et
636 2894 791 2936 voluptas,
818 2905 911 2937 quarn
927 2907 964 2928 ex
981 2907 1015 2927 ea
1033 2906 1064 2927 rc
1088 2896 1189 2937 capio,
1205 2903 1346 2938 nugatur.
1371 2899 1430 2929 hoc
1454 2898 1545 2938 igitur
1560 2908 1629 2938 age,
