1840 3225
185 193 265 231 512
634 192 902 233 PLATONIS
952 194 1194 236 DIALOGL
1541 200 1640 252 [379

186 295 395 326 humanorum
408 302 545 331 naturaS,
562 305 633 336 quae
648 296 835 334 commodae,
850 301 882 328 et
896 308 964 339 quae
984 309 1086 336 secuS,
1117 299 1156 330 ad
1179 299 1321 341 singulos
1345 299 1486 332 labores:
1510 306 1543 332 et
1567 311 1640 343 quae

186 353 252 380 tum
268 348 423 380 seniorum
437 354 506 380 tum
520 349 678 391 juniorum
693 360 829 392 corpora
850 352 891 382 ad
916 353 1182 385 existimationem
1205 354 1341 396 aliquam
1371 355 1544 386 deventura
1557 360 1643 393 sunt,

185 407 220 433 et
233 402 267 433 in
283 403 396 444 quibus
407 413 518 445 magna
533 414 606 444 spes
621 408 669 434 est
682 403 749 435 fore
763 409 798 435 ut
813 406 911 447 probe
922 407 1088 448 perficiant
1099 418 1196 449 opera
1210 418 1279 449 quae
1293 408 1334 439 ad
1349 419 1464 450 corpus
1485 413 1644 451 spectant.

186 456 246 487 Est
259 458 316 488 ita.
359 457 473 488 Utrum
486 457 583 498 igitur
597 458 694 499 magis
711 460 882 500 expetendi
897 466 972 491 sunt
986 461 1166 493 civitatibus
1179 463 1252 503 equi
1267 467 1301 493 et
1315 472 1409 494 canes
1418 463 1506 499 boni,
1523 468 1556 494 et
1578 462 1642 494 alia

185 512 376 553 hujusmodi,
386 522 427 542 an
436 512 495 543 viri
504 512 597 543 boni?
613 511 685 543 Viri
695 512 781 545 boni.
799 513 896 555 [379]
909 515 995 552 Quid
1004 516 1100 557 igitur
1114 516 1124 546 ?
1141 521 1248 557 putas,
1260 517 1286 547 si
1300 517 1459 548 hominum
1471 516 1641 548 naturaead

184 565 332 596 virtutem
347 566 436 597 bonae
451 570 567 602 essent,
581 576 645 597 non
659 566 763 598 omnia
778 568 923 600 homines
939 570 1102 601 molituros
1116 570 1213 601 fuisse
1223 576 1259 601 ut
1276 571 1362 611 ipsas
1385 575 1615 612 cognoscerent
1628 571 1640 601 ?

185 619 366 651 Verisimile
382 625 440 651 est.
483 620 619 651 Potesne
633 620 729 662 igitur
742 621 881 663 aliquam
895 629 996 655 artem
1008 624 1124 661 dicere,
1135 635 1205 667 quae
1218 625 1258 655 sit
1272 625 1306 656 in
1329 624 1482 655 bonorum
1502 624 1641 655 virorum

183 673 306 704 naturis
327 674 458 705 illustris
471 674 697 717 demonstrata,
712 681 749 707 ut
763 675 849 718 ipsas
860 677 1006 719 judicare
1030 679 1150 720 possit?
1195 678 1228 709 N
1231 689 1272 709 on
1287 688 1426 720 possum.
1469 677 1512 708 Et
1533 682 1642 709 tamen

183 727 310 768 plurimi
325 727 511 759 aestimanda
526 734 612 760 esset
625 729 704 771 ipsa,
720 734 753 761 et
766 731 822 772 qui
836 731 939 773 ipsam
954 733 1117 764 haberent.
1159 732 1204 763 Hi
1219 732 1303 764 enim
1319 732 1525 763 ostenderent
1546 731 1641 763 nobis

136 775 139 779 ’
179 780 316 822 juvenes
336 783 390 823 qui
417 783 494 814 boni
514 783 609 814 futuri
634 789 752 821 essent,
782 784 855 816 dum
885 786 988 818 adhuc
1013 787 1106 828 pueri
1127 792 1254 818 essent:
1279 796 1358 828 quos
1382 790 1559 828 assumptos
1581 796 1641 817 nos

183 835 412 867 custodiremus
426 837 467 867 vin
481 846 553 868 arce
569 837 707 879 publice,
719 838 995 880 velut’argentum,
1012 846 1045 871 et
1058 841 1159 881 magis
1172 840 1268 871 etiam
1283 840 1458 880 aliquanto,
1474 845 1510 871 ut
1519 840 1640 882 nequid

182 888 262 918 mali
288 888 365 929 ipsis
389 890 557 930 accideret,
588 904 693 934 neque
719 893 751 924 in
773 899 893 934 pugna,
914 903 1017 933 neque
1043 893 1078 924 in
1093 894 1154 924 alio
1169 894 1237 924 ullo
1249 894 1414 935 periculo:
1439 893 1495 924 sed
1509 893 1641 935 repositi

183 946 292 971 essent
313 943 433 974 civitati
459 951 633 978 servatores
663 952 697 978 et
724 947 953 982 benefactores,
990 951 1160 987 postquam
1189 945 1230 977 ad
1262 951 1390 977 aetatem
1411 947 1644 988 pervenissent.

184 994 290 1030 Quare
314 997 466 1038 sequitur,
488 1009 593 1040 neque
619 1006 742 1037 natura,
757 1010 862 1041 neque
878 999 1057 1041 disciplina,
1071 1000 1221 1030 virtutem
1235 1000 1414 1031 hominibus
1443 1000 1638 1042 contingere.

185 1048 352 1084 Quomodo
371 1050 467 1092 igitur
480 1053 551 1090 tibi,
571 1064 591 1084 o
606 1055 761 1090 Socrates,
778 1054 845 1084 fieri
859 1053 1019 1089 videntur,
1034 1053 1062 1083 si
1084 1063 1190 1093 neque
1216 1057 1327 1084 natura
1350 1063 1455 1095 neque
1471 1053 1642 1096 disciplina

181 1101 285 1132 fiunt?
309 1114 447 1144 quonam
461 1106 522 1137 alio
541 1108 636 1138 modo
651 1108 726 1138 boni
744 1107 813 1139 fieri
836 1107 1002 1148 poterunt?
1047 1105 1190 1137 Arbitror
1216 1106 1367 1148 equidem
1380 1117 1446 1138 non
1467 1107 1560 1139 facile
1571 1109 1640 1146 ¹,boc

180 1154 288 1196 ipsum
311 1157 464 1190 declarari
492 1171 602 1201 posse:
627 1161 773 1202 conjecto
801 1170 877 1191 sane
907 1160 1045 1191 divinam
1073 1160 1233 1201 quandam
1247 1161 1384 1191 maxime
1407 1171 1476 1192 rem
1498 1171 1583 1199 esse,
1605 1167 1642 1193 et

182 1209 252 1240 fieri
276 1211 386 1249 bonos,
409 1215 675 1255 quemadmodum
703 1215 804 1245 divini
817 1220 908 1246 vates
937 1214 1027 1251 fiunt,
1041 1219 1074 1245 et
1103 1213 1157 1255 qui
1182 1215 1311 1245 oracula
1334 1214 1446 1247 edunt.
1489 1215 1534 1246 Hi
1554 1216 1638 1247 enim

181 1271 287 1305 neque
301 1272 414 1297 natura
426 1268 506 1299 tales
521 1268 612 1306 fiunt,
627 1279 731 1310 neque
747 1273 814 1299 arte
832 1280 839 1298 :
864 1268 921 1300 sed
935 1279 975 1299 ex
1003 1269 1132 1299 deorum
1158 1268 1362 1310 inspiratione
1388 1269 1482 1311 fiunt,
1502 1274 1536 1301 et
1558 1271 1641 1301 tales

181 1324 268 1351 sunt.
313 1320 365 1351 Sic
387 1331 461 1353 vero
483 1323 580 1353 etiam
599 1323 675 1354 boni
689 1323 749 1354 viri
760 1323 939 1354 civitatibus
968 1322 1102 1354 subinde
1125 1328 1277 1354 eventura
1297 1328 1330 1353 et
1350 1332 1420 1364 quae
1441 1323 1547 1355 futura
1567 1332 1642 1355 sunt

181 1371 303 1409 dicunt,
321 1384 360 1405 ex
376 1375 429 1406 dei
443 1376 647 1418 inspiratione
669 1377 768 1408 multo
791 1377 892 1419 magis
921 1382 955 1408 et
982 1377 1161 1409 evidentius
1183 1387 1278 1418 quam
1299 1377 1360 1408 ulli
1388 1377 1511 1409 fatidici
1537 1383 1640 1410 vates.

181 1424 268 1457 Nam
282 1433 315 1458 et
326 1429 474 1461 mulieres
490 1431 595 1462 dicere
611 1432 728 1472 solent,
742 1431 882 1462 Divinus
897 1431 942 1462 vir
957 1431 1008 1463 hic
1035 1432 1084 1463 est
1097 1442 1104 1461 :
1130 1436 1164 1462 et
1186 1431 1430 1467 Lacedaemonii,
1457 1442 1555 1473 quum
1580 1433 1639 1464 ali-

181 1490 279 1520 quem
292 1483 459 1524 magnifice
482 1484 624 1522 laudant,
643 1485 786 1516 divinum
811 1485 911 1516 virum
937 1495 1004 1516 esse
1031 1485 1152 1516 dicunt.
1196 1485 1314 1515 Multis
1335 1495 1411 1516 vero
1439 1485 1517 1516 locis
1542 1487 1640 1517 etiam

183 1533 340 1566 Homerus
352 1538 465 1568 eodem
478 1539 537 1569 hoc
552 1539 660 1576 utitur,
674 1540 815 1581 itemque
830 1539 886 1570 aiii
901 1545 1014 1581 poetae.
1057 1540 1099 1570 Et
1114 1550 1211 1581 quum
1226 1539 1314 1570 Deus
1339 1539 1494 1571 beneficio
1517 1540 1639 1572 afficere

181 1588 250 1618 vult
263 1588 436 1628 civitatem,
450 1591 550 1623 bonos
565 1594 647 1624 viros
661 1593 694 1624 in
707 1594 805 1635 ipsam
832 1594 975 1625 inducit:
1001 1604 1096 1635 quum
1113 1602 1188 1623 vero
1215 1592 1343 1624 afflictio
1367 1592 1475 1634 aliqua
1494 1593 1639 1624 imminet

181 1641 313 1679 civitati,
329 1643 418 1675 Deus
430 1645 529 1677 bonos
544 1646 631 1677 viros
644 1657 681 1678 ex
695 1648 754 1678 hac
769 1647 897 1679 civitate
912 1647 1028 1678 eximit.
1072 1647 1125 1678 Sic
1147 1656 1252 1687 neque
1269 1647 1375 1678 doceri
1396 1656 1492 1688 posse
1513 1647 1639 1678 videtur

182 1694 291 1739 virtus,
305 1706 409 1740 neque
425 1704 536 1732 natura
547 1700 744 1743 contingere,
760 1701 818 1732 sed
831 1712 871 1732 ex
886 1701 995 1733 divina
1008 1705 1089 1733 sorte
1102 1700 1338 1743 acquirentibus
1352 1700 1488 1734 accedit.

669 1903 1152 1963 DEMODOCUS‚

505 2013 642 2063 SIVE,
676 2014 750 2052 DE
795 2014 1050 2054 CONSILIO
1099 2014 1310 2054 DANDO.

765 2100 831 2142 [Ex
847 2101 909 2132 Ed.
925 2102 1053 2143 steph.]

180 2172 278 2215 [380]
287 2173 337 2204 Tu
352 2173 580 2216 quidemjubes
592 2185 653 2212 me,
669 2187 688 2206 o
696 2176 895 2214 Demodoce‚
905 2182 941 2208 ut
955 2177 1118 2208 consilium
1126 2177 1216 2207 vobis
1225 2176 1296 2208 dem
1308 2175 1340 2206 in
1353 2175 1401 2206 his
1410 2174 1506 2206 rebus
1516 2173 1556 2205 de
1563 2173 1635 2216 qui-

179 2226 238 2258 bus
253 2227 460 2259 consultaturi
468 2228 680 2260 convenistis:
703 2230 780 2261 mihi
795 2240 868 2261 vero
890 2231 924 2261 in
938 2235 1079 2261 mentem
1104 2230 1191 2260 venit
1205 2235 1242 2260 ut
1266 2227 1461 2260 considerem
1483 2227 1635 2268 quidnam

179 2286 353 2312 conventus
370 2287 476 2313 vester
490 2283 598 2323 possit,
614 2288 649 2314 et
663 2293 772 2314 eorum
787 2284 844 2325 qui
858 2285 1026 2315 consilium
1038 2283 1124 2315 vobis
1139 2283 1214 2314 dare
1230 2293 1264 2313 se
1279 2286 1392 2324 putant
1407 2280 1635 2323 promptitudo,

179 2340 213 2366 et
227 2335 311 2377 quod
320 2336 451 2378 quisque
466 2341 602 2368 vestrum
616 2337 698 2369 fen-e
713 2338 835 2378 cogitat
856 2338 1052 2379 suffragium.
1098 2337 1255 2378 Equidem
1281 2337 1308 2367 si
1331 2345 1396 2367 non
1417 2342 1468 2366 est
1489 2340 1577 2366 recte
1600 2339 1636 2365 et

179 2389 281 2430 perite
295 2390 463 2421 consilium
477 2390 552 2422 dare
565 2390 600 2422 in
615 2391 662 2422 his
674 2391 766 2422 rebus
781 2392 822 2422 de
837 2392 949 2433 quibus
961 2391 1165 2423 consultatori
1180 2390 1382 2427 convenistis,
1398 2388 1555 2432 quomodo
1567 2398 1633 2420 nou

175 2442 343 2474 ridiculum
359 2450 408 2475 est
420 2445 649 2476 consultaturos
663 2446 831 2477 convenire
843 2447 883 2476 de
896 2446 1008 2487 quibus
1019 2451 1105 2476 recte
1120 2445 1288 2476 consilium
1302 2445 1377 2476 dare
1390 2454 1455 2475 nou
1468 2448 1517 2475 est
1531 2443 1543 2473 ?
1587 2442 1634 2473 At

178 2506 253 2528 vero
279 2497 306 2528 si
329 2499 459 2539 quidem
480 2504 530 2530 est
553 2505 640 2530 recte
654 2505 687 2530 et
700 2499 800 2540 perite
813 2499 853 2530 de
870 2500 985 2530 talibus
999 2499 1170 2531 consilium
1185 2499 1269 2535 dare,
1288 2498 1420 2529 scientia
1437 2507 1513 2528 vexo
1528 2506 1548 2528 a
1571 2505 1635 2537 qua

176 2555 226 2581 est
250 2556 337 2581 recte
352 2553 530 2590 consulere,
547 2553 587 2583 de
600 2554 650 2585 his
672 2554 759 2585 nulla
775 2559 834 2590 est,
847 2553 1006 2595 quomodo
1020 2563 1086 2584 non
1109 2552 1280 2584 absurdum
1307 2552 1378 2583 est?
1423 2551 1457 2583 Si
1484 2560 1558 2582 vero
1583 2554 1636 2581 est

177 2604 285 2645 aliqua
298 2605 442 2643 scientia,
456 2616 474 2636 a
486 2616 549 2647 qua
559 2607 714 2648 contingit
727 2607 767 2638 de
782 2608 899 2639 talibus
913 2613 999 2639 recte
1013 2607 1179 2639 consilium
1200 2607 1289 2644 dare,
1302 2615 1406 2637 nonne
1429 2614 1560 2636 necesse
1583 2607 1635 2634 est

176 2658 271 2689 cnam
287 2658 424 2690 scientes
448 2660 574 2701 aliquos
588 2671 669 2697 esse,
689 2666 723 2692 ut
745 2667 833 2693 recte
859 2662 899 2693 de
927 2662 1040 2693 talibus
1062 2661 1227 2693 consilium
1258 2659 1358 2691 dent?
1405 2659 1512 2696 Quum
1526 2661 1634 2688 autem

176 2711 242 2742 sint
255 2712 353 2753 aliqui
366 2714 419 2754 qui
434 2713 539 2745 sciunt
553 2715 719 2746 consilium
735 2715 810 2747 dare
825 2716 859 2747 in
873 2716 922 2747 his
933 2716 1024 2748 rebus
1036 2715 1075 2746 de
1087 2715 1200 2756 quibus
1216 2713 1420 2746 consultatuxi
1429 2710 1632 2748 convenistis.

174 2774 281 2797 nonne
298 2775 427 2798 necesse
443 2773 492 2798 est
503 2768 600 2799 etiam
617 2780 672 2800 vos
685 2775 740 2801 aut
755 2771 833 2802 scire
844 2770 883 2801 de
896 2770 944 2801 his
967 2769 1136 2802 consilium
1161 2769 1235 2800 dare
1265 2773 1318 2799 aut
1344 2777 1408 2798 non
1434 2766 1515 2797 scire
1536 2765 1548 2795 ?
1574 2768 1632 2795 aut

176 2819 300 2860 aliquos
315 2831 332 2852 e
357 2821 445 2852 vobis
458 2821 549 2859 scire,
564 2823 686 2864 aliquos
702 2835 766 2856 non
782 2824 861 2856 scire
876 2825 887 2855 ?
933 2824 966 2855 Si
981 2824 1074 2865 igitur
1088 2834 1198 2856 omnes
1213 2822 1313 2859 scitis,
1325 2820 1403 2863 quid
1417 2818 1552 2862 mplius
1575 2827 1632 2849 vos

176 2875 403 2908 consultaturos
419 2876 587 2908 convenire-
604 2888 683 2919 opus
699 2879 768 2911 cst?
815 2880 958 2922 Quisque
975 2880 1058 2912 enim
1072 2887 1210 2913 vestrum
1233 2877 1400 2911 consilium
1422 2875 1495 2908 dare
1519 2875 1634 2916 potest·
