1840 3225
214 177 310 230 668]
673 180 746 218 DE
780 178 1015 218 LEGIBUS
1055 179 1156 220 LIB.
1190 180 1240 218 Il.
1594 179 1668 217 307

206 295 277 317 cam
314 287 438 318 habetis
473 288 577 329 potius
616 298 710 329 quam
749 287 908 317 mbanam.
953 292 1119 329 propterea
1162 289 1296 330 juvenes
1339 286 1480 328 profecto
1517 289 1664 326 tanquam

202 340 306 380 pullos
317 341 469 383 gregatim
481 346 648 383 pascentes
660 341 793 372 habetis.
816 340 900 371 unde
915 350 1008 371 nemo
1023 347 1162 372 vestrum
1177 342 1286 384 arripit
1295 351 1394 377 suum,
1412 346 1445 371 et
1460 341 1498 371 ad
1512 338 1662 371 cohiben-

203 392 278 424 dam
301 395 367 437 ejus
392 396 588 428 ferocitatem
615 395 750 430 cuidam,
776 394 864 435 quasi
893 404 1039 435 equorum
1067 396 1223 436 magistro,
1249 395 1427 430 committit,
1454 395 1508 435 qui
1539 393 1664 424 erudiat

198 447 303 488 ipsum
319 449 430 481 leniter
453 455 591 481 tractans
611 456 645 480 et
674 449 934 484 mansuefaciens,
961 454 993 479 et
1026 454 1142 486 cetera,
1164 461 1234 491 quoe
1258 449 1437 480 educationi
1462 448 1663 484 conveniunt,

200 511 366 544 peragens.
387 514 427 534 ex
443 515 505 545 quo
518 515 582 535 non
597 503 688 534 modo
714 504 829 544 probus
853 503 942 532 miles
964 502 1127 539 efficiatur,
1144 505 1199 534 sed
1217 503 1380 534 civitatum
1404 513 1526 543 quoquc
1553 507 1586 532 et
1611 513 1662 532 ur-

201 555 287 588 bium
298 557 430 589 idoneus
446 558 634 599 gubernator
648 569 654 587 :
682 557 779 599 [667]
806 567 900 598 quem
915 556 1041 597 quidem
1056 557 1089 587 in
1106 557 1263 598 principio
1290 557 1425 587 diximus
1438 557 1557 598 Tyrtaei
1578 556 1662 586 mili-

199 610 283 642 tibus
295 611 360 642 fore
377 612 613 648 bellicosiorem,
630 617 740 653 quarto
766 611 875 642 vitutis
891 611 971 646 loco,
987 621 1051 641 non
1068 611 1178 652 primo,
1194 622 1318 652 semper
1333 616 1366 641 et
1381 611 1496 651 ubique
1514 611 1659 651 privatim

199 669 233 695 et
247 665 373 706 publice
388 665 578 697 fortitudinis
591 676 721 697 munera
744 666 913 696 colentem.
958 665 1035 696 CLr.
1057 665 1186 701 Nescio,
1210 676 1272 707 quo
1285 665 1380 695 modo
1394 675 1509 700 rursus,
1531 665 1658 705 hospes,

198 715 452 760 legumlatoribus
472 721 588 752 nostris
611 720 753 762 derogas.
801 719 940 750 Arum«.
974 719 1050 750 Non
1081 731 1120 750 ex
1144 720 1248 750 animo
1270 721 1301 750 id
1327 720 1418 755 facio,
1443 719 1523 749 bone
1553 719 1609 754 vir,
1634 720 1659 749 si

197 772 324 813 quidem
336 773 429 805 facio.
452 773 509 805 sed
523 775 766 815 proficiscamur,
782 784 844 815 quo
859 774 937 804 ratio
961 774 1059 810 ducit,
1079 774 1106 804 si
1122 774 1227 804 vultis.
1259 784 1334 804 nam
1359 774 1383 804 si
1405 773 1531 804 Musam
1557 773 1654 803 habe-

197 836 276 863 mus,
291 827 453 859 chororum
468 834 501 860 et
517 830 630 860 theatri
645 829 804 860 communi
821 829 916 859 Musa
933 828 1193 869 praestantiorem,
1216 829 1297 859 hanc
1322 828 1387 858 illis
1401 827 1549 858 exhibere
1564 837 1658 858 cone-

195 890 274 917 mur,
289 891 367 922 quos
381 881 518 914 diximus
530 884 618 914 illam
634 883 762 925 quidem
773 883 872 914 vereri
882 889 915 913 et
927 883 1021 913 aliam
1033 893 1170 924 quaerere
1186 883 1359 913 meliorem.
1406 883 1470 914 cm
1479 905 1487 912 .
1508 882 1660 913 Omnino.

198 934 337 966 Aram<-
360 935 516 968 Omnibus
527 937 633 978 igitur,
645 947 841 979 quaecunque
859 937 956 978 gratia
971 938 1116 978 quaedam
1133 938 1281 977 sequitur,
1299 937 1401 967 inesse
1417 936 1450 966 id
1472 941 1605 977 oportet,
1625 940 1661 965 ut

195 989 246 1019 vel
262 1000 299 1020 ea
311 990 381 1032 ipsa
395 992 494 1032 gratia
509 992 576 1022 sola
591 992 623 1022 in
637 992 685 1022 his
701 992 820 1022 alliciat
834 992 936 1032 sitque
960 992 1167 1032 praecipuum,
1183 992 1234 1021 vel
1258 991 1425 1027 rectitudo,
1454 991 1505 1020 vel
1529 990 1660 1021 utilitas.

195 1045 354 1086 exemplu,
369 1045 454 1086 quod
467 1045 549 1082 dico,
573 1055 742 1086 exponam.
764 1046 852 1076 cibus
868 1055 904 1076 ac
920 1051 1012 1086 potus
1035 1050 1067 1075 et
1091 1046 1275 1076 alimentum
1299 1056 1391 1076 omne
1415 1045 1547 1086 gratiam
1564 1045 1660 1075 hahet

195 1108 290 1139 quam
302 1100 498 1140 voluptatem
514 1100 657 1136 dicimus,
678 1099 898 1131 rectitudinem
916 1110 988 1130 vero
1004 1107 1037 1130 et
1052 1100 1231 1135 utilitatem,
1248 1100 1274 1130 si
1288 1100 1410 1130 confert
1425 1099 1465 1129 ad
1479 1099 1658 1129 sanitatem.

196 1152 274 1184 Cu.
317 1153 457 1184 Prorsus.
479 1154 617 1186 Arium.
639 1155 691 1185 Sic
707 1155 784 1185 etin
801 1153 952 1184 discendo
967 1155 1064 1195 gratia
1079 1154 1173 1186 inest.
1198 1165 1267 1195 quae
1283 1155 1428 1195 voluptas
1453 1153 1634 1184 nominatur
1650 1165 1656 1182 z

194 1207 351 1238 rectitudo
365 1208 461 1239 etiam
476 1216 569 1250 atque
588 1209 717 1243 utilitas,
731 1214 764 1239 et
780 1210 877 1239 bonus
892 1209 1016 1239 habitus
1031 1213 1124 1249 atque
1139 1209 1283 1249 pulcher,
1299 1219 1368 1249 qum
1385 1209 1423 1238 ab
1440 1208 1507 1248 ipsa
1525 1209 1658 1237 veritate

195 1262 381 1293 efficiuntur.
425 1263 501 1294 CM.
524 1263 575 1294 lta
590 1269 648 1294 est.
693 1263 829 1293 Arnim.
853 1262 940 1299 Quid
951 1273 1044 1303 porro
1060 1263 1091 1293 in
1109 1263 1236 1298 artibus,
1250 1262 1361 1303 quibus
1376 1262 1489 1292 similia
1503 1262 1657 1301 effingun-

194 1321 255 1352 tur,
277 1326 382 1347 nonne
398 1316 432 1347 id
443 1318 544 1358 ipsum
568 1316 772 1358 inspicimus?
802 1318 946 1357 voluptas
967 1316 1110 1357 profecto
1133 1327 1173 1347 cx
1198 1317 1261 1346 illis
1288 1310 1486 1357 quandoque
1502 1316 1659 1356 provenit,

193 1380 288 1411 quam
303 1381 361 1412 par
373 1376 422 1401 est
431 1372 563 1412 gratiam
575 1372 747 1403 nominare.
796 1372 873 1402 Cm.
900 1371 1004 1402 Certe.
1037 1370 1175 1402 A‘rnsx.
1198 1370 1437 1401 Rectitudinem
1446 1380 1520 1401 vero
1535 1371 1655 1407 talium,

194 1429 230 1455 ut
241 1422 460 1456 universaliter
472 1425 587 1462 dicam,
603 1426 767 1468 aequalitas
790 1426 858 1466 ipsa
879 1426 962 1456 tanti
977 1426 1110 1466 talisque
1127 1426 1222 1456 efficit
1245 1425 1351 1466 potins
1377 1435 1471 1466 quam
1498 1426 1655 1465 voluptas.

192 1478 270 1510 ΟΜ.
294 1479 460 1511 Praeclare.
504 1481 640 1511 Arnim.
664 1480 839 1521 Voluptate
853 1481 949 1521 igitur
973 1480 1041 1510 sola
1054 1481 1086 1510 id
1103 1480 1215 1510 merito
1234 1480 1437 1521 judicabitur,
1451 1479 1536 1520 quud
1551 1489 1654 1520 neque

190 1533 361 1564 utilitatem
377 1544 479 1576 neque
494 1535 660 1565 veritatem
674 1545 776 1576 neque
793 1534 1028 1565 similitudinem
1045 1545 1148 1575 neque
1172 1544 1278 1564 rursus
1300 1534 1449 1564 damnum
1476 1534 1582 1569 efficit,
1599 1533 1654 1564 sed

169 1586 291 1618 'solum
307 1598 400 1618 causa
412 1589 517 1629 gratiae
532 1589 618 1619 illius
633 1589 677 1624 fit,
700 1599 771 1629 qua:
793 1588 1019 1619 concomitatur
1043 1588 1125 1618 alia:
1151 1598 1242 1629 quam
1264 1589 1457 1629 voluptatem
1474 1593 1558 1618 recte
1580 1598 1653 1628 pos-

191 1652 296 1672 sumus
310 1642 483 1678 nominare,
511 1642 637 1683 quando
662 1643 812 1673 videlicet
826 1643 905 1673 nihil
928 1643 1062 1674 istorum
1089 1643 1190 1683 ipsam
1205 1643 1353 1684 sequitur.
1399 1642 1475 1673 CLr.
1498 1641 1653 1682 Volupta-

190 1700 256 1726 tem
268 1695 346 1727 dicis
360 1697 467 1733 solam,
484 1708 553 1738 quae
566 1697 695 1727 minime
712 1698 848 1728 noceat?
895 1698 1032 1729 Arium.
1057 1697 1192 1739 Nempe,
1207 1704 1239 1728 et
1250 1697 1357 1738 jocum
1372 1708 1407 1727 ac
1424 1696 1533 1727 ludum
1549 1707 1651 1726 rursus

191 1760 262 1780 eam
275 1750 373 1791 ipsam
389 1751 526 1792 appello,
543 1752 668 1793 quando
683 1763 742 1782 nec
762 1753 945 1783 nocumenti
967 1763 1068 1793 neque
1093 1752 1238 1782 utilitatis
1263 1752 1380 1793 aliquid
1400 1751 1491 1781 affert
1517 1751 1655 1781 testima-

190 1804 275 1835 tione
291 1804 432 1846 dignum.
477 1806 553 1837 Cu.
578 1806 662 1837 Vera
675 1807 826 1848 loqueris,
872 1806 1014 1840 Arum.
1037 1807 1184 1847 Sequitur
1200 1818 1236 1836 ex
1255 1807 1314 1841 his,
1327 1817 1396 1847 quae
1411 1806 1558 1840 diximus,
1580 1806 1653 1834 nul-

191 1859 255 1889 lam
267 1859 474 1891 imitationem
488 1861 650 1901 voluptate
663 1866 696 1891 et
707 1861 854 1902 opinione
869 1872 934 1891 non
950 1870 1024 1891 vera
1047 1860 1254 1901 judicandam
1280 1870 1358 1896 csse,
1385 1860 1482 1900 [668]
1508 1859 1652 1889 similiter

191 1913 287 1943 etiam
302 1914 515 1954 aequalitate-111
531 1915 662 1945 nullam.
686 1925 750 1944 non
765 1915 850 1944 enim
865 1915 939 1955 quia
955 1915 1027 1944 linit·
1040 1914 1182 1944 videatur
1195 1919 1248 1944 aut
1263 1913 1411 1955 quoniam
1427 1913 1478 1944 hie
1503 1914 1651 1954 gaudeat,

189 1967 304 1998 iccirco
317 1969 438 2008 aequale
453 1968 553 2009 ipsum
570 1969 691 2009 aequale
706 1974 754 1999 est
766 1975 820 1999 aut
835 1969 1114 1999 commemorabile
1127 1970 1228 2010 ipsum
1240 1969 1336 1999 ctiam
1349 1968 1629 1999 commensurabilc
1643 1980 1651 2006 3

190 2021 249 2052 sed
260 2022 346 2052 nullo
361 2022 423 2052 alio
438 2032 530 2063 quam
548 2023 679 2053 veritate
694 2023 772 2053 sola.
817 2023 894 2054 CLz.
919 2023 968 2054 Sic
981 2028 1030 2052 est
1041 2024 1181 2054 omnino.
1227 2022 1366 2053 Arnim.
1394 2022 1487 2063 Atqui
1498 2022 1650 2052 musicam

187 2085 312 2107 omnem
335 2076 535 2107 imitatricem
563 2083 596 2108 et
620 2077 767 2108 similium
794 2077 988 2108 effectricem
1011 2088 1080 2108 esse
1106 2077 1251 2107 dicimus.
1306 2077 1385 2108 Cu.
1411 2077 1471 2108 Cui
1497 2077 1652 2107 dubium?

189 2129 326 2161 Arium.
350 2130 430 2161 Cum
445 2142 519 2171 ergo
532 2132 605 2173 quis
620 2132 687 2162 sola
700 2133 861 2173 voluptate
876 2133 1029 2162 musicam
1045 2133 1155 2162 asserit
1162 2131 1307 2173 judicari,
1321 2131 1450 2161 minime
1473 2130 1648 2161 audiendus

189 2189 248 2220 est,
260 2184 452 2226 minimeque
468 2185 643 2227 hujusmodi
665 2186 796 2223 musica,
813 2186 840 2216 si
855 2186 969 2217 alicubi
983 2187 1105 2222 colitur,
1129 2187 1298 2227 quaerenda
1310 2191 1378 2224 est3
1401 2186 1456 2215 sed
1484 2185 1551 2221 illa,
1580 2196 1650 2226 quae

188 2248 246 2280 per
259 2238 466 2270 imitationem
480 2241 554 2270 bom'
568 2239 806 2271 similitudinem
820 2241 972 2281 possidet.
1018 2240 1092 2272 CLr.
1117 2241 1203 2270 Vera
1216 2241 1281 2270 liaec
1293 2246 1376 2270 sunt.
1422 2239 1560 2270 ATHEN.
1584 2240 1649 2276 Qui

188 2302 262 2333 ergo
273 2298 384 2324 cantus
398 2294 538 2335 speciem
552 2300 585 2325 et
601 2295 728 2325 Musam
741 2304 884 2336 qmerum
899 2295 1062 2336 optimam,
1081 2305 1145 2325 non
1160 2305 1241 2328 eam,
1258 2305 1326 2335 qua:
1337 2294 1487 2336 jucunda,
1505 2293 1559 2323 sed
1576 2303 1646 2334 quae

189 2351 275 2377 recta
308 2352 366 2383 est,
405 2358 543 2389 quaerere
581 2349 708 2381 debent.
737 2349 892 2380 rectitudo
922 2349 1004 2379 enim
1031 2349 1215 2380 imitationis
1236 2370 1240 2372 >
1258 2349 1291 2378 in
1329 2350 1387 2378 hoc
1415 2348 1570 2383 consistit,
1615 2354 1651 2378 ut

191 2401 384 2438 dicebamus,
408 2403 572 2433 sitantum
587 2408 620 2434 ct
632 2404 697 2433 tale
713 2403 777 2439 fiat,
792 2403 876 2444 quod
895 2398 1069 2434 imitatione
1094 2403 1284 2445 exprimitur,
1309 2408 1462 2443 quantum
1489 2407 1521 2431 ct
1554 2401 1646 2442 quale

191 2456 225 2486 in
254 2465 288 2486 se
319 2455 391 2496 ipso
425 2461 482 2486 est.
527 2457 602 2488 CLr.
642 2457 700 2488 Cui
731 2457 878 2488 dubium?
924 2458 1062 2488 Arnim.
1087 2458 1185 2498 Atqui
1215 2456 1292 2487 illud
1323 2456 1363 2486 de
1392 2455 1510 2486 musica
1542 2465 1650 2485 omnes

189 2509 410 2547 concederent,
427 2510 532 2541 omnia
553 2510 705 2541 videlicet
727 2512 874 2552 poemata
902 2513 969 2554 ejus
995 2512 1201 2542 imitationem
1229 2521 1298 2541 csse
1325 2516 1419 2550 atque
1449 2509 1648 2540 assimilatio-

190 2574 274 2595 nem.
297 2564 382 2605 quod
405 2570 438 2595 et
463 2564 567 2605 poetae
594 2575 702 2596 omnes
727 2571 760 2596 et
774 2566 930 2597 auditores
946 2567 1172 2606 histrionesque
1187 2563 1406 2596 concederent.
1453 2562 1530 2593 Cui.
1553 2564 1649 2604 Mag-

190 2628 318 2660 nopere.
362 2619 498 2649 Arnen.
523 2619 659 2660 Oportet
673 2619 766 2661 igitur
776 2620 861 2651 circa
874 2620 1116 2661 unumquodque
1130 2619 1245 2660 po'cma
1257 2624 1289 2650 ct
1307 2619 1501 2660 figmentum,
1514 2623 1548 2648 ut
1559 2618 1648 2648 vide*

191 2677 250 2709 tur,
265 2672 342 2714 quid
355 2673 404 2709 sit,
420 2673 505 2714 quod
519 2674 685 2714 effingitur,
701 2684 888 2715 cognoscere
904 2675 1006 2710 illum,
1030 2675 1084 2716 qui
1101 2675 1132 2704 in
1157 2674 1224 2714 ipso
1240 2683 1302 2703 non
1329 2673 1370 2703 sit
1384 2678 1548 2703 erratnrus.
1574 2682 1647 2702 nam

192 2726 246 2768 qui
258 2737 316 2758 nec
329 2728 428 2764 novit,
443 2727 521 2769 quid
532 2728 669 2758 essentia
683 2728 782 2769 ipsius
792 2729 879 2766 velit,
891 2740 950 2760 nec
967 2729 1055 2771 cujus
1068 2729 1172 2769 imago
1187 2728 1237 2764 sit,
1253 2737 1412 2768 nunquam
1424 2726 1646 2757 rectitudinem

193 2779 262 2820 ejus
275 2787 308 2812 et
320 2792 453 2812 errorem
467 2782 636 2822 intelliget.
684 2783 760 2814 Cu.
784 2783 955 2825 Nunquam
971 2791 1067 2814 certe.
1119 2783 1253 2813 ΛτυεΝ.
1277 2782 1338 2818 Qui
1366 2786 1471 2811 autem
1487 2779 1648 2811 rectitudi-

194 2843 269 2864 nem
281 2835 383 2875 operis
399 2846 461 2866 non
483 2836 646 2878 intelligit,
670 2848 755 2873 num,
783 2838 862 2868 bene
887 2849 927 2868 an
955 2839 1034 2868 male
1062 2838 1181 2867 sactum
1197 2837 1249 2876 sit,
1272 2836 1464 2877 cognoscet?
1489 2833 1649 2864 obscurius

196 2887 344 2929 equidem
359 2889 476 2931 loquor.
500 2884 576 2922 sorte
592 2902 664 2922 vero
679 2891 803 2933 planius
827 2892 871 2924 ita
899 2892 972 2923 milii
991 2892 1121 2923 dicetur.
1167 2891 1242 2923 ΟΜ.
1264 2892 1335 2928 Quo
1352 2889 1466 2932 pacto?
1515 2888 1650 2919 Annas,
