1840 3225
200 231 249 267 69.
802 226 1070 265 PLATONJS
1569 230 1670 282 [240

198 346 253 378 pro
269 333 497 377 dignitatejnm
515 333 588 364 satis
603 332 758 364 celebrata
774 332 929 364 videntur.
975 333 1056 370 Qure
1074 343 1144 364 vero
1175 334 1327 370 nondum,
1345 340 1379 365 ut
1405 345 1504 366 rerum
1530 335 1668 377 dignitas

204 390 312 431 exigit,
328 399 346 420 a
363 388 524 430 poetarum
552 387 656 428 aliquo
681 387 849 418 decantata
874 393 958 428 sunt,
974 387 1107 419 necdum
1134 393 1238 419 tamen
1267 389 1424 420 oblivione
1451 389 1556 420 deleta
1581 395 1666 426 suut,

200 445 268 474 haec
284 443 373 474 nobis
390 441 589 484 praedicanda
605 451 688 472 nunc
705 441 843 476 arbitror,
861 446 896 471 ut
911 447 942 471 et
958 452 1013 472 nos
1028 452 1065 472 ea
1081 441 1255 480 laudemus,
1271 449 1301 473 ct
1317 442 1503 484 adjuvemus
1522 453 1669 483 provoce-

198 507 328 538 musque
342 495 420 527 alios
435 496 474 526 ad
490 495 600 526 eadem
617 494 685 525 odis
698 493 828 535 aliisque
844 494 1044 533 carminibus,
1061 501 1096 525 ut
1109 496 1224 527 decens
1241 502 1298 533 est,
1313 497 1504 528 exornanda.
1549 496 1665 528 Eorum

200 556 316 591 autem,
331 560 402 592 quae
416 549 500 585 dico,
518 549 616 590 prima
640 549 706 579 haec
728 553 862 579 exstant.
908 548 1010 580 Persis
1037 550 1189 590 profecto,
1206 561 1277 581 cum
1305 550 1391 581 Asiae
1417 551 1606 592 imperarent
1632 556 1666 582 et

197 604 332 645 Europae
359 603 603 639 dominarentur,
619 602 807 633 obstiterunt
830 601 966 643 regionis
989 602 1082 644 hujus
1104 604 1256 644 homines,
1270 604 1342 635 hinc
1369 605 1495 645 quidem
1522 603 1661 641 oriundi¹

199 658 296 689 nostri
309 662 412 689 autem
428 657 662 699 progenitores:
686 666 817 697 quorum
834 656 1011 687 meminisse
1037 657 1243 699 virtutemque
1270 657 1396 689 laudare
1421 663 1454 689 et
1479 663 1605 699 oportet
1630 658 1664 688 in

200 711 309 753 primis
325 717 355 743 et
371 711 472 742 decet.
495 721 563 741 eam
581 720 714 750 namque
729 720 818 740 nosse
835 715 970 750 oportet,
987 710 1012 740 si
1036 711 1106 751 quis
1131 710 1318 742 sufficienter
1343 712 1523 742 laudaturus
1552 711 1594 742 sit
1619 722 1667 743 res

200 766 240 796 ab
254 765 316 796 illis
330 776 367 796 eo
382 765 414 795 in
430 770 568 806 tempore
585 769 697 805 gestas,
714 775 777 805 quo
793 763 872 795 Asia
899 764 999 795 omnis
1026 765 1116 796 tertio
1140 765 1206 806 jam
1233 765 1296 806 regi
1322 766 1479 802 servierat,
1496 765 1663 807 respicere.

199 830 330 861 quorum
347 818 462 861 primus
479 818 582 861 Cyrus
598 818 812 859 magnitudine
828 818 962 859 quadam
978 819 1073 849 animi
1094 819 1177 850 cives
1201 830 1272 850 suos
1297 819 1406 850 Persas
1433 819 1465 850 in
1490 819 1664 851 libertatem

199 874 353 916 redigens,
370 873 461 905 simul
477 873 620 904 dominos
632 872 748 903 Medos
763 871 908 913 subjecit,
925 872 1045 914 totique
1062 873 1146 903 Asiae
1165 883 1263 914 usque
1278 874 1316 903 ad
1335 873 1514 915 AEgyptum
1530 873 1666 915 impera-

196 929 253 960 vit.
298 928 397 959 Filius
411 933 515 959 autem
531 926 600 968 ejus
627 926 771 968 AEgypto
796 937 922 968 quoque
948 932 981 958 et
1003 927 1127 969 Libyae,
1144 937 1308 968 quousque
1336 933 1497 968 penetrare
1522 927 1668 958 dabatur.

196 982 318 1014 Tertius
335 981 463 1018 Darius,
479 981 615 1023 pedestri
631 991 736 1021 pugna
753 991 850 1022 usque
865 981 904 1011 ad
919 980 1052 1022 Scythas
1068 981 1210 1012 extendit
1225 981 1386 1022 imperium
1401 993 1408 1012 :
1435 981 1536 1012 navali
1561 987 1666 1013 autem

200 1038 275 1068 mari
290 1045 323 1069 et
335 1037 443 1069 insulis
468 1042 516 1069 est
540 1037 731 1067 dominatus.
754 1045 818 1076 quo
843 1035 960 1066 sactum
988 1041 1047 1072 est,
1064 1041 1099 1066 ut
1124 1046 1298 1077 repugnare
1324 1035 1369 1066 illi
1395 1035 1500 1066 nullus
1524 1036 1668 1068 auderet.

201 1091 299 1133 [240]
331 1091 440 1122 Animi
455 1091 581 1133 quidem
594 1089 756 1120 hominum
774 1099 881 1120 omnes
897 1089 997 1120 servili
1014 1090 1149 1130 quadam
1166 1089 1331 1120 formidine
1348 1088 1464 1130 abjecti
1474 1089 1540 1130 jam
1557 1095 1645 1121 erant
1660 1101 1667 1120 :

198 1146 278 1176 adeo
307 1145 426 1182 multae,
453 1145 632 1185 frequentes
657 1147 689 1173 et
716 1142 875 1173 bellicosae
900 1147 1009 1184 gentes
1039 1143 1096 1173 sub
1122 1143 1284 1174 Persarum
1312 1143 1443 1184 imperio
1470 1144 1666 1177 tenebantur.

197 1198 265 1230 Nos
280 1203 382 1230 autem
399 1198 652 1239 Eretriensesque
674 1196 820 1228 incusans
845 1196 973 1233 Darius,
989 1198 1073 1238 quod
1099 1197 1248 1228 Sardibus
1273 1197 1499 1235 insidiaremun
1525 1203 1559 1230 et
1585 1199 1667 1230 hanc

197 1252 270 1283 belli
286 1253 482 1284 occasionem
498 1256 620 1289 nactus,
635 1251 809 1293 quingenta
822 1251 981 1281 hominum
998 1251 1096 1282 millia
1113 1252 1264 1283 classibus
1279 1252 1374 1288 misit,
1389 1263 1484 1284 naves
1500 1263 1574 1283 vero
1598 1257 1660 1283 trc-

197 1311 326 1338 centas:
344 1307 454 1348 hisque
469 1306 577 1337 Datim
595 1306 745 1347 praefecit,
761 1310 855 1346 atque
871 1305 918 1337 illi
934 1306 1107 1347 mandavit,
1123 1311 1158 1336 ut
1172 1306 1315 1347 captivos
1340 1306 1380 1337 ad
1407 1317 1478 1337 eum
1505 1306 1664 1337 Eretrien-

194 1371 306 1402 sesque
321 1365 353 1391 et
368 1360 578 1392 Athenienses
593 1360 732 1395 duceret,
747 1359 772 1390 si
789 1365 884 1400 caput
907 1359 954 1391 illi
980 1371 1069 1390 suum
1096 1371 1200 1391 carum
1227 1366 1320 1392 esset.
1365 1360 1424 1391 Ille
1450 1361 1581 1391 navibus
1608 1361 1665 1390 ad-

197 1419 306 1446 vectus
322 1414 485 1451 Eretriam,
503 1414 554 1444 ubi
574 1413 629 1444 viri
645 1424 710 1444 non
725 1414 816 1455 pauci
832 1419 931 1450 erant,
947 1424 982 1445 ac
1000 1419 1148 1455 praeterea
1165 1414 1194 1444 in
1210 1415 1300 1445 rebus
1314 1415 1434 1446 bellicis
1444 1414 1523 1445 inter
1537 1413 1666 1445 Graecos

198 1479 303 1499 eorum
321 1473 494 1509 temporum
510 1467 731 1498 illustrissimos
746 1469 1000 1507 numerabantur,
1017 1468 1119 1499 triduo
1135 1479 1189 1499 eos
1214 1469 1356 1510 captivos
1379 1468 1477 1507 fecit;
1501 1478 1580 1499 neve
1606 1468 1663 1498 ulli

193 1527 276 1553 esset
289 1523 432 1563 fugiendi
449 1523 547 1559 locus,
563 1532 686 1552 omnem
707 1521 863 1562 regionem
880 1522 923 1552 sic
938 1522 1122 1562 exploravit.
1156 1521 1282 1564 Nempe
1298 1523 1337 1552 ad
1355 1521 1433 1553 fines
1447 1521 1576 1552 Eretriae
1590 1532 1665 1563 pro-

197 1576 270 1608 fecti
286 1577 399 1608 milites
411 1576 539 1618 ejus‚‘et
553 1587 590 1607 ex
608 1576 680 1607 mari
699 1576 728 1606 in
748 1586 828 1607 mare
852 1587 917 1607 sese
943 1577 1161 1617 extendentes,
1177 1577 1445 1616 discurrentesque
1468 1575 1590 1617 junctis
1614 1575 1663 1606 in-

197 1631 296 1662 vicem
312 1632 465 1669 manibus,
482 1631 654 1662 universam
670 1630 826 1670 regionem
843 1631 983 1671 protinus
1000 1636 1226 1670 percurrerunt,
1242 1636 1278 1660 ut
1292 1630 1357 1670 regi
1384 1629 1496 1661 referre
1523 1635 1666 1670 possent,

197 1685 352 1716 neminem
368 1684 437 1716 illos
452 1684 683 1726 subterfugisse.
727 1683 847 1714 Eadem
863 1684 1021 1715 sententia
1036 1695 1073 1714 ex
1101 1683 1220 1714 Eretria
1246 1684 1465 1714 Marathonem
1493 1684 1666 1714 descende-

197 1744 280 1775 runt,
294 1743 405 1780 utpote
420 1739 505 1780 quod
521 1738 582 1769 illis
599 1738 637 1768 ad
655 1737 686 1768 id
703 1738 895 1778 aptissimum
912 1744 987 1774 erat,
1007 1744 1039 1768 ut
1055 1738 1265 1769 Athenienses
1281 1749 1344 1768 una
1357 1749 1426 1768 cum
1439 1737 1667 1768 Eretrieusibus

199 1793 288 1834 quasi
303 1793 360 1823 sub
374 1791 485 1824 'eodem
497 1792 577 1833 jugo
595 1792 745 1823 ducerent
759 1791 913 1833 captivos.
959 1791 1017 1822 His
1033 1797 1135 1822 autem
1153 1793 1263 1833 partim
1294 1792 1424 1833 quidem
1447 1792 1492 1822 ita
1519 1790 1666 1832 peractis,

200 1847 312 1888 partim
328 1857 400 1877 vero
416 1846 556 1886 tentatis,
569 1846 674 1876 nullus
689 1845 883 1882 Graecorum,
900 1852 1009 1887 praeter
1024 1845 1294 1886 Lacedaemonios,
1310 1844 1537 1877 Eretriensibus
1564 1844 1666 1876 Athe-

199 1901 398 1932 niensibusve
414 1900 574 1931 succurrit.
620 1900 661 1930 Et
687 1900 708 1930 ii
734 1900 876 1941 sequenti
905 1905 979 1940 post
1004 1910 1139 1941 pugnam
1167 1900 1217 1930 die
1242 1904 1404 1931 venerunt.
1438 1899 1534 1930 ceteri
1559 1903 1663 1930 autem

199 1967 305 1988 omnes
323 1955 474 1997 perterriti
490 1959 573 1994 sunt,
588 1965 624 1985 ac
640 1955 719 1985 bene
732 1965 836 1986 secum
853 1954 902 1995 agi
920 1959 1077 1995 putantes,
1103 1954 1129 1984 si
1145 1954 1317 1996 periculum
1334 1963 1469 1995 praesens
1485 1953 1665 1988 evaderent,

199 2009 394 2051 quieverunt.
440 2009 486 2039 Ex
501 2010 560 2040 hoc
575 2008 690 2039 intueri
705 2008 921 2049 licet‚quanta
947 2008 1068 2039 illorum
1094 2008 1190 2039 virtus
1215 2008 1318 2045 fuerit,
1334 2008 1388 2050 qui
1412 2008 1446 2038 in
1475 2008 1666 2038 Marathone

200 2064 398 2094 barbarorum
413 2062 562 2103 impetum
579 2062 802 2097 sustinuerunt,
818 2072 854 2093 ac
871 2063 967 2092 totius
980 2062 1063 2093 Asiae
1078 2062 1254 2103 superbiam
1267 2063 1463 2094 domuerunt.
1490 2061 1579 2103 primi
1591 2071 1667 2092 sane

200 2117 241 2148 de
256 2116 391 2148 barbaris
407 2116 634 2157 triumpharunt
648 2127 654 2145 :
678 2122 710 2146 et
725 2115 869 2156 exemplo
886 2115 1013 2156 reliquis
1029 2116 1234 2147 ostenderunt
1248 2117 1411 2147 Persarum
1428 2115 1488 2146 vim
1505 2115 1588 2146 haud
1613 2115 1665 2145 in-

200 2170 439 2212 expugnabilem
455 2181 522 2201 esse
539 2181 546 2200 :
572 2170 666 2200 immo
684 2180 753 2201 vero
768 2175 799 2200 et
815 2169 1047 2200 multitudinem
1063 2180 1186 2201 omnem
1213 2175 1245 2201 et
1268 2170 1443 2200 divitiarum
1459 2169 1582 2210 copiam
1605 2169 1667 2198 vir-

199 2226 259 2256 tuti
276 2235 394 2266 parere.
439 2224 502 2255 Eos
517 2223 664 2266 equidem
680 2224 760 2255 viros
775 2235 838 2255 non
855 2225 948 2255 modo
975 2230 1148 2255 nostrorum
1174 2235 1338 2266 corporum
1364 2225 1532 2265 genitores
1547 2224 1603 2255 sed
1631 2229 1666 2254 et

200 2278 351 2310 libertatis
366 2284 430 2309 tum
445 2284 556 2310 nostrae
571 2283 635 2309 tum
653 2278 803 2315 omnium,
820 2279 874 2320 qui
889 2278 922 2309 in
947 2278 1128 2319 hujusmodi
1152 2278 1295 2309 habitant
1318 2277 1505 2314 continenti,
1521 2282 1664 2308 auctores

200 2333 330 2364 arbitror
343 2333 505 2365 exstitisse.
528 2333 575 2364 his
591 2343 724 2375 namque
739 2333 890 2375 exemplis
914 2332 1074 2375 provocati
1099 2332 1283 2373 posteriores
1311 2332 1426 2369 Graeci,
1444 2332 1474 2362 in
1501 2331 1663 2372 sequenti·

201 2388 259 2418 bus
275 2388 364 2419 bellis
379 2386 517 2429 pericula
533 2387 636 2418 onmia
653 2398 708 2429 pro
725 2387 823 2419 salute
839 2398 894 2418 sua
920 2388 1022 2418 subire
1049 2398 1113 2418 non
1137 2387 1329 2423 dubitarunt,
1346 2385 1492 2427 discipuli
1519 2385 1660 2426 profecto

202 2441 335 2478 illorum,
351 2441 406 2482 qui
420 2442 454 2473 in
469 2441 657 2472 Marathone
674 2442 783 2473 Persas
810 2442 1023 2483 profligavere.
1070 2442 1203 2472 Primam
1231 2442 1335 2482 itaque
1359 2441 1493 2482 palmam
1519 2440 1661 2471 oratione

200 2495 262 2526 illis
277 2496 410 2527 tribuere
424 2497 516 2527 decet
530 2508 536 2527 ι
561 2496 730 2528 secundam
747 2506 817 2527 vero
841 2496 939 2538 [221]
964 2495 1013 2532 iis,
1026 2496 1079 2537 qui
1095 2495 1175 2527 circa
1191 2495 1379 2526 Salaminam
1397 2495 1663 2534 Artemisiumque

201 2550 306 2581 hostes
320 2550 427 2590 proelio
443 2550 546 2581 navali
563 2550 713 2582 vicerunt.
758 2550 864 2581 Multa
880 2561 993 2592 nempe
1008 2551 1047 2580 ab
1063 2550 1111 2580 his
1128 2550 1199 2581 viris
1227 2555 1313 2591 gesta
1341 2559 1461 2580 narrare
1489 2558 1664 2590 possemus,

201 2609 319 2645 quanta
334 2605 469 2645 pericula
485 2609 562 2635 terra
578 2605 715 2646 marique
727 2604 921 2636 imminentia
934 2604 1136 2636 sustinuerint
1151 2605 1397 2646 devicerintque.
1443 2602 1540 2640 Quod
1555 2606 1661 2632 autem

202 2667 266 2699 proe
282 2658 392 2689 ceteris
407 2659 563 2700 egregium
580 2665 668 2700 puto,
683 2670 783 2691 nuncr
803 2659 928 2691 eferam.
951 2669 1021 2690 nam
1049 2659 1134 2700 quod
1160 2660 1297 2690 restabat
1321 2664 1394 2700 post:
1416 2657 1530 2688 bellum
1556 2656 1663 2687 Mara·

204 2711 375 2749 monicum,
391 2712 601 2753 perfecerunt.
647 2714 807 2754 Siquidem
823 2713 877 2754 qui
892 2713 924 2744 in
940 2713 1128 2744 Marathone
1143 2717 1310 2750 certarunt,
1324 2713 1384 2742 hoc
1399 2716 1520 2742 tantum
1546 2709 1666 2741 Grecis

202 2765 501 2803 demonstraverunt,
518 2768 603 2807 quod
631 2769 764 2798 terrestri
792 2778 898 2810 pugna
914 2767 1007 2809 pauci
1032 2768 1159 2809 quidem
1187 2767 1292 2799 Graeci
1313 2766 1479 2797 multorum
1507 2765 1660 2806 impetum

199 2821 395 2853 barbarorum
411 2820 552 2862 frangere
569 2827 716 2863 possent:
742 2822 892 2853 maritima
905 2832 976 2853 vero
993 2822 1120 2853 victoria
1148 2822 1250 2853 adhuc
1277 2822 1418 2852 incerta:
1443 2818 1662 2850 existimaban-
1690 2832 1697 2838 ·

200 2879 311 2916 turque
325 2874 427 2906 Persoe
442 2875 474 2905 in
489 2875 648 2912 maritimis
662 2877 778 2917 proeliis
791 2881 824 2907 et
839 2876 1039 2908 multitudine
1055 2883 1086 2908 et
1101 2876 1220 2907 divitiis
1234 2881 1362 2916 arteque
1387 2879 1419 2906 et
1442 2873 1549 2904 robore
1576 2873 1662 2905 inex-

202 2928 386 2969 pugnabiles
402 2939 479 2960 esse.
525 2929 595 2961 Hoc
613 2929 717 2971 itaque
740 2931 771 2962 iu
793 2932 851 2968 his,
868 2932 922 2972 qui
950 2937 1023 2962 tuuc
1051 2932 1181 2962 navibus
1209 2940 1396 2972 pugnavere,
1415 2928 1505 2960 laude
1532 2928 1665 2970 dignum
