1840 3225
139 234 231 284 130]
691 230 1011 270 ALcffllAnsss
1042 233 1073 271 1.
1555 237 1606 273 55

136 336 291 367 ducimus.
337 335 400 365 Αι..
424 333 506 365 Vera
521 343 635 364 narraS.
680 332 736 363 So.
762 332 903 364 Nossene
926 344 1063 374 unquam
1093 344 1261 375 possemus,
1288 344 1356 375 qua‘
1380 345 1427 365 ars
1445 336 1601 369 meliorem

139 390 216 420 facit
239 389 390 424 calceum,
421 388 480 418 nisi
504 387 643 418 calceum
670 385 771 427 ipsum
801 387 1001 417 noverimus?
1048 387 1117 418 Ar..
1136 387 1213 418 Fieri
1242 388 1360 429 nequit.
1405 388 1463 419 So.
1486 389 1599 432 Neque

136 444 231 474 ctiam
261 453 331 485 quae
359 442 508 473 annulum
541 441 635 471 efficit
665 440 834 476 meliorem,
864 439 1042 481 ignorantes
1079 441 1240 471 annulum.
1285 441 1348 472 AL.
1371 442 1499 473 Verum·
1544 445 1599 475 So.

133 499 315 529 Sciemusne
329 507 477 538 unquam,
494 505 555 536 qua
567 501 630 525 arte
647 494 788 524 meliores
801 494 983 534 evadamus,
999 495 1148 535 quamdiu
1162 505 1218 526 nos
1239 497 1322 536 ipsos
1334 497 1576 537 ignoraverimus
1591 499 1602 528 ?

136 551 233 592 [¹29]
259 551 322 581 AL.
345 550 526 591 Nunquam.
572 548 628 579 So.
652 548 763 579 Utrum
789 547 882 578 facile
908 547 1058 589 quiddam
1088 548 1140 585 sit,
1167 559 1198 579 se
1215 549 1315 589 ipsum
1339 560 1539 591 cognoscere,
1566 563 1602 583 ac

138 604 288 636 ridiculus
312 604 419 644 fuerit,
443 603 497 644 qui
522 602 639 643 templo
664 601 821 642 Apollinis
849 601 881 631 id
907 600 1085 642 inscripsit?
1108 613 1147 632 an
1166 603 1268 644 potius
1284 605 1412 635 arduum
1429 606 1602 646 quippiam,

142 668 201 689 nec
215 657 353 698 cujusvis
368 657 502 686 hominis
524 656 629 697 opus?
676 655 740 685 Ar..
764 655 851 685 Mihi
875 654 1016 696 quidem.
1036 666 1054 686 o
1071 656 1224 691 Socrates,
1252 657 1420 697 aliquando
1438 659 1533 689 visum
1558 665 1605 690 est

140 711 232 742 facile
247 711 306 742 hoc
321 716 354 741 ct
369 709 506 750 cujusvis
522 709 656 740 officium
673 719 740 739 esse
754 720 760 738 :
786 718 1011 749 nonnunquam
1028 719 1099 739 vero
1122 710 1260 740 omnium
1277 711 1504 744 difficillimum.
1548 714 1605 743 So.

141 764 204 795 Sed
218 764 283 795 sive
298 763 388 794 facile
404 763 463 794 hoc
480 763 530 799 sit,
547 774 566 793 o
583 762 778 798 Alcibiades,
795 762 859 792 sive
875 761 1012 798 difficile,
1029 762 1118 792 nobis
1135 773 1209 793 sane
1224 764 1268 794 sic
1283 776 1314 795 se
1330 766 1436 805 habet,
1454 773 1487 796 ut
1503 767 1603 807 ipsum

142 816 363 857 intelligentes,
380 816 474 847 etiam
486 826 548 857 qua
561 816 678 847 ratione
691 815 818 846 curandi
831 815 937 850 simus,
949 815 1159 856 intelligamus
1176 828 1182 845 ε
1201 816 1378 857 ignorantes
1392 831 1476 855 vero,
1489 827 1607 852 contra.

144 869 209 901 Ar..
231 869 299 910 Est,
314 875 349 900 ut
364 870 455 900 dicis.
497 869 552 901 So.
578 870 662 910 Age,
677 869 836 911 quomodo
853 869 954 910 ipsum
979 870 1064 910 quod
1083 870 1183 910 ipsum
1201 869 1418 903 inveniemus?
1441 874 1519 905 forte
1537 887 1607 906 vero

144 924 190 954 sic
205 924 281 964 quid
299 925 394 954 simus
407 923 468 964 ipsi
495 923 632 953 iuvenire
651 922 820 964 poterimus
835 934 842 952 :
869 927 902 952 at
916 922 975 953 hoc
999 922 1188 963 ignorantes,
1203 933 1375 965 nunquam.
1422 926 1483 956 AL.
1507 927 1609 959 Recte

144 977 292 1019 loqueris.
315 978 370 1008 So.
387 978 527 1008 Attende
543 987 615 1017 ergo
633 986 685 1017 per
701 975 817 1012 Deum,
833 986 903 1007 cum
921 976 1036 1012 alione,
1052 987 1144 1018 quam
1162 988 1281 1008 mecum
1300 983 1331 1008 tu
1345 989 1428 1010 nunc
1445 981 1608 1022 disputas?

147 1031 212 1062 Ar..
235 1031 364 1062 Tecum.
408 1031 464 1061 So.
489 1030 530 1060 Et
546 1040 605 1071 ego
621 1040 726 1060 nonne
742 1030 869 1060 tecum?
917 1029 979 1061 ΑΙ..
1002 1029 1042 1060 Et
1059 1036 1092 1060 tu
1109 1041 1241 1062 mecum.
1286 1032 1339 1062 So.
1364 1033 1506 1065 Socrates
1518 1035 1610 1075 igitur

145 1090 204 1120 est,
221 1084 275 1125 qui
290 1084 442 1125 disputat.
488 1083 551 1114 AL.
575 1084 643 1114 Est.
687 1083 740 1114 So.
765 1083 947 1114 Alcibiades
963 1094 1046 1119 vero,
1071 1085 1126 1125 qui
1147 1085 1245 1116 audit.
1291 1086 1355 1117 Al..
1380 1087 1427 1117 Ita
1450 1095 1507 1119 est.
1553 1090 1610 1120 So.

150 1137 267 1168 Nonne
296 1148 436 1168 sermone
467 1138 513 1168 vel
550 1138 668 1168 ratione
699 1137 842 1168 Socrates
872 1137 1036 1178 disputat?
1082 1137 1147 1168 Ar..
1171 1139 1316 1175 Quidni?
1360 1141 1415 1171 So.
1439 1142 1609 1184 Disputare

149 1195 252 1221 autem
278 1196 310 1222 et
335 1201 475 1222 sermone
501 1191 548 1222 vel
574 1190 692 1221 ratione
714 1190 772 1229 uti,
800 1190 881 1221 idem
910 1191 1141 1231 quodammodo
1168 1193 1281 1222 vocas?
1324 1193 1388 1223 Ar..
1411 1194 1512 1226 Idem.
1555 1197 1610 1227 So.

151 1245 253 1276 Utens
267 1250 371 1275 autem
388 1249 420 1275 et
429 1255 491 1285 quo
508 1245 614 1280 utitur,
627 1255 731 1275 nonne
743 1244 827 1274 aliud
842 1245 853 1274 ?
897 1244 961 1275 AL.
987 1244 1157 1281 Quomodo
1170 1245 1272 1276 dicis?
1317 1245 1374 1277 So.
1399 1249 1611 1285 Quemadmo-

148 1298 222 1328 dum
239 1299 332 1329 cerdo
349 1298 459 1329 incidit
474 1298 600 1339 quidem
618 1297 758 1328 circulari
774 1303 805 1328 et
819 1298 1037 1329 semicirculari
1054 1309 1183 1340 organo,
1198 1304 1291 1341 atque
1307 1301 1373 1330 aliis
1388 1301 1612 1334 instrumentis.

147 1353 214 1384 AL.
237 1353 304 1389 Est,
320 1357 355 1382 ut
380 1339 485 1383 dicis‘¹.¹a
510 1351 566 1382 So.
589 1351 705 1382 Nonne
721 1352 805 1382 aliud
833 1352 981 1393 quiddam
1007 1358 1054 1383 est
1068 1353 1124 1394 qui
1139 1353 1310 1384 dividendo
1338 1355 1442 1392 utitur,
1463 1357 1525 1388 alia
1541 1369 1611 1389 vero

145 1406 258 1449 quibus
271 1405 390 1436 utitur?
431 1405 494 1435 Ar..
519 1404 661 1442 Quidni?
704 1405 761 1435 So.
783 1405 863 1436 Item
879 1406 965 1437 aliud
982 1407 1181 1448 citharoedus,
1196 1407 1281 1438 aliud
1305 1418 1440 1449 quocum
1461 1411 1609 1444 citharam

147 1460 275 1502 pulsat?
318 1459 384 1490 Ar..
410 1458 522 1491 Aliud.
562 1460 616 1490 So.
640 1459 711 1491 Hoc
733 1460 831 1501 paulo
855 1465 927 1491 ante
943 1460 1183 1502 interrogabam,
1207 1472 1246 1492 an
1264 1468 1354 1492 utens
1368 1468 1400 1493 et
1415 1475 1478 1506 quo
1505 1467 1612 1503 utitur,

147 1525 270 1555 semper
295 1513 378 1544 aliud
405 1524 472 1544 esse
498 1513 651 1544 videatur.
695 1513 760 1545 Ar..
785 1514 933 1545 Videtur.
976 1514 1032 1546 So.
1055 1515 1231 1547 Cerdonem
1254 1517 1391 1550 incidere
1417 1521 1549 1552 dicimus
1565 1522 1614 1552 in-

145 1568 326 1599 strumentis
343 1572 474 1603 tantum,
488 1577 527 1597 an
544 1567 637 1598 etiam
654 1566 795 1597 manibus
809 1567 820 1597 ?
865 1567 931 1600 AL.
956 1568 998 1598 Et
1014 1568 1167 1600 manibus.
1211 1569 1268 1601 So.
1293 1571 1335 1602 Et
1357 1572 1393 1602 iis
1418 1584 1490 1615 ergo
1507 1575 1614 1607 utitur.

151 1620 217 1653 Ar..
239 1621 358 1653 Utitur.
402 1621 457 1653 So.
480 1621 531 1651 An
562 1631 625 1651 non
665 1626 697 1651 et
727 1620 826 1651 oculis
857 1626 946 1651 utens
983 1622 1068 1652 coria
1105 1622 1240 1654 incidit?
1286 1624 1349 1655 Ar..
1373 1625 1512 1659 Prorsus.
1559 1630 1612 1660 So.

153 1675 301 1707 Utentem
317 1685 390 1706 vero
405 1674 490 1705 aliud
516 1673 666 1715 quiddam
693 1674 731 1704 ab
745 1674 796 1709 iis,
819 1674 931 1715 quibus
958 1675 1066 1713 utitur,
1093 1686 1160 1707 esse
1177 1680 1396 1710 concessimus.
1441 1681 1505 1713 AL,
1528 1682 1615 1714 Con.

151 1729 312 1761 cessimus.
357 1729 413 1759 So.
439 1726 542 1758 Cerdo
569 1727 663 1769 igitur
689 1733 721 1758 et
741 1728 928 1759 citharoedus
955 1728 1038 1759 aliud
1067 1730 1218 1770 quiddam
1243 1738 1328 1773 sunt,
1354 1745 1447 1775 quam
1473 1737 1557 1768 oculi
1586 1744 1618 1769 ct

155 1794 278 1819 manus,
302 1782 415 1824 quibus
439 1786 579 1812 utuntur.
624 1781 687 1812 AL.
711 1781 867 1823 Apparet.
913 1782 969 1814 So.
992 1781 1109 1814 Nonne
1136 1789 1202 1815 toto
1226 1796 1355 1827 corpore
1379 1789 1472 1819 horno
1500 1790 1618 1821 utitur?

156 1838 222 1869 AL.
247 1836 388 1868 Penitus.
435 1835 492 1867 80.
516 1835 612 1865 Aliud
638 1835 746 1877 utique
771 1840 860 1865 utens
885 1841 917 1866 et
943 1846 1006 1877 quo
1023 1837 1128 1868 utitur.
1174 1837 1240 1868 AL.
1262 1840 1315 1871 Sic
1329 1847 1387 1872 est.
1432 1842 1487 1873 So.
1512 1843 1617 1874 Homo

153 1902 227 1933 ergo
251 1895 299 1921 est
321 1901 338 1920 a
367 1900 423 1920 suo
451 1899 580 1930 corpore
605 1889 703 1920 aliud.
749 1889 811 1920 AL.
837 1889 984 1921 Videtur.
1029 1890 1084 1921 So.
1110 1890 1197 1927 Quid
1220 1898 1267 1922 est
1282 1893 1375 1934 igitur
1390 1894 1507 1926 homo?
1553 1897 1628 1939 ΑΙ..Ι

155 1946 283 1986 Ignoro.
329 1944 385 1974 So.
408 1943 474 1974 Scis
501 1953 567 1974 esse
592 1943 638 1979 id,
664 1943 750 1984 quod
777 1953 905 1983 corpore
921 1943 1042 1973 utitur?
1084 1943 1146 1975 AL.
1169 1944 1253 1977 Scin.
1277 1946 1374 1987 [130]
1397 1949 1452 1981 So.
1478 1950 1619 1982 Aliudne

154 1998 249 2028 utitur
259 1998 330 2038 ipso
341 2007 435 2038 quam
446 1997 571 2027 anima?
620 1996 687 2027 Ar..
704 1996 758 2026 Nil
772 1996 868 2028 aliud.
914 1996 971 2028 So.
996 1996 1050 2027 An
1061 2008 1125 2028 non
1136 1998 1314 2040 imperans?
1359 2001 1423 2033 Αι.
1446 2003 1619 2045 Imperans.

157 2052 211 2083 So.
235 2051 322 2087 Quin.
346 2050 439 2080 etiam
468 2050 624 2081 neminem
653 2050 714 2081 hoc
742 2050 831 2080 aliter
861 2050 1082 2081 aestimaturum
1110 2058 1200 2093 puto.
1245 2053 1311 2086 AL.
1334 2054 1519 2092 Quidnam?
1564 2058 1618 2089 So.

160 2106 247 2143 Quin
263 2115 300 2136 ex
315 2104 414 2135 tribus
432 2114 525 2134 unum
551 2103 669 2145 aliquid
688 2105 779 2134 homo
795 2104 845 2135 sit.
893 2104 954 2134 AL.
976 2103 1023 2135 Ex
1045 2105 1182 2146 quibus?
1227 2106 1282 2139 So.
1305 2108 1371 2139 Aut
1386 2110 1518 2141 animam
1536 2112 1621 2143 vide-

159 2159 244 2195 licet,
260 2163 314 2189 aut
329 2168 454 2199 corpus,
469 2164 523 2189 aut
539 2163 638 2188 totum
663 2157 764 2199 ipsum
780 2169 815 2189 ex
843 2158 980 2200 utrisque
997 2159 1217 2201 compositum.
1261 2161 1328 2194 ΑΙ..
1352 2163 1416 2194 Cur
1431 2174 1493 2195 non
1507 2166 1519 2195 ?
1564 2166 1620 2199 So.

159 2212 371 2243 Veruntamen
387 2211 420 2242 id
437 2212 522 2253 quod
541 2211 672 2253 imperat
697 2211 831 2253 corpori,
855 2212 1013 2244 hominem
1038 2224 1105 2245 esse
1128 2214 1262 2246 confessi
1286 2226 1401 2249 sumus.
1447 2218 1513 2250 Ar..
1538 2219 1623 2251 Con-

157 2265 228 2297 fessi
245 2276 361 2298 sumus,
405 2266 462 2297 So.
486 2265 573 2302 Quid
590 2265 685 2307 igitur
710 2266 831 2296 homo?
853 2277 927 2297 num
944 2267 1002 2297 sibi
1024 2267 1083 2309 ipsi
1106 2279 1217 2310 corpus
1233 2269 1388 2311 imperat?
1432 2271 1498 2305 Ar..
1524 2272 1623 2304 Nullo

162 2320 268 2350 modo.
305 2320 360 2352 So.
384 2319 505 2362 Subjici
521 2320 602 2351 enim
619 2320 695 2350 illud
711 2320 857 2353 diximus.
894 2320 958 2353 AL.
984 2321 1089 2354 Certe.
1127 2323 1186 2355 So.
1209 2323 1283 2354 Non
1299 2330 1346 2355 est
1360 2325 1453 2366 igitur
1467 2326 1527 2358 hoc
1540 2328 1627 2368 quod

160 2374 337 2414 quaerimus.
384 2373 449 2404 AL.
472 2373 561 2415 Non,
576 2378 612 2405 ut
627 2373 762 2407 videtur.
806 2375 861 2406 So.
887 2373 934 2405 At
949 2380 1114 2417 utrumque
1137 2376 1227 2407 simul
1242 2377 1371 2408 forsitan
1386 2380 1509 2420 corpori
1524 2380 1624 2411 domi-

162 2431 265 2463 natur,
280 2432 375 2468 atque
391 2427 422 2458 id
447 2428 541 2458 horno
557 2429 629 2458 est?
674 2428 739 2460 AL.
763 2428 867 2461 Forte.
913 2429 970 2462 S0.
993 2429 1094 2461 Immo
1120 2429 1246 2462 minime
1269 2433 1418 2464 omnium.
1441 2443 1512 2463 nam
1529 2434 1625 2465 altero

160 2479 282 2510 illorum
304 2489 367 2510 nen
384 2480 578 2518 dominante,
595 2481 681 2512 nulla
695 2480 878 2522 conjectura
898 2488 956 2519 est,
979 2488 1014 2513 ut
1033 2483 1123 2514 simul
1148 2489 1312 2526 utrumque
1328 2486 1515 2518 dominetur.
1559 2487 1627 2520 At..

161 2531 263 2564 Recte
279 2532 426 2574 loqueris.
472 2534 527 2564 So.
552 2534 632 2566 Cum
650 2545 721 2565 vero
737 2545 795 2566 nec
810 2545 923 2577 corpus
938 2546 996 2567 nec
1012 2536 1101 2567 simul
1117 2543 1282 2579 utrumque
1297 2539 1336 2569 sit
1351 2541 1456 2578 horno,
1472 2546 1578 2582 restat,
1592 2548 1627 2573 ut

162 2585 301 2623 arbitror,
317 2592 372 2616 aut
386 2586 463 2617 nihil
480 2587 607 2618 omnino
624 2588 781 2619 hominem
798 2599 878 2629 esse,
895 2595 950 2620 aut
964 2589 990 2621 si
1005 2590 1082 2632 quid
1099 2596 1158 2632 est,
1174 2591 1251 2622 nihil
1267 2592 1351 2623 aliud
1369 2604 1435 2625 esse
1450 2605 1542 2636 quam
1559 2597 1628 2626 ani-

161 2650 253 2670 mam.
299 2640 361 2671 Ax..
386 2640 527 2670 Prorsus,
573 2640 628 2671 So.
654 2641 809 2674 Adhucne
827 2642 976 2684 liquidius
1003 2645 1163 2675 monstrari
1179 2643 1235 2676 tibi
1251 2650 1385 2687 oportet,
1411 2648 1544 2678 animam
1560 2660 1627 2680 esse

159 2693 342 2724 hominem?
387 2693 450 2724 Αι.
477 2692 551 2724 Non
579 2704 633 2734 per
656 2695 790 2727 Jovem:
815 2697 882 2727 haee
908 2697 990 2728 enim
1017 2698 1156 2729 sufficere
1179 2699 1253 2730 mihi
1268 2699 1422 2732 videntur.
1467 2702 1522 2733 So.
1546 2702 1629 2733 Etsi

160 2757 223 2777 uon
236 2747 267 2777 in
281 2747 434 2788 integrum
448 2747 514 2778 liaec
527 2747 666 2778 discussa
677 2754 761 2786 sunt,
774 2751 969 2782 mediocriter
980 2757 1083 2782 tamen
1095 2752 1224 2784 inducta
1238 2754 1271 2784 in
1283 2755 1446 2796 pra-sentia
1461 2756 1626 2788 sufiiciunt.

162 2810 233 2830 nam
260 2805 334 2831 tunc
362 2801 486 2831 demum
515 2802 640 2842 penitus
665 2805 978 2844 comprehendemus,
1005 2816 1075 2836 cum
1100 2806 1321 2845 invenerimus,
1344 2809 1428 2850 quod
1446 2819 1540 2846 nunc,
1556 2811 1631 2850 quia

158 2853 300 2884 latiorem
326 2855 571 2895 speculationem
600 2857 777 2897 requireret,
804 2859 1063 2898 praetermisimus.
1110 2859 1173 2892 AL.
1200 2861 1286 2899 Quid
1303 2862 1409 2893 istud?
1453 2863 1508 2893 So.
1533 2864 1627 2900 Quod

164 2907 258 2948 paulo
274 2913 344 2939 ante
361 2908 401 2940 sic
418 2915 465 2940 cst
479 2909 609 2947 dictum,
627 2911 711 2952 quod
737 2912 819 2952 prius
834 2913 1095 2946 considerandum
1119 2914 1158 2945 sit
1181 2915 1284 2956 ipsum
1311 2916 1396 2956 quod
1413 2916 1524 2958 ipsum.
1549 2926 1631 2949 nuuc
