1840 3225
230 180 307 218 326
819 176 1084 216 PLATOle
1582 179 1678 229 [706

226 281 273 312 vir
287 280 447 322 praeclare.
470 289 584 321 nempe
600 279 685 311 illius
711 279 820 320 gratia,
836 281 918 322 quod
945 286 992 312 est
1015 282 1054 312 ab
1077 280 1166 311 initio
1191 280 1231 310 de
1256 279 1453 311 Cretensium
1475 280 1596 322 legibus
1615 281 1684 312 dic-

224 339 303 370 tum,
325 344 405 376 quas
428 345 482 365 vos
508 333 549 364 ad
574 344 669 364 unum
695 333 827 375 aliquid,
853 335 884 366 id
909 341 968 371 est,
996 335 1113 365 bellum
1135 334 1275 376 aspicere
1298 334 1464 367 dicebatis.
1486 344 1546 375 ego
1575 341 1681 366 autem

226 388 329 430 adjeci
352 398 415 424 eas»,
443 388 590 429 quoniam
615 387 656 418 ad
677 388 824 419 virtutem
851 391 1080 431 quodammodo
1104 390 1298 424 reserrentur,
1321 388 1418 429 probe
1444 388 1564 430 positas
1587 399 1656 420 esse
1676 402 1682 419 :

224 442 372 483 quoniam
387 452 461 473 vero
475 453 538 474 non
554 441 595 473 ad
616 442 803 478 universam,
820 444 873 474 sed
898 444 939 475 ad
961 445 1082 474 virtutis
1096 441 1218 484 partem
1242 443 1337 473 ferme
1354 441 1502 484 equidem
1514 452 1579 474 non
1591 442 1684 474 valde

225 495 402 528 laudabam.
425 507 508 528 nunc
534 497 628 538 igitur
651 507 700 527 me
732 508 855 539 quoque
881 509 934 529 vos
956 499 989 529 in
1022 498 1170 539 praesenti
1192 497 1416 538 legumlatione
1436 496 1606 537 diligenter
1627 496 1684 527 ob-

227 556 360 587 servate,
375 551 490 593 siquid
505 557 560 582 aut
573 552 656 593 quod
673 551 714 582 ad
737 552 883 583 virtutem
908 564 969 584 non
996 553 1150 594 pertineat
1173 560 1227 582 aut
1249 550 1335 592 quod
1357 550 1397 581 ad
1421 555 1543 591 partem
1565 550 1681 582 solum-

228 605 333 641 modo,
358 605 479 646 legibus
500 606 617 636 sancio.
639 616 712 636 eum
737 606 854 648 quippe
877 607 975 638 solum
999 612 1083 637 recte
1108 606 1299 647 serre-leges
1325 605 1479 640 existimo,
1506 604 1560 645 qui
1587 604 1685 636 veluti

227 659 405 700 sagittarius
416 659 490 690 illuc
510 659 649 690 animum
667 669 789 701 semper
800 661 946 696 intendit,
972 660 1069 702 [706]
1093 660 1177 691 unde
1198 661 1347 691 continuo
1368 659 1489 700 aliquid
1501 669 1686 700 semperque

227 718 375 754 sequatur
397 724 516 750 eorum,
531 724 601 754 quae
621 714 702 744 bona
725 719 818 744 sunt:
844 720 946 745 cetera
974 724 1048 745 vero
1070 714 1228 756 relinquit,
1255 714 1320 744 sive
1344 713 1470 744 divitias
1497 723 1552 744 seu
1577 713 1682 755 hujus-

227 767 315 798 modi
339 767 437 803 aliud,
465 767 549 809 quod
573 778 591 798 a
616 767 781 799 virtutibus
816 769 857 799 sit
877 773 1064 810 separatum.
1086 768 1294 799 imitationem
1324 778 1394 798 vere
1418 767 1551 797 hostium
1569 767 1685 808 impro-

227 821 300 852 bam
318 826 394 852 tunc
410 821 476 852 fieri
491 821 649 858 dicebam,
674 833 745 852 curn
767 823 858 864 juxta
881 833 965 853 mare
986 823 1140 864 quispiam
1165 823 1310 853 habitans
1332 821 1464 853 laedatur
1481 821 1520 851 ab
1535 821 1688 853 hostibus.

226 877 320 916 quale
335 876 414 907 illud
428 875 497 906 fuit.
519 875 620 906 dicam
636 876 719 906 enim
733 888 738 905 ε
763 887 825 907 non
841 883 946 906 tamen
961 877 1126 916 praeteritae
1142 877 1261 917 injuriae
1276 877 1554 908 commemorandae
1569 875 1686 908 studio.

227 930 419 961 Minosolim
430 929 535 960 navali
545 930 636 970 copia
646 929 746 960 fretus
761 930 886 961 crudele
914 930 1030 961 Atticae
1041 930 1359 971 tributumimposuit.
1386 931 1598 962 Athenienses
1609 941 1684 961 vero

227 983 368 1014 nondum
383 994 488 1020 naves,
504 988 538 1014 ut
549 983 692 1019 nunc,ad
704 984 818 1014 bellum
829 989 953 1025 paratas
965 983 1121 1014 habebant
1134 996 1140 1013 :
1155 995 1213 1015 nec
1224 984 1280 1015 illa
1290 984 1324 1015 in
1338 984 1465 1026 regione
1476 985 1620 1016 arborum
1632 994 1685 1015 co-

229 1038 284 1080 pia
292 1043 369 1074 erat,
378 1037 462 1068 unde
473 1048 568 1069 naves
575 1038 666 1069 facile
676 1037 910 1069 fabricarentur.
927 1048 1022 1079 quare
1030 1048 1095 1068 non
1104 1043 1286 1079 potuerunt,
1294 1048 1399 1069 rerum
1408 1038 1581 1070 imitatione
1589 1048 1685 1069 nava-

227 1093 304 1123 lium
315 1092 376 1134 ipsi
387 1102 513 1134 quoque
528 1097 631 1123 nautae
644 1092 844 1128 facti,statim
854 1091 957 1123 hostes
968 1097 1043 1122 tunc
1057 1102 1128 1122 suos
1140 1091 1260 1123 ulcisci.
1276 1092 1447 1134 meliusque
1463 1103 1567 1124 secum
1580 1098 1686 1124 actum

227 1152 321 1183 esset,
330 1147 354 1178 si
364 1147 477 1187 saepius
488 1152 610 1188 septem
621 1146 837 1177 adolescentes
850 1146 1038 1183 amisissent,
1049 1156 1154 1188 quam,
1163 1147 1247 1188 quod
1257 1146 1319 1177 illis
1328 1147 1455 1183 accidit,
1465 1146 1599 1189 perpeti.
1613 1157 1686 1178 nam

226 1212 285 1243 pro
298 1201 495 1232 terrestribus
507 1200 665 1242 firmisque
684 1202 784 1243 copiis
796 1201 922 1232 navales
935 1201 1038 1237 factae,
1058 1196 1289 1232 consueveiunt
1302 1201 1418 1232 cursim
1431 1211 1532 1232 naves
1553 1201 1687 1237 insilire,

226 1265 264 1286 ac
278 1255 344 1286 cito
371 1254 538 1291 decedere,
552 1255 628 1285 nihil
658 1260 748 1296 turpe
775 1255 878 1285 facere
894 1254 1088 1290 arbitrantes,
1105 1266 1174 1285 cum
1202 1265 1265 1286 non
1283 1255 1421 1286 audeant
1434 1255 1571 1286 hostium
1585 1255 1686 1296 impe-

226 1314 292 1340 tum
308 1314 490 1350 exspectare
506 1319 542 1339 ac
558 1309 635 1339 mori
649 1321 655 1338 :
680 1307 737 1339 sed
752 1309 933 1340 occasiones
954 1309 1091 1340 habeant
1107 1314 1240 1350 paratas,
1256 1315 1291 1340 ut
1305 1309 1396 1340 armis
1412 1309 1532 1340 amissis
1547 1309 1686 1346 minime,

227 1368 264 1394 ut
279 1364 377 1400 aiunt,
393 1363 527 1404 turpiter
550 1361 684 1404 fugiant.
706 1362 881 1404 hujusmodi
897 1374 971 1394 vero
993 1373 1029 1394 ex
1054 1363 1157 1394 navali
1183 1363 1267 1394 bello
1283 1373 1375 1394 voces
1390 1363 1498 1394 audire
1513 1362 1685 1404 contingit,

226 1427 289 1448 non
318 1418 412 1448 laude
440 1417 568 1458 quidem
594 1416 670 1453 ulla,
694 1416 751 1447 sed
777 1417 1006 1459 vituperatione
1034 1427 1231 1459 summopere
1260 1417 1383 1459 dignas.
1406 1428 1569 1459 nunquam
1598 1416 1684 1447 enim

225 1471 318 1502 malis
331 1471 478 1507 moribu5‚
495 1471 662 1512 praesertim
678 1471 832 1512 optimam
844 1471 959 1502 civium
980 1477 1112 1513 partem,
1130 1471 1322 1502 assuefacere
1338 1472 1442 1503 decet.
1465 1472 1550 1514 apud
1567 1471 1686 1502 Home-

225 1536 291 1557 rum
308 1536 431 1568 quoque
444 1525 570 1556 navium
596 1525 748 1567 refugium
763 1526 820 1556 hoc
840 1525 1039 1567 reprobatum
1053 1525 1189 1556 videtur.
1234 1525 1342 1556 Ulixes
1356 1536 1492 1567 namque
1515 1526 1684 1568 Agamem-

225 1591 342 1611 nonem
360 1580 571 1621 reprehendit,
591 1580 656 1621 qui,
683 1579 792 1620 proelio
819 1579 940 1610 Graecis
965 1580 1048 1620 apud
1071 1580 1223 1621 Trojanos
1252 1580 1427 1622 occupatis,
1443 1589 1539 1611 naves
1553 1579 1586 1610 in
1601 1590 1685 1611 mare

224 1634 379 1666 deducere
389 1633 529 1676 jubebat.
552 1633 638 1675 quod
662 1634 795 1665 moleste
811 1633 915 1663 ferens
941 1633 1050 1664 Ulixes
1063 1633 1126 1664 ait:
1151 1634 1205 1665 An
1210 1633 1313 1673 jubes.
1335 1634 1476 1667 instante
1499 1634 1571 1666 beai
1586 1634 1687 1666 turbi-

223 1698 273 1724 ue,
290 1688 362 1720 bene
379 1687 528 1719 tabulatis
543 1688 715 1720 instructas
728 1698 823 1720 naves
846 1688 880 1719 z'n
895 1688 992 1719 altum
1007 1689 1158 1720 deducere
1171 1685 1188 1720 ,⁹
1210 1691 1245 1719 ut
1260 1687 1405 1728 Trojanis
1419 1690 1460 1720 ad
1474 1692 1581 1720 votum
1593 1698 1687 1720 cunc-

223 1747 256 1774 ta
271 1743 449 1782 succedant,
465 1752 522 1773 nos
533 1746 637 1774 autem
644 1741 821 1783 perniciosa
843 1745 969 1782 strages
991 1743 1154 1783 cladesque
1174 1744 1322 1783 sequatur
1337 1745 1350 1773 2
1371 1743 1482 1783 Neque
1497 1742 1580 1774 enim
1591 1743 1689 1783 gravi

223 1807 289 1829 sese
298 1807 415 1838 pugnoe
442 1797 647 1832 committent,
663 1806 733 1827 cum
748 1806 843 1828 naves
856 1797 937 1827 mari
947 1797 987 1828 ad
994 1797 1111 1837 sugam
1123 1800 1255 1837 paratas
1278 1797 1432 1838 aspicient
1447 1808 1457 1828 .-
1479 1798 1535 1828 .sed
1547 1798 1687 1837 neglecto

225 1851 304 1884 bello
327 1853 446 1887 cedent,
470 1854 562 1892 atque
585 1851 659 1882 inde
678 1850 838 1883 volabunt.
862 1851 957 1893 [707]
988 1851 1051 1882 Ubi
1076 1852 1165 1892 quale
1191 1851 1355 1883 consilium
1381 1851 1436 1882 hoc
1467 1855 1555 1882 tuum
1569 1850 1688 1889 suerit.

225 1906 398 1948 apparebit.
421 1909 510 1947 patet
525 1904 624 1946 igitur
653 1905 824 1936 Homerum
841 1915 965 1946 quoque
983 1905 1129 1945 sensisse,
1145 1905 1253 1936 obesse
1269 1905 1410 1935 triremes
1426 1903 1466 1935 ad
1481 1904 1689 1946 pugnantium

227 1961 333 2002 fugam
354 1965 488 2002 paratas.
512 1959 630 2001 quippe
657 1959 706 1990 vel
732 1960 842 1990 leones
868 1959 918 1990 his
947 1959 1085 1990 moribus
1112 1960 1160 1990 usi
1190 1970 1297 1990 cervos
1317 1959 1424 2000 fugere
1439 1962 1689 1989 consuescerent.

227 2019 379 2056 praeterea
403 2014 567 2044 civitatum
593 2014 753 2054 potentiae,
770 2025 839 2054 quae
868 2013 1032 2045 navalibus
1048 2014 1148 2055 copiis
1172 2013 1260 2044 fretae
1281 2013 1415 2044 salutem
1444 2017 1688 2054 consequuntur.

225 2069 469 2110 haudquaquam
483 2067 614 2098 honores
641 2066 769 2108 optimae
792 2067 975 2098 bellicarum
1002 2078 1099 2098 rerum
1125 2067 1206 2108 parti
1230 2067 1417 2097 retribuunt.
1440 2077 1514 2096 nam
1535 2076 1609 2097 cum
1623 2071 1690 2096 arte

227 2122 447 2164 gubernatoria
460 2126 493 2151 et
507 2120 737 2162 quinquaginta
752 2120 885 2150 virorum
900 2120 1076 2162 principatu
1093 2126 1126 2151 et
1151 2120 1289 2161 remigio,
1304 2120 1522 2160 variorumque
1537 2124 1569 2150 et
1581 2119 1690 2149 vilium

226 2176 388 2207 hominum
403 2186 496 2216 opere
519 2185 568 2206 res
594 2174 715 2204 navalis
740 2178 874 2215 geratur,
900 2183 962 2203 non
990 2178 1095 2214 potest
1117 2173 1273 2214 quispiam
1297 2177 1382 2204 recte
1403 2173 1536 2202 honores
1559 2172 1691 2213 singulis

225 2231 370 2261 reddere.
392 2229 550 2271 quomodo
564 2238 637 2259 vero
661 2232 746 2259 recte
773 2237 807 2257 se
832 2228 944 2258 habere
968 2227 1079 2257 civitas
1106 2232 1219 2268 potest,
1234 2227 1260 2257 si
1282 2227 1340 2257 hoc
1357 2226 1425 2267 ipso
1440 2225 1561 2267 privata
1571 2225 1689 2256 fuerit?

228 2285 306 2316 Cn.
340 2283 450 2314 Ferme
480 2282 683 2324 impossibile.
713 2287 939 2317 verumtamen,
964 2282 1089 2323 hospes,
1119 2281 1231 2311 navale
1260 2279 1346 2322 apud
1375 2279 1567 2311 Salaminam
1602 2279 1691 2311 Grae—

228 2349 335 2370 corum
361 2338 506 2369 adversus
536 2336 682 2367 barbaros
708 2335 852 2377 proelium
876 2336 1052 2366 universam
1078 2346 1135 2366 nos
1170 2335 1337 2367 Cretenses
1375 2333 1531 2365 Graeciam
1553 2325 1691 2365 servasse

227 2398 383 2435 putamus.
428 2391 567 2422 Arum.
590 2389 688 2432 Atqui
708 2389 798 2420 multi
811 2389 897 2420 istud
911 2396 977 2421 tam
1001 2390 1183 2421 Graecorum
1199 2400 1292 2431 quam
1307 2389 1504 2419 barbarorum
1524 2387 1690 2420 affirmant.

228 2457 287 2488 ego
315 2452 430 2482 autem,
456 2457 476 2476 o
506 2445 615 2481 amice,
642 2450 675 2474 et
700 2444 758 2475 iste
781 2444 944 2485 Meg-illus,
975 2444 1149 2486 pedestrem
1176 2444 1208 2475 in
1234 2444 1422 2474 Marathone
1449 2448 1482 2474 et
1506 2442 1539 2473 in
1562 2442 1692 2473 Plataeis

229 2510 378 2542 pugnam,
391 2500 520 2530 alteram
541 2497 732 2540 principium
753 2497 874 2533 salutis,
896 2498 1025 2528 alteram
1047 2498 1142 2528 finem
1163 2498 1269 2534 fuisse,
1285 2497 1428 2529 dicimus.
1451 2502 1485 2527 et
1500 2496 1549 2526 his
1560 2496 1689 2537 quidem

229 2554 342 2596 pugnis
356 2554 502 2584 meliores
524 2552 651 2584 Graecos
666 2553 764 2583 factos
787 2552 894 2588 fuisse,
911 2552 978 2584 aliis
992 2563 1055 2583 non
1072 2553 1217 2584 meliores
1231 2565 1238 2583 z
1264 2558 1299 2583 ut
1324 2552 1367 2582 ita
1381 2551 1421 2582 de
1432 2544 1560 2592 prteliis,
1575 2550 1688 2598 quibus

229 2613 304 2639 tunc
328 2607 443 2649 pariter
467 2607 579 2637 servati
616 2617 730 2643 sumus,
755 2605 904 2637 dieamus.
938 2607 1020 2637 bello
1049 2607 1133 2638 enim
1170 2606 1254 2648 apud
1280 2605 1471 2636 Salaminam
1497 2610 1585 2645 gesto
1609 2603 1689 2634 illud

229 2661 324 2697 addo,
346 2661 429 2702 quod
452 2662 483 2691 in
521 2660 691 2692 Artemisio
715 2661 913 2692 commissum
935 2661 995 2691 fuit
1017 2661 1216 2692 maritimum.
1251 2660 1369 2691 Verum
1402 2663 1581 2700 spectantes
1603 2668 1688 2690 nunc

228 2716 328 2748 civilis
350 2714 524 2756 disciplinae
548 2715 706 2752 virtutem,
719 2720 752 2746 et
771 2714 908 2757 regionis
929 2722 1082 2751 naturam,
1097 2721 1130 2746 et
1152 2715 1258 2756 legum
1279 2712 1420 2744 ordinem
1442 2711 1691 2744 consideramus.

227 2780 291 2802 non
313 2769 398 2800 enim
420 2769 535 2799 servari
557 2779 593 2800 ac
617 2780 684 2800 esse
714 2770 826 2805 solum,
851 2769 1027 2801 hominibus
1059 2779 1181 2800 summo
1202 2768 1235 2798 in
1258 2767 1358 2809 pretio
1380 2765 1558 2797 habendum
1579 2765 1689 2797 existi-

227 2834 361 2864 mamus,
375 2827 410 2853 ut
423 2822 533 2864 vulgus
555 2828 643 2863 putat
659 2835 664 2852 :
690 2822 746 2854 sed
759 2829 803 2859 ut,
833 2822 982 2864 quamdiu
1009 2828 1091 2859 sunt,
1109 2822 1218 2864 optimi
1235 2821 1308 2853 sint-
1329 2819 1413 2862 quod
1428 2826 1461 2850 et
1476 2819 1508 2850 in
1524 2811 1689 2862 superioriss

227 2879 294 2916 bus,
306 2883 340 2910 ut
354 2876 491 2913 arbitror,
507 2887 523 2907 a
540 2877 629 2908 nobis
645 2883 690 2908 est
707 2877 835 2909 dictum.
852 2876 928 2909 Cm.
953 2877 1082 2910 Dictum
1100 2877 1204 2919 plane.
1234 2875 1371 2908 Arnen.
1393 2874 1431 2906 Id
1448 2874 1553 2916 itaque
1565 2870 1686 2905 tantum
