1840 3225
235 264 285 299 co
830 241 1096 292 PLAToNis
1609 249 1708 301 [236

234 366 290 397 So.
317 362 483 405 Equidem.
530 361 627 392 Mars.
654 359 706 390 An
722 369 826 400 speras
842 357 949 401 eloqui
966 368 1056 399 posse
1081 361 1123 391 te,
1147 355 1172 386 si
1197 366 1276 397 opus
1293 355 1398 393 suerit,
1414 359 1447 387 et
1461 355 1592 388 consilio
1607 357 1705 400 eliga-

236 419 298 449 ris?
345 417 400 448 So.
425 415 511 453 Quid
526 415 646 451 mirum,
663 414 854 449 Menexene,
871 423 920 444 me
937 412 975 442 ad
992 410 1162 442 dicendum
1178 409 1331 450 sufficere,
1345 410 1399 451 qui
1414 410 1592 452 magistram
1609 412 1708 443 haud-

238 481 393 512 quaquam
415 469 588 510 imperitam
614 469 646 498 in
670 467 842 498 Rhetorica
867 471 977 496 nactus
1004 465 1127 501 fuerim,
1145 474 1215 505 quae
1241 469 1273 495 et
1295 463 1373 495 alios
1398 464 1512 495 multos
1526 464 1710 507 eloquentes

238 525 377 556 reddidit
390 529 537 560 oratores,
553 528 585 553 et
612 532 706 552 unum
734 520 914 552 Graecorum
941 519 1080 549 omnium
1109 517 1405 559 praestantissimum,
1422 517 1518 548 filium
1534 517 1710 561 Xanthippi

239 579 414 610 Periclem?
460 577 559 608 ΜΕΝ.
584 577 739 613 Quaenam
756 575 837 605 ista?
862 573 1004 613 nunquid
1023 572 1185 613 Aspasiam
1199 572 1301 602 dicis?
1347 571 1401 603 So.
1424 571 1466 602 Et
1481 573 1560 604 hanc
1576 573 1661 613 dico,
1678 579 1711 604 et

239 633 337 663 filiurn
355 631 504 663 Metrobii
530 630 689 661 Connum.
710 628 742 658 hi
770 638 906 669 namque
929 628 993 657 duo
1019 630 1227 668 praeceptores
1251 625 1325 655 milri
1347 631 1430 665 sunt,
1453 625 1550 668 [236]
1576 626 1707 658 Connus

240 687 374 728 quidem·
385 685 529 721 Musicae,
541 683 676 724 Aspasia
693 693 764 713 vero
777 681 968 712 Rhetoricae.
1013 680 1064 710 Ita
1088 680 1183 721 igitur
1210 679 1363 710 eruditum
1380 679 1476 710 virum
1501 680 1579 711 nihil
1601 681 1710 712 mirum

240 747 288 772 est
303 741 335 771 in
352 741 399 770 his
414 739 612 780 eloquentem
630 747 707 768 esse.
753 736 838 772 Quin
855 735 951 765 immo
973 741 1005 765 et
1029 734 1052 765 si
1070 735 1139 776 quis
1156 734 1248 765 etiarn
1265 734 1401 765 deterius
1416 743 1507 775 quam
1523 744 1582 776 ego
1599 735 1712 766 doctus

239 793 345 831 suerit,
370 792 526 823 Musicani
554 791 683 832 quidem
710 801 730 821 a
752 790 899 830 Lampro,
914 788 1115 819 eretoricam
1132 799 1203 818 vero
1232 789 1270 818 ab
1289 788 1486 829 Antiphonte
1501 787 1711 827 Rhamnusio,

240 848 265 879 is
280 854 382 879 tamen
399 845 513 887 poterit
528 845 739 875 Athenienses
765 843 845 873 inter
867 843 953 883 ipsos
971 842 1184 873 Athenienses
1208 841 1378 882 laudando,
1394 841 1438 873 sic
1461 841 1578 883 eloqui,
1594 847 1628 872 ut
1642 842 1711 883 ejus

240 903 279 932 ab
293 900 484 931 auditoribus
498 899 643 940 probetur
659 897 770 928 oratio.
814 897 913 928 ΜΕΝ.
940 896 1100 933 Quidnam
1117 895 1222 931 babes,
1236 895 1319 936 quod
1335 895 1365 925 in
1393 895 1528 926 medium
1544 896 1667 936 afferas,
1683 896 1710 928 si

239 962 269 986 te
286 955 378 986 verba
393 954 493 984 facere
507 951 699 994 oportuerit?
745 951 802 981 So.
825 949 869 980 Ex
888 960 936 980 me
961 949 1088 990 quidem
1115 948 1244 979 fortasse
1271 948 1360 980 nibil.
1384 949 1438 980 sed
1463 948 1528 979 heri
1543 949 1708 990 Aspasiam

238 1009 337 1050 ipsam
362 1006 467 1038 audivi
484 1007 645 1037 funebrem
672 1005 711 1035 de
738 1004 786 1034 his
815 1003 985 1034 orationem
1010 1003 1192 1034 dictantem.
1215 1003 1377 1033 audiverat
1391 1003 1486 1039 enim,
1503 1012 1574 1044 quae
1588 1007 1621 1034 et
1641 1003 1710 1045 ipse

238 1062 378 1098 dicebas,
396 1060 606 1090 Athenienses
622 1059 756 1100 aliquem
772 1058 926 1088 electuros
943 1067 1020 1092 esse,
1037 1056 1091 1097 qui
1108 1057 1147 1087 de
1173 1056 1220 1086 his
1245 1057 1414 1087 orationem
1433 1057 1570 1089 haberet.
1592 1056 1710 1088 deinde

239 1115 352 1158 partim
370 1115 442 1145 mihi
456 1123 493 1145 ex
507 1113 675 1154 improviso
692 1110 854 1152 transegit,
868 1120 938 1151 quae
955 1110 1092 1141 dicenda
1107 1110 1220 1146 forent,
1235 1110 1346 1150 partim
1361 1120 1429 1141 meo
1446 1109 1573 1151 quidem
1584 1109 1708 1151 judicio

238 1169 454 1211 praemeditata
469 1177 642 1208 exponens,
654 1165 815 1196 funebrem
833 1165 1003 1195 orationem
1020 1164 1194 1200 contexuit,
1211 1174 1303 1205 quam
1316 1164 1394 1195 dixit
1406 1163 1554 1204 Pericles,
1563 1164 1710 1206 reliquias

238 1223 388 1264 quasdam
406 1233 442 1253 ex
457 1222 512 1252 illa
527 1230 731 1262 componens.
776 1219 873 1249 Men.
898 1218 1050 1260 Nunquid
1079 1218 1290 1254 recordareris,
1312 1227 1382 1259 quae
1408 1217 1534 1248 dicebat
1548 1218 1710 1260 Aspasia?

238 1277 293 1308 So.
319 1276 487 1317 Equidem,
513 1275 573 1305 nisi
599 1273 728 1314 injurius
751 1273 820 1303 sim.
844 1273 883 1302 ab
907 1283 945 1303 ea
969 1282 1105 1313 namque
1131 1272 1260 1313 edidici,
1288 1272 1458 1313 parumque
1488 1272 1601 1308 abfuit,
1631 1273 1707 1314 quin

238 1334 366 1372 propter
381 1329 568 1360 oblivionem
586 1327 686 1369 plagis
702 1327 755 1357 illa
773 1337 820 1358 me
849 1327 993 1357 crederet.
1038 1326 1136 1357 ΜΕΝ.
1162 1325 1227 1357 Cur
1252 1336 1313 1356 non
1338 1325 1453 1356 refers?
1498 1326 1554 1357 So.
1578 1325 1709 1363 Vereor,

238 1394 278 1414 ne
307 1382 452 1424 magistra
477 1383 553 1413 mihi
578 1382 796 1417 subirascatur,
812 1381 837 1411 si
860 1381 1031 1411 orationem
1059 1380 1141 1411 illius
1168 1380 1306 1412 edidero.
1352 1380 1450 1412 Men.
1475 1379 1573 1411 Nullo
1598 1386 1706 1422 pacto,

237 1438 390 1469 Socrates.
415 1447 519 1467 verum
535 1435 708 1477 gratificare
723 1435 808 1472 mihi,
826 1445 880 1465 seu
898 1434 1042 1476 Aspasiae
1057 1434 1121 1465 sive
1137 1434 1307 1475 cujuslibet
1323 1433 1450 1464 alterius
1467 1433 1641 1465 orationem
1656 1435 1706 1466 di-

238 1502 307 1523 cere
324 1492 426 1532 placet
442 1503 448 1520 :
474 1490 561 1521 dicas
577 1489 683 1521 modo.
730 1489 785 1520 So.
811 1488 954 1520 Fortasse
971 1499 1019 1519 me
1035 1488 1161 1525 ridebis,
1179 1488 1204 1518 si
1220 1499 1312 1519 senex
1329 1488 1431 1518 adhuc
1444 1487 1543 1528 jocari
1557 1488 1612 1518 tibi
1623 1488 1707 1520 visus

237 1546 336 1576 suero.
382 1545 480 1575 ΜΕΝ.
505 1544 611 1580 Absit,
638 1554 657 1574 o
685 1543 839 1576 Socrates.
862 1543 912 1574 dic
929 1543 1051 1574 amabo.
1096 1543 1149 1574 So.
1175 1542 1248 1573 Mos
1274 1542 1330 1573 tibi
1357 1542 1510 1583 gerendus
1531 1547 1589 1573 est.
1611 1542 1707 1574 ferme

237 1609 373 1640 namque
399 1598 423 1628 si
449 1598 600 1628 nudatum
626 1608 674 1627 me
701 1597 810 1627 saltare
833 1595 975 1637 juberes,
1001 1596 1256 1638 quandoquidem
1284 1596 1342 1627 soli
1363 1606 1479 1633 sumuS,
1510 1597 1706 1638 obsequerer.

235 1653 298 1685 Sed
315 1651 477 1692 audijam.
523 1651 618 1682 Hunc
633 1651 717 1682 enim
741 1651 775 1681 iu
800 1651 939 1687 modum,
954 1656 990 1680 ut
1012 1651 1152 1687 arbitror,
1170 1651 1255 1692 loqui
1279 1650 1387 1692 coepit‚
1419 1660 1543 1681 sumens
1566 1651 1606 1681 ab
1628 1650 1707 1692 ipsis

238 1706 395 1737 defunctis
411 1705 583 1737 exordium.
631 1705 735 1746 Opere
760 1706 887 1747 quidem
903 1705 971 1746 ipso
987 1705 1132 1736 decentia
1149 1705 1195 1735 liis
1211 1705 1295 1746 apud
1311 1715 1368 1735 nos
1383 1704 1522 1735 exhibita
1536 1709 1619 1741 sunt,
1635 1715 1706 1746 quae
1746 1696 1750 1702 ’

234 1760 300 1802 jam
317 1760 451 1795 assecuti
467 1759 524 1790 iter
539 1759 632 1790 fatale
649 1764 759 1801 agunt,
773 1765 834 1790 tarn
850 1759 977 1801 publice
993 1769 1010 1790 a
1027 1759 1165 1796 civitate,
1183 1769 1274 1800 quam
1295 1758 1435 1800 privatim
1452 1769 1468 1789 a
1496 1759 1571 1800 suis,
1586 1759 1707 1800 magni·

237 1812 298 1843 fico
313 1819 439 1854 sumptu
455 1818 488 1844 et
503 1814 659 1854 frequenti
683 1823 833 1844 concursu
860 1813 1057 1854 sequentium
1083 1812 1236 1844 honorati.
1260 1813 1418 1842 verborum
1435 1817 1585 1853 praeterea
1599 1812 1707 1842 lauda-

238 1867 355 1898 tionem
372 1867 447 1898 addi
462 1868 508 1898 lex
521 1867 614 1908 jubet
629 1879 636 1897 :
662 1878 697 1898 ac
714 1867 855 1908 profecto
870 1866 914 1897 ita
932 1867 1034 1898 decet.
1079 1866 1169 1897 Bene
1186 1866 1338 1907 siquidem
1357 1865 1446 1896 rebus
1461 1865 1567 1906 gestis,
1584 1875 1621 1896 ex
1638 1865 1706 1907 ipsa

235 1921 398 1951 verborum
414 1921 627 1961 exornatione,
641 1922 679 1951 ad
694 1931 748 1952 eos
764 1921 817 1962 qui
834 1925 995 1961 gesserunt
1011 1921 1095 1961 apud
1113 1920 1271 1951 auditores
1283 1919 1433 1950 memoria·
1442 1919 1586 1961 perennis
1600 1919 1706 1961 splen-

236 1975 355 2016 dorque
372 1975 525 2015 provenit.
572 1975 619 2006 Ea
636 1985 708 2005 vero
727 1985 806 2015 opus
818 1979 865 2004 est
880 1974 1030 2010 oratione,
1046 1984 1116 2015 quae
1129 1974 1294 2005 defunctos
1305 1973 1378 2005 satis
1393 1973 1510 2010 laudet,
1525 1973 1706 2015 superstites

236 2028 372 2069 benigne
386 2033 512 2058 moneat
527 2040 532 2058 :
559 2027 639 2058 filios
654 2039 759 2059 eorum
782 2028 953 2069 fratresque
971 2029 1010 2058 ad
1037 2028 1157 2059 virtutis
1172 2028 1308 2069 ipsorum
1323 2026 1530 2058 imitationem
1546 2028 1704 2058 hortetur:

235 2086 381 2123 parentes
396 2086 501 2112 autem
516 2086 547 2112 et
572 2081 703 2122 majores
718 2081 807 2118 alios,
823 2082 851 2112 si·
877 2081 931 2122 qui
958 2087 1136 2122 supersunt,
1163 2082 1351 2112 consoletur.
1398 2080 1478 2118 Quae
1493 2080 1590 2122 igitur
1614 2081 1705 2112 nobis

235 2134 305 2165 talis
320 2135 377 2166 erit
392 2135 512 2166 oratio?
537 2136 584 2166 vel
613 2136 696 2166 unde
722 2135 818 2175 [237]
843 2135 1038 2176 potissimum
1066 2135 1232 2176 praeclaros
1259 2134 1386 2166 laudare
1401 2136 1481 2166 viros
1503 2134 1704 2176 incipiemus,

234 2188 289 2230 qui
305 2188 443 2219 viventes
458 2188 570 2220 virtute
587 2189 709 2230 propria
725 2199 796 2219 suos
813 2189 940 2220 mirifice
956 2189 1164 2224 delectavere,
1179 2195 1210 2219 et
1228 2199 1282 2230 pro
1297 2188 1396 2219 salute
1409 2189 1579 2220 viventium
1594 2189 1705 2220 offerre

234 2252 266 2273 se
284 2242 373 2273 morti
399 2253 462 2273 non
488 2242 694 2273 dubitarunt?
741 2243 873 2273 Videtur
895 2243 1000 2284 itaque
1028 2243 1102 2273 mihi
1132 2248 1274 2283 oportere
1300 2243 1472 2274 secundum
1499 2247 1652 2278 naturam,
1668 2248 1703 2273 ut

234 2296 309 2326 boui
335 2296 439 2327 effecti
466 2301 549 2332 sunt,
570 2297 614 2327 ita
637 2307 689 2327 eos
718 2297 854 2328 laudare.
900 2297 984 2327 Boni
1011 2302 1114 2327 autem
1143 2296 1217 2327 ideo
1235 2301 1455 2337 provenerunt,
1471 2296 1544 2338 quia
1560 2307 1598 2328 ex
1613 2296 1704 2327 bonis

235 2355 391 2380 traxerunt
419 2350 581 2391 originem.
629 2351 829 2392 Quapropter
857 2361 1038 2392 generosam
1079 2350 1178 2391 primo
1209 2350 1331 2381 illorum
1363 2351 1488 2392 stirpem
1519 2350 1701 2381 laudemus:

233 2403 349 2434 deinde
365 2404 584 2436 educationem
601 2410 632 2435 et
648 2405 858 2446 disciplinam.
883 2410 1040 2447 postremo
1056 2414 1226 2445 narremus,
1242 2404 1282 2435 ita
1299 2405 1338 2435 ab
1351 2405 1395 2435 eis
1411 2404 1506 2436 fuisse
1522 2414 1570 2435 res
1586 2410 1700 2446 gestas,

234 2462 268 2486 ut
285 2457 416 2488 maxime
432 2459 564 2489 decebat
580 2469 645 2496 eos,
661 2460 714 2500 qui
730 2465 834 2490 essent
848 2470 884 2490 ex
914 2459 1026 2490 talibus
1054 2459 1189 2495 oriundi,
1207 2465 1239 2489 et
1267 2459 1309 2488 ita
1337 2459 1538 2501 postmodum
1563 2458 1702 2490 educati.

234 2510 338 2540 Prima
355 2511 481 2551 quidem
499 2512 619 2553 generis
644 2514 753 2544 horum
780 2514 845 2544 laus
872 2519 931 2549 est,
958 2513 1043 2554 quod
1071 2513 1222 2554 majorum
1240 2513 1326 2554 origo
1343 2513 1424 2543 haud
1443 2513 1606 2554 peregrina
1620 2512 1700 2550 fuit;

233 2573 335 2604 neque
351 2574 541 2596 successores
555 2566 612 2597 hos
627 2566 670 2597 ita
686 2567 737 2598 hic
753 2567 888 2609 reliquit,
906 2567 991 2598 velut
1006 2566 1176 2608 inquilinos
1192 2577 1353 2609 novosque
1377 2567 1531 2607 homines,
1544 2576 1582 2597 ex
1606 2567 1702 2597 adve-

234 2616 281 2645 nis
297 2617 418 2656 genitos
435 2629 441 2648 :
467 2619 521 2649 sed
539 2619 701 2662 indigenas
729 2631 765 2652 ac
789 2631 892 2652 revera
914 2622 948 2652 in
974 2622 1073 2662 patria
1099 2621 1276 2652 habitantes
1292 2621 1505 2662 viventesque,
1521 2625 1554 2651 et
1568 2619 1701 2650 nutritos

233 2680 295 2699 uon
313 2679 329 2699 a
347 2680 480 2702 noverca
495 2674 633 2713 quidem,
652 2681 685 2704 ut
701 2674 765 2711 alii,
781 2675 835 2706 sed
853 2675 970 2717 abipsa
983 2680 1079 2706 matre
1092 2674 1227 2716 ipsorum
1240 2675 1378 2716 regione,
1393 2684 1486 2716 quam
1499 2673 1677 2704 habitarunt
1691 2686 1698 2704 :

232 2724 264 2754 iu
280 2733 340 2764 qua
358 2729 389 2754 et
406 2735 489 2756 nunc
506 2728 682 2758 conduntur
698 2729 763 2760 vita
777 2729 890 2766 functi,
907 2729 982 2770 ipsis
999 2729 1147 2761 videlicet
1163 2730 1193 2759 in
1211 2729 1379 2760 visceribus
1393 2726 1474 2768 ejus,
1491 2737 1562 2769 quae
1579 2727 1701 2769 peperit

233 2787 286 2807 cos
301 2782 332 2806 et
347 2778 456 2808 nutriit
471 2784 503 2808 et
518 2781 652 2820 excepit.
699 2782 760 2812 Par
775 2787 822 2812 est
837 2782 932 2819 en-im,
949 2787 1075 2813 matrem
1101 2782 1200 2824 ipsam
1218 2788 1291 2813 ante
1315 2781 1418 2812 omnia
1441 2781 1604 2812 honorare.
1626 2791 1699 2811 uam

230 2835 273 2871 ita
287 2830 416 2861 maxime
433 2831 540 2862 horum
557 2843 655 2873 genus
671 2836 836 2867 excolitur.
881 2835 938 2867 Est
953 2842 1056 2867 autem
1072 2837 1156 2878 regio
1173 2837 1240 2868 lnaec
1254 2846 1316 2867 nou
1333 2835 1431 2866 solum
1445 2835 1547 2872 nobis,
1561 2835 1617 2866 sed
1632 2845 1700 2866 orn·

230 2883 321 2914 nibus
338 2883 514 2916 hominibus
529 2886 726 2925 celebranda,
743 2900 813 2920 cum
829 2889 897 2920 aliis
914 2890 1016 2920 multis
1034 2891 1073 2921 de
1089 2891 1203 2931 causis,
1221 2895 1285 2920 tum
1302 2900 1338 2921 ex
1354 2889 1414 2920 ltoc
1430 2888 1602 2930 praecipue,
1624 2889 1700 2930 quia

231 2935 291 2966 diis
316 2937 471 2969 carissima
496 2945 552 2970 est.
600 2940 694 2977 Quod
721 2948 852 2974 testatur
877 2944 1004 2976 deorum
1032 2945 1070 2975 ‹le
1099 2945 1155 2976 ime
1174 2944 1253 2974 inter
1267 2953 1299 2974 se
1314 2941 1518 2975 concertatio.
1564 2940 1608 2972 Ea
1623 2951 1699 2972 vem
