1840 3225
251 260 273 294 8
850 251 1113 290 PLATONIS
1649 255 1719 304 [24

251 370 366 390 merare
380 358 549 390 contendo.
597 357 682 388 Pno.
706 354 792 392 Quid
819 355 876 394 ais,
899 366 917 385 ο
943 356 1024 386 bone
1051 355 1115 386 vir?
1161 355 1216 386 So.
1240 356 1359 392 Quarto
1376 355 1479 386 adhuc
1504 366 1615 396 genere
1631 367 1712 397 opus

252 425 319 445 esse
333 418 466 445 constat.
515 411 600 442 Pno.
625 409 794 447 Quonam?
840 409 895 441 So.
919 409 1051 440 Causam
1068 409 1193 440 alteriue
1218 410 1446 440 commixtionis
1469 410 1593 440 istorum
1610 410 1713 440 consi-

253 468 338 503 dera,
352 476 482 507 eamque
499 475 552 505 pra
564 469 609 494 ter
625 463 682 494 tria
698 463 751 493 illa
777 467 918 504 quartum
944 463 1064 503 ponito.
1111 463 1197 494 Pno.
1222 463 1375 505 Nunquid
1400 469 1432 494 et
1454 464 1565 506 quinto
1589 463 1717 504 insuper

252 520 407 560 indigebis
433 519 538 559 aliquo
566 518 784 548 discernente?
831 517 885 548 So.
909 516 1022 547 Forte:
1048 527 1110 547 non
1139 522 1242 548 tamen
1271 518 1301 548 in
1327 518 1501 559 praescntia,
1526 523 1558 548 ut
1575 517 1713 548 arbitror.

249 576 296 606 sin
314 579 416 605 autem
435 584 512 614 opus
529 572 633 612 suerit,
649 571 791 617 ignosces
813 570 888 600 mihi
905 571 1046 612 quintam
1071 571 1163 600 vitam
1188 572 1330 602 sectanti.
1375 571 1462 603 Pno.
1486 571 1572 608 Quid
1589 571 1714 602 obstat?

250 630 304 660 So.
328 628 490 669 Principio
505 637 577 667 ergo
603 637 639 656 ex
657 630 789 666 quatuor
806 625 861 655 tria
878 625 1056 665 seligentes,
1073 625 1198 665 duoque
1215 636 1251 655 ex
1269 625 1365 656 tribus
1389 625 1433 656 sic
1457 636 1489 656 se
1506 626 1618 656 habere
1634 635 1712 656 con·

248 684 429 719 sideremus,
446 687 479 712 ut
496 681 739 722 unumquodque
756 679 886 709 duorum
910 679 948 708 sit
964 679 1072 714 multa,
1088 678 1249 709 dividuum
1274 679 1402 720 insuper
1416 685 1510 720 atque
1525 679 1710 720 dispersum.

247 747 412 778 rursusque
429 736 460 766 in
476 746 573 766 unum
591 739 756 774 utrumque
771 734 934 769 ducentes,
949 733 1084 773 cogitare
1099 733 1245 769 nitamur,
1260 733 1418 773 quomodo
1435 738 1599 774 utrumque
1615 743 1711 763 unum

249 791 385 822 multave
401 790 452 822 sit.
497 790 584 820 Pno.
607 788 638 818 Si
658 787 780 829 planius
796 788 904 818 eadem
931 787 1055 823 dixeris,
1079 787 1157 817 sorte
1181 797 1333 828 assequar.
1379 787 1436 818 So.
1460 786 1534 818 Duo
1555 787 1713 828 profecto,

248 856 318 886 quie
343 844 418 887 [24]
444 842 604 886 proposita
619 848 700 878 sunt,
717 842 779 872 ista
805 841 889 882 dico,
905 841 1023 871 finitum
1048 845 1080 870 et
1093 840 1258 872 infinitum.
1306 841 1402 877 Quod
1426 846 1531 872 autem
1550 840 1707 871 infinitum

247 900 344 930 multa
361 897 592 940 quodammodo
607 897 658 932 sit,
681 896 817 927 conabor
842 895 1029 925 ostendere:
1054 894 1177 925 finitum
1203 905 1273 925 vero
1299 895 1330 925 in
1358 884 1514 936 posterum
1539 894 1712 926 differatur.

247 955 334 986 Pao.
358 952 540 984 Differatur.
586 951 643 981 So.
666 949 807 980 Attende
823 949 925 990 igitur.
948 949 1076 979 arduum
1093 958 1228 989 namque
1243 954 1336 990 atque
1353 948 1485 980 maxime
1501 948 1709 979 dubitandum

249 1013 306 1043 est,
323 1006 408 1048 quod
422 1005 617 1037 considerare
631 1009 662 1035 te
674 1003 784 1044 jubeo.
808 1008 943 1033 attamen
960 1002 1181 1034 animadverte.
1205 1003 1343 1033 Primum
1361 1008 1463 1033 autem
1481 1002 1562 1034 circa
1577 1003 1711 1034 calidius

248 1062 452 1103 frigidiusque
467 1059 640 1094 considera,
657 1063 758 1088 utrum
773 1057 935 1087 terminum
953 1057 1088 1097 aliquem
1104 1056 1135 1086 in
1151 1056 1195 1086 eis
1211 1056 1256 1085 iux
1266 1057 1351 1087 enias
1365 1069 1372 1086 :
1390 1067 1428 1086 an
1447 1056 1551 1097 potius
1567 1056 1662 1097 magis
1674 1066 1711 1087 ac

249 1116 351 1146 minus
366 1116 439 1145 dutn
455 1114 493 1144 iis
517 1112 679 1154 generibus
695 1112 811 1147 insunt,
836 1111 928 1140 linem
953 1110 1106 1151 rejiciant.
1131 1109 1192 1140 fine
1209 1120 1344 1151 namque
1360 1110 1512 1150 adhibito,
1527 1109 1595 1151 ipsa
1617 1109 1712 1141 etiam

248 1170 420 1201 finirentur.
467 1168 555 1199 Pno.
580 1166 664 1197 Vera
693 1165 838 1206 loqueris.
885 1165 940 1195 So.
964 1164 1092 1204 Semper
1116 1168 1218 1193 tamen
1243 1162 1274 1193 in
1298 1163 1367 1204 ipso
1395 1162 1536 1194 calidiori
1562 1168 1595 1194 et
1627 1162 1712 1204 frigi-

249 1224 330 1255 diori
346 1223 443 1264 magis
459 1232 495 1252 ac
521 1221 624 1251 minus
640 1230 706 1250 esse
721 1219 862 1249 fatemur.
907 1217 993 1250 Pno.
1015 1217 1056 1247 Et
1073 1216 1204 1247 maxime
1228 1216 1368 1257 quidem.
1414 1217 1469 1247 So.
1493 1216 1622 1258 Semper
1636 1227 1711 1258 ergo

247 1277 338 1308 nobis
354 1277 420 1307 lraec
436 1275 512 1306 ratio
529 1278 692 1310 monstrat,
707 1273 746 1303 ab
762 1272 797 1302 iis
813 1272 904 1302 finem
923 1271 1030 1301 abesse
1047 1282 1053 1302 :
1071 1276 1103 1301 et
1118 1281 1188 1301 cum
1205 1270 1271 1301 sine
1288 1270 1348 1300 fine
1360 1269 1432 1306 sint,
1446 1270 1574 1301 omuino
1585 1270 1711 1302 infinita

248 1331 326 1362 fieri.
356 1331 444 1361 Pno.
470 1329 691 1364 Vehementer,
709 1338 727 1358 o
744 1326 897 1357 Socrates.
933 1326 989 1355 So.
1015 1324 1113 1365 Euge,
1131 1324 1228 1355 amice
1246 1324 1427 1360 Protarche,
1443 1324 1713 1362 advertistinunc,

247 1386 331 1428 quod
347 1385 406 1415 hoc
423 1384 523 1425 ipsum
550 1383 748 1412 vehementer
763 1381 816 1410 abs
833 1385 863 1410 te
881 1381 971 1410 modo
995 1379 1242 1420 pronuntiatum,
1259 1383 1289 1409 et
1304 1378 1404 1419 ipsum
1420 1389 1546 1420 quoque
1562 1379 1646 1420 quod
1662 1390 1710 1410 re-

247 1442 338 1472 misse
355 1439 480 1479 dicitur,
496 1437 627 1468 eandem
654 1435 715 1465 vim
732 1435 858 1470 habent,
875 1445 967 1475 quam
993 1433 1095 1474 ipsum
1121 1432 1217 1473 magis
1241 1433 1380 1473 ipsumve
1397 1433 1509 1465 minus,
1531 1433 1711 1474 ubicunque

244 1495 327 1526 enim
343 1494 467 1528 adsunt,
493 1490 576 1521 haud
593 1494 742 1530 quantum
760 1488 1004 1528 unumquodque
1028 1497 1094 1517 esse
1119 1486 1314 1527 permittunt,
1338 1487 1391 1517 scd
1407 1497 1529 1528 semper
1544 1487 1709 1518 vehemen-

246 1549 308 1580 tius
323 1545 487 1578 remissiori
504 1550 536 1576 et
551 1543 684 1574 vicissim
699 1541 920 1573 vehementiori
933 1541 1086 1571 remissius
1100 1540 1244 1570 omuibus
1256 1540 1431 1571 actionibus
1441 1541 1620 1581 inferentia,
1638 1540 1710 1582 plus

246 1613 282 1633 ac
300 1602 399 1632 minus
414 1599 554 1630 efficiunt
568 1610 574 1627 z
600 1602 750 1639 quantum
767 1606 838 1626 vero
855 1606 976 1636 semper
992 1595 1169 1626 obscurant.
1214 1594 1287 1625 Nisi
1303 1595 1385 1625 enim
1402 1594 1529 1626 deleant
1543 1600 1711 1635 quantum,

247 1656 300 1687 sed
317 1660 349 1686 et
371 1655 470 1695 ipsun·
487 1657 518 1683 ct
536 1656 741 1682 mensuratum
766 1650 870 1679 sedem
896 1648 1002 1689 ipsius,
1018 1649 1102 1690 quod
1127 1648 1251 1684 dicitur,
1276 1648 1489 1679 vehementius
1505 1653 1537 1679 et
1552 1648 1709 1679 remissius

246 1710 405 1751 magisque
421 1713 451 1737 ct
472 1707 572 1737 minus
589 1714 742 1745 occupare
770 1703 962 1744 permittant,
990 1703 1056 1733 haec
1082 1701 1149 1743 ipsa
1177 1706 1305 1743 repente
1329 1713 1346 1732 e
1373 1712 1429 1732 sua
1453 1702 1526 1733 sede
1542 1702 1710 1744 pellentur.

246 1774 348 1805 neque
364 1763 446 1796 enim
462 1760 592 1792 calidius
610 1764 641 1789 ct
655 1758 795 1799 frigidius
813 1757 890 1787 ultra
907 1761 1066 1792 restarent,
1083 1756 1106 1786 si
1117 1761 1266 1797 quantum
1279 1757 1484 1796 susceperint.
1530 1755 1710 1797 Diffugient

245 1828 371 1858 nempe,
396 1827 454 1846 nec
479 1815 557 1845 ultra
580 1813 753 1844 consistent
775 1812 877 1852 ipsum
900 1810 1033 1841 calidius
1055 1816 1087 1841 et
1109 1810 1270 1851 frigidius:
1296 1815 1446 1851 quantum
1472 1820 1542 1840 vero
1557 1810 1711 1851 regnabit,

247 1870 460 1913 progressione
475 1873 626 1899 cessante.
674 1866 882 1903 Quamobrem
908 1865 966 1896 hac
993 1864 1110 1895 ratione
1137 1864 1269 1895 calidius
1284 1869 1316 1895 et
1342 1864 1485 1905 frigidius
1502 1864 1622 1894 infinita
1641 1863 1708 1904 jam

245 1936 311 1957 esse
327 1928 459 1956 constat.
485 1923 569 1954 Pno.
593 1922 644 1951 Sic
657 1925 797 1962 apparet,
815 1930 832 1949 o
849 1919 1002 1950 Socrates,
1027 1924 1240 1955 veruntamen,
1257 1923 1291 1948 ut
1307 1918 1373 1959 ipse
1389 1917 1504 1954 dixisti,
1521 1917 1604 1948 haud
1616 1917 1707 1948 facile

241 1979 301 2010 ista
318 1977 434 2020 percipi
452 1981 593 2018 possunt.
616 1975 693 2005 forte
721 1985 792 2005 vcro
815 1973 964 2014 deinceps
980 1972 1089 2004 iterum
1107 1973 1251 2014 repetita,
1274 1972 1515 2013 interrogantem
1540 1971 1653 2013 pariter
1675 1976 1708 2002 et

242 2033 481 2074 respondentem
498 2029 674 2070 conspirare
690 2028 822 2059 invicem
839 2027 1052 2058 declarabunt.
1097 2027 1151 2058 So.
1176 2026 1264 2057 Bene
1280 2026 1373 2066 dicis,
1395 2031 1488 2067 atque
1503 2025 1548 2056 ita
1564 2036 1619 2067 pro
1635 2025 1708 2056 viri·

244 2088 302 2118 bus
319 2086 473 2127 agendum
490 2089 546 2115 est.
593 2083 654 2113 Sed
672 2083 791 2112 intuere
816 2081 959 2123 primum,
976 2091 1050 2111 num
1068 2080 1099 2110 id
1117 2080 1237 2121 signum
1262 2090 1413 2121 ponamus
1428 2079 1559 2110 infinitae
1576 2085 1707 2117 natum,

245 2151 284 2170 nc
300 2139 423 2179 singula
437 2141 676 2168 transcurrentes
692 2136 861 2166 orationem
878 2135 909 2165 in
926 2135 1052 2175 longum
1068 2134 1198 2164 nimium
1213 2134 1438 2174 protrahamus.
1483 2132 1570 2164 Pno.
1595 2132 1707 2169 Quod-

240 2205 312 2224 nam
329 2192 425 2224 dicis?
473 2193 528 2223 So.
551 2192 756 2231 Quaecunque
774 2190 871 2231 magis
888 2200 924 2220 ac
942 2189 1056 2225 miuus,
1072 2189 1270 2219 vehementer
1282 2192 1375 2228 atque
1389 2186 1526 2222 remisse,
1537 2186 1704 2228 nimisque,

243 2253 274 2278 et
288 2246 465 2288 hujusmodi
478 2245 621 2287 quandam
633 2244 812 2280 adiiiittunt,
823 2243 976 2274 cunctain
990 2253 1084 2273 unum
1098 2241 1213 2272 infiniti
1227 2252 1324 2282 genus
1339 2240 1415 2282 [25]
1433 2240 1610 2271 reducenda
1624 2245 1709 2277 sunt,

245 2301 507 2343 quemadmodum
524 2309 615 2339 supra
632 2298 777 2333 diximus,
801 2302 970 2328 asserentes
986 2297 1089 2327 omnia
1105 2306 1175 2337 quae
1191 2294 1320 2325 dividua
1344 2294 1545 2335 dispersaque
1567 2299 1650 2329 sunt,
1673 2293 1709 2324 in

246 2366 342 2386 unum
360 2359 500 2395 oportere
517 2353 634 2393 colligi,
651 2352 885 2392 secundumque
902 2351 963 2381 vim
982 2361 1086 2387 unam,
1104 2350 1189 2380 velut
1206 2360 1297 2380 unam
1311 2348 1468 2390 quandam
1482 2352 1634 2384 naturam,
1647 2347 1709 2388 sig·

245 2409 375 2442 nificari.
401 2407 610 2438 meministin?
656 2406 744 2436 Pno.
769 2406 913 2436 Memini.
958 2406 1012 2436 So.
1037 2406 1116 2442 Qua:
1141 2414 1211 2434 reto
1237 2403 1309 2434 talia
1333 2402 1476 2444 quaedam
1505 2401 1630 2432 minime
1657 2411 1709 2432 ca-

245 2463 349 2504 piunt,
365 2462 418 2492 scd
435 2471 538 2492 eorum
556 2459 709 2490 contraria
723 2464 754 2489 et
769 2465 895 2499 cuncta,
911 2460 1010 2500 primo
1027 2459 1154 2500 quidem
1171 2456 1290 2498 oequale
1313 2457 1414 2497 ipsum
1431 2461 1527 2496 atque
1544 2455 1707 2496 aequalita-

244 2522 305 2548 tem
322 2528 328 2546 :
355 2521 425 2557 post
441 2514 560 2556 aequale
578 2524 646 2544 mox
663 2513 806 2554 duplum,
823 2520 853 2544 et
869 2513 1006 2554 singulas
1030 2513 1102 2543 inde
1120 2512 1350 2554 proportiones,
1374 2519 1577 2551 quascunque
1592 2509 1631 2540 od
1648 2519 1707 2539 nu-

245 2581 359 2602 merum
387 2580 532 2599 numerus
559 2573 591 2599 et
615 2568 653 2597 ad
682 2578 853 2598 mensuram
881 2578 1023 2598 mensura
1050 2567 1242 2598 demonstrat
1258 2577 1264 2595 :
1291 2565 1369 2600 liaec,
1392 2564 1534 2604 inquam,
1554 2561 1658 2592 omnia
1673 2561 1706 2592 in

244 2635 341 2666 genus
368 2623 445 2653 finiti
474 2622 582 2652 merito
614 2621 814 2651 referremus?
849 2622 924 2662 quid
954 2621 999 2651 ais
1028 2621 1068 2651 ad
1097 2621 1163 2651 haec
1179 2620 1190 2650 ?
1237 2619 1324 2650 Pno.
1347 2617 1497 2648 Praeclare
1524 2615 1666 2652 nimium,
1689 2626 1709 2645 o

244 2680 395 2709 Socrates.
451 2676 505 2706 So.
539 2675 627 2706 Esto.
674 2674 820 2715 Agedum
859 2686 895 2705 ex
935 2675 1072 2716 utrisque
1108 2674 1320 2709 commistum,
1361 2681 1454 2714 quam
1492 2669 1593 2700 ideam
1629 2669 1708 2701 serre

242 2731 404 2764 dicemus?
450 2730 539 2760 l‘uo.
562 2729 600 2759 Id
631 2729 703 2759 milri
736 2735 767 2759 tu
804 2729 901 2766 dices,
942 2734 976 2759 ut
1011 2729 1150 2760 arbitror.
1197 2728 1252 2759 So.
1276 2726 1376 2757 Immo
1405 2723 1493 2755 Deus
1510 2735 1517 2753 ε
1556 2723 1583 2754 si
1613 2722 1707 2753 modo

244 2786 313 2828 quis
346 2785 434 2816 Deus
459 2794 540 2814 mens
565 2794 672 2824 preces
693 2783 849 2813 exaudiat.
909 2783 995 2813 I‘no.
1034 2783 1173 2813 Obsecra
1197 2781 1291 2823 igitur
1313 2785 1345 2810 et
1375 2776 1599 2818 contemplare.
1651 2776 1709 2807 So.

244 2839 449 2881 Contemplor
474 2848 558 2868 sane.
583 2847 619 2868 ac
646 2835 719 2867 mihi
746 2835 868 2866 videtur
897 2835 1035 2866 Deorum
1061 2835 1173 2876 uliquis
1200 2834 1289 2864 nobis
1314 2832 1413 2863 amice
1439 2839 1523 2860 nuuc
1548 2829 1710 2871 aspirasse.

244 2894 332 2926 Pno.
355 2894 428 2930 Quo
445 2897 536 2934 pacto
554 2892 584 2922 id
602 2891 644 2922 ais
660 2891 669 2921 ?
694 2896 800 2931 etqua
816 2890 997 2931 conjectura
1015 2890 1128 2919 uteris?
1176 2889 1232 2919 So.
1256 2887 1369 2918 Dicam
1386 2884 1478 2927 plane
1494 2895 1501 2914 2
1527 2889 1559 2914 tu
1577 2893 1647 2914 vero
1660 2889 1709 2914 at-

247 2949 340 2979 tentis
356 2947 479 2978 auribus
495 2946 595 2978 adsta.
642 2944 727 2977 Pno.
752 2944 813 2974 Dic
830 2944 933 2974 modo.
978 2944 1033 2973 So.
1058 2943 1239 2974 Calidiusne
1255 2940 1375 2982 aliquid
1401 2947 1484 2969 nunc
1511 2942 1543 2968 et
1564 2936 1708 2978 frigidius

246 3002 451 3033 dicebamus?
498 3000 583 3030 Pno.
609 2998 713 3031 Certe.
759 2998 814 3028 So.
841 2998 932 3028 Adde
948 3003 1092 3039 praetcrea
1108 2997 1219 3029 siccius
1243 3001 1274 3027 «t
1301 2993 1470 3027 humidim,
1491 2992 1560 3033 plus
1576 3001 1612 3022 ac
1630 3000 1709 3032 pau-
