1840 3225
173 182 268 232 791]
607 181 680 219 DE
716 158 959 218 memus
977 180 1080 221 ΠΒ.
1107 180 1198 219 vn.
1553 183 1630 221 365

170 286 256 327 apud
284 294 343 317 nos
366 296 429 318 non
453 285 544 327 pueri
569 285 680 322 solum,
704 294 808 315 verum
835 283 931 314 etiam
954 284 1092 315 seniores
1117 285 1215 326 aliqui
1231 284 1334 316 avium
1348 283 1452 327 pullos
1465 285 1574 317 alunt:
1599 292 1632 316 et

171 338 212 370 ad
243 345 383 371 mutuam
412 341 495 371 inter
519 340 605 381 ipsas
629 349 703 370 aves
728 348 869 380 pugnam
889 344 1055 370 exercent:
1081 349 1118 370 ac
1143 340 1236 380 longe
1264 339 1387 377 absunt,
1403 340 1583 377 utlabores‚
1598 339 1631 371 in

171 394 285 436 quibus
311 395 396 436 ipsas
423 400 605 426 exercentes
631 393 762 435 agitant,
787 392 964 424 moderatos
987 393 1062 435 ipsis
1087 398 1210 434 putent.
1231 393 1289 424 sed
1314 394 1351 424 ad
1368 395 1435 425 brec
1451 394 1582 425 minores
1597 395 1632 424 in

172 449 326 485 manibus,
341 449 473 491 majores
487 449 543 479 sub
558 449 634 478 ulna
649 448 822 489 capienteS,
845 457 909 478 non
934 457 996 478 suae
1023 447 1078 478 sed
1094 448 1200 478 harum
1218 448 1321 478 avium
1337 449 1426 479 bonre
1443 448 1634 479 habitudinis

173 503 283 544 gratia.
298 513 354 544 per
367 503 466 534 multa
481 502 583 533 stadia
596 502 787 543 gradiuntur.
800 502 833 532 in
847 512 909 543 quo
925 512 1000 532 sane
1017 502 1136 533 homini
1151 501 1370 543 intelligentia·
1385 503 1521 544 compoti
1536 503 1632 543 signi-

173 557 281 593 ficant,
297 557 476 598 corporibus
491 557 634 588 omnibus
652 561 770 587 motum
789 556 1055 597 agitationemque
1079 565 1142 586 non
1164 556 1348 586 laboriosam
1360 556 1520 597 prodesse,
1534 557 1599 586 sive
1616 566 1635 586 a

171 621 204 642 se
216 612 304 652 ipsis,
317 612 382 642 sire
395 611 426 641 in
441 611 606 650 vehiculis,
616 621 669 641 seu
679 621 771 646 nave,
783 611 849 641 sive
863 611 962 652 equis,
974 611 1038 641 sive
1049 610 1330 651 quomodocunque
1343 611 1431 640 aliter
1444 616 1637 641 moveantur.

174 669 206 695 et
220 670 347 706 propter
361 666 427 696 haec
444 665 583 696 ciborum
599 670 756 706 potusque
773 665 955 695 alimentum
972 665 1162 706 superantia,
1178 665 1355 703 sanitatem,
1369 665 1635 705 pulchritudinem

173 724 207 749 et
232 719 313 749 vires
335 719 424 750 nobis
450 719 587 760 praebere
602 724 744 760 possunt.
767 730 837 760 qua:
852 730 925 750 cum
940 719 986 749 ita
1001 729 1032 749 se
1049 719 1196 754 habeant,
1212 719 1287 760 quid
1305 720 1435 760 posthac
1451 719 1634 749 faciundum

165 783 338 815 'censemus
354 773 364 803 ?
389 774 524 804 vultisne
541 784 612 804 cum
626 773 690 804 risu
704 773 799 804 verba
811 773 972 809 faciamus,
988 774 1074 813 leges
1089 778 1253 814 ponentes,
1267 778 1301 803 ut
1312 783 1474 814 praegnans
1484 772 1637 803 deambu-

171 827 230 867 let,
253 832 286 858 et
307 832 400 858 natus
426 828 517 869 quasi
539 838 609 858 cera
626 828 770 868 fingatur,
787 827 935 869 quamdiu
952 833 1040 857 tener
1055 833 1114 863 est,
1130 837 1166 857 ac
1180 828 1219 857 ad
1236 827 1399 857 biennium
1412 837 1510 868 usque
1522 828 1639 858 institis

172 881 381 923 astrIngatur?
404 883 543 912 nutrices
571 888 720 922 praeterea
743 893 797 923 per
813 882 899 923 leges
914 881 1061 923 imposita
1074 882 1191 911 mulcta
1205 892 1364 923 cogamus.
1379 887 1415 912 ut
1430 882 1478 912 vel
1495 882 1534 912 ad
1549 891 1639 921 agros

172 937 224 967 vel
253 937 293 966 ad
314 937 433 977 templa
458 937 510 967 vel
537 937 599 967 alio
623 936 664 966 ad
689 947 773 972 suos,
788 936 889 966 donec
905 946 960 977 per
975 946 1008 966 se
1025 941 1107 966 stare
1125 936 1255 976 possint,
1273 946 1386 976 pueros
1401 936 1581 976 perferant?
1606 942 1639 966 at

173 990 280 1026 etiam,
295 1001 365 1022 cum
382 997 464 1021 stare
479 992 642 1032 coeperint,
659 1002 698 1021 ne
714 991 863 1033 ponderis
878 990 1027 1020 violentia
1052 990 1190 1020 membra
1203 995 1330 1031 propter
1343 990 1511 1021 mollit-iem
1526 989 1638 1021 distor-

173 1051 339 1087 queantur,
369 1051 493 1087 gestent
523 1047 637 1081 adhuc,
667 1055 828 1087 quousque
860 1045 1029 1075 triennium
1060 1044 1196 1075 infantes
1227 1044 1410 1085 exegerint?
1444 1045 1506 1075 sint
1532 1051 1638 1075 autem

173 1100 318 1136 robustae,
342 1100 446 1141 quoad
470 1101 536 1131 fieri
560 1105 676 1142 potest,
692 1101 848 1130 nutrices:
874 1110 933 1130 nec
951 1109 1013 1129 una
1028 1099 1140 1135 solum,
1156 1098 1213 1129 sed
1228 1098 1346 1140 plures.
1372 1099 1468 1141 [790]
1493 1105 1526 1130 et
1542 1099 1574 1130 in
1591 1100 1639 1130 his

172 1154 306 1195 sing-ulis
319 1165 455 1195 poenam,
469 1155 529 1185 nisi
545 1155 632 1189 fiant,
649 1154 773 1195 scriptis
786 1153 910 1194 legibus
924 1153 1139 1193 imponamus?
1152 1153 1301 1199 yelnullo
1316 1152 1407 1184 modo
1422 1153 1467 1184 sic
1483 1164 1612 1194 agamus
1626 1154 1637 1183 ?

174 1208 261 1250 quod
290 1209 376 1240 enim
403 1208 497 1240 modo
521 1209 667 1245 diximus,
688 1207 812 1239 abunde
841 1207 931 1238 nobis
954 1207 1121 1237 accideret.
1166 1208 1242 1239 Cu.
1266 1206 1449 1244 Quidnam?
1497 1207 1638 1240 Arum<-

173 1262 290 1294 Risum
305 1263 447 1304 profecto
472 1264 504 1293 in
529 1274 585 1294 nos
597 1263 760 1304 ingentem
775 1272 1026 1304 provocaremus.
1048 1272 1120 1292 nam
1139 1272 1238 1292 mores
1251 1262 1455 1292 nutrientium
1474 1262 1640 1292 muliebres

174 1321 268 1359 atque
294 1317 425 1348 serviles
449 1318 539 1348 nobis
565 1318 781 1359 obtemperare
804 1318 938 1347 nollent.
985 1317 1061 1348 CLr.
1085 1315 1187 1357 Cujus
1201 1317 1300 1357 gratia
1314 1316 1407 1357 igitur
1423 1315 1556 1347 dicenda
1571 1317 1639 1347 haec

174 1372 372 1413 putavimus?
417 1371 556 1403 Arnen.
582 1372 668 1409 Quia
691 1372 810 1403 domini
832 1377 865 1402 et
876 1371 967 1402 liberi
982 1370 1097 1401 civium
1113 1370 1209 1401 animi
1220 1370 1362 1406 forsitan,
1378 1381 1450 1401 curn
1466 1370 1532 1401 haee
1549 1370 1639 1400 audi-

172 1426 286 1466 verint,
299 1426 394 1468 probe
410 1426 602 1468 intelligent‚
617 1426 713 1468 quod,
730 1427 787 1457 nisi
805 1426 926 1468 privata
939 1430 1024 1457 recte
1041 1424 1297 1456 administrentur
1320 1425 1354 1455 in
1378 1425 1515 1461 civitate,
1529 1424 1642 1454 frustra

172 1490 224 1511 res
239 1491 421 1512 communes
435 1486 541 1522 sperat
553 1481 622 1522 quis
638 1481 813 1512 firmitatem
831 1480 970 1522 aliquam
985 1481 1017 1511 in
1033 1479 1153 1521 leg-ibus
1166 1479 1342 1510 habituras:
1359 1485 1452 1520 atque
1466 1479 1532 1509 haec
1541 1479 1636 1509 intel-

171 1535 307 1576 ligentes
322 1535 381 1571 his,
397 1546 467 1577 quae
480 1536 572 1566 modo
588 1535 735 1571 diximus,
752 1540 904 1576 tanquam
920 1534 1042 1575 legibus
1055 1534 1245 1575 quibusdam
1262 1539 1408 1564 utentur:
1433 1544 1565 1574 quorum
1579 1544 1639 1564 usu

174 1590 296 1621 familia
309 1596 341 1621 et
355 1590 534 1632 respublica
548 1590 629 1620 bene
656 1590 828 1631 gubernata
844 1590 978 1620 feliciter
992 1589 1110 1619 vivent.
1157 1588 1235 1619 ΟΜ.
1258 1587 1364 1619 Valde
1393 1592 1638 1618 consentaneum

175 1649 234 1681 est,
262 1644 348 1686 quod
378 1644 494 1676 dixisti.
541 1644 679 1674 ArrrnN.
703 1644 755 1674 Ne
780 1643 958 1674 desinamus·
972 1653 1046 1684 ergo
1061 1643 1100 1673 ab
1115 1642 1296 1684 hujusmodi
1318 1642 1542 1683 legumlatione
1557 1648 1640 1678 ante,

173 1709 268 1740 quam
281 1699 455 1730 animorum
468 1709 593 1740 quoque
607 1699 722 1734 studia,
739 1709 807 1739 quae
825 1699 864 1728 ad
879 1703 1003 1728 teneros
1016 1697 1183 1728 admodum
1203 1707 1314 1738 pueros
1330 1697 1503 1738 pertinent,
1519 1696 1638 1728 descri-

172 1753 301 1784 bamus:
341 1759 374 1784 et
400 1754 444 1784 ita
473 1754 569 1784 simili
598 1763 722 1794 quoque
750 1754 855 1789 modo,
884 1758 920 1783 ut
948 1753 988 1783 de
1031 1752 1214 1793 corporibus
1243 1751 1431 1792 incepimuS,
1463 1761 1638 1781 sermonem

174 1808 384 1840 absolvamus.
427 1808 505 1839 Cm.
527 1807 631 1839 Recte
659 1808 816 1838 nimirum.
863 1806 1004 1838 Arnen.
1028 1806 1101 1838 Hoc
1123 1807 1219 1847 igitur
1233 1811 1381 1847 tanquam
1399 1805 1588 1836 elementum
1600 1805 1641 1836 ad

173 1863 346 1906 utriusque,
371 1869 433 1894 tam
460 1862 557 1894 animi
583 1872 675 1904 quam
689 1862 828 1903 corporis
840 1862 1020 1898 infantium,
1038 1862 1159 1892 cultum
1172 1861 1374 1901 accipiamus,
1391 1867 1576 1900 perpetuam
1591 1859 1642 1890 die

174 1923 332 1960 nocteque
345 1918 552 1949 nutritionem
564 1917 832 1957 agitationemque
849 1916 1022 1947 adhibitam
1036 1915 1180 1946 omnibus
1195 1915 1325 1956 quidem
1340 1913 1490 1949 conferre,
1508 1913 1642 1944 maxime

175 1982 250 2004 vero
266 1972 450 2008 tenerrimis,
465 1977 502 2002 ut
516 1972 542 2002 si
558 1972 625 2001 fien‘
642 1971 750 2012 possit,
767 1971 812 2001 sic
828 1970 980 2006 habitent,
997 1970 1085 2011 quasi
1100 1975 1253 2011 perpetuo
1275 1969 1471 2009 navigarent.
1494 1968 1642 2009 quoniam

176 2032 283 2058 autem
297 2027 365 2058 fieri
380 2026 501 2068 nequit,
512 2026 655 2067 proxime
671 2025 713 2056 ad
729 2026 785 2056 hoc
799 2025 831 2056 in
849 2025 994 2056 curandis
1010 2025 1183 2055 infantibus
1198 2022 1424 2055 accedendum.
1439 2022 1524 2063 quod
1539 2027 1642 2054 autem

175 2081 243 2112 fieri
269 2086 423 2123 oporteat,
449 2080 627 2122 conjectare
652 2080 727 2110 hinc
751 2080 838 2116 licet,
865 2079 950 2120 quod
965 2079 1107 2121 periculo
1122 2084 1187 2109 tam
1201 2088 1369 2119 puerorum
1381 2076 1530 2112 nutrices,
1544 2087 1642 2118 ‚quam

175 2147 245 2178 quae
274 2135 423 2167 remediis
449 2135 675 2178 Corybantium
688 2140 812 2170 vacant,
826 2134 860 2165 id
873 2145 941 2165 esse
957 2134 1031 2165 utile
1045 2137 1267 2175 cognoverunt.
1290 2133 1541 2174 quandocunque
1558 2131 1642 2169 enim

176 2190 310 2222 dormire
321 2200 437 2232 pueros
452 2191 491 2221 ad
508 2200 650 2221 somnum
664 2189 817 2220 tardiores
833 2194 947 2219 matres
962 2189 1105 2229 cupiunt,
1120 2198 1184 2218 non
1199 2187 1305 2228 quiete
1319 2187 1379 2217 hoc
1391 2196 1493 2226 neque
1506 2185 1644 2221 silentio,

176 2245 234 2276 sed
249 2245 409 2277 contrariis
424 2245 555 2278 faciunt.
566 2245 600 2275 in
614 2244 695 2275 ulnis
711 2243 796 2274 enim
810 2248 938 2285 portant
952 2244 1135 2285 agitantque
1150 2252 1285 2283 semper,
1298 2246 1331 2271 et
1343 2241 1416 2271 illos
1431 2240 1518 2270 vocis
1532 2239 1642 2270 modu·

176 2299 307 2335 latione,
332 2304 483 2340 tanquam
509 2299 652 2330 tibicinio
679 2298 826 2340 quodam,
849 2299 1014 2329 mulcent:
1040 2303 1073 2328 et
1088 2295 1357 2338 quemadmodum
1371 2295 1405 2325 in
1422 2294 1641 2325 debacchatio-

177 2363 255 2384 num
277 2353 448 2384 furentium
469 2353 617 2384 remediis
633 2353 679 2389 fit,
697 2352 872 2395 hujusmodi
888 2353 1070 2394 agitationis
1087 2353 1202 2383 chorea
1215 2360 1366 2391 musaque
1384 2354 1522 2380 utuntur.
1568 2349 1643 2381 C1.r.

179 2407 335 2445 Quaenam
360 2408 470 2438 horum
493 2407 689 2448 potissimum
714 2417 809 2438 causa
835 2407 926 2438 nobis
949 2411 1008 2442 est,
1040 2406 1180 2447 hospes?
1226 2404 1365 2435 Arnen.
1389 2403 1463 2434 Non
1483 2410 1533 2433 est
1549 2404 1643 2434 valde

179 2462 316 2493 difficilis
329 2462 467 2502 cognitu.
504 2461 582 2492 Cm.
606 2461 679 2498 Quo
695 2467 788 2502 pacto
805 2462 816 2491 ?
855 2461 994 2493 Arnen.
1018 2461 1169 2502 Utraeque
1185 2461 1232 2490 hae
1248 2458 1410 2500 passiones
1425 2458 1456 2487 in
1471 2458 1642 2488 metuendo

179 2516 355 2548 consistunt
370 2527 376 2546 ε
401 2522 475 2547 sunt
489 2516 574 2546 enim
587 2515 768 2547 formidines
785 2515 941 2557 quaedam,
959 2521 1084 2557 propter
1098 2515 1217 2545 malum
1232 2513 1366 2554 aliquem
1383 2512 1479 2542 animi
1493 2511 1644 2542 habiturn.

181 2570 279 2614 [791]
304 2571 431 2613 quando
460 2571 556 2612 igitur
583 2571 622 2601 ab
648 2571 852 2602 exterioribus
882 2571 995 2612 aliquis
1026 2570 1067 2600 ad
1093 2570 1148 2600 hos
1173 2568 1304 2599 affectus
1320 2566 1524 2607 agitationem
1538 2566 1645 2602 insert,

179 2626 280 2657 vincit
305 2626 440 2658 exterior
459 2631 564 2656 motus
583 2625 761 2656 interiorem
780 2625 866 2656 illum
880 2625 1050 2656 terribilem
1064 2629 1158 2664 atque
1174 2623 1326 2653 furiosum
1342 2633 1348 2650 ι
1373 2631 1506 2661 cumque
1521 2621 1644 2655 vicerit,

180 2680 378 2722 tranquillam
406 2681 510 2711 animo
539 2684 667 2721 praestat
692 2679 843 2719 quietem,
870 2679 952 2709 saltu
975 2677 1077 2709 cordis
1092 2676 1316 2718 aliquantisper
1331 2674 1463 2706 sedato:
1489 2680 1583 2715 atque
1599 2675 1644 2704 ita

178 2735 249 2766 aliis
265 2735 386 2767 inducit
400 2745 554 2771 somnum,
571 2734 648 2765 alios
662 2733 829 2774 vigilantes
845 2743 901 2774 per
912 2732 1023 2763 tibiam
1037 2737 1070 2763 et
1084 2730 1268 2773 tripudium.
1281 2741 1350 2761 cum
1362 2729 1480 2760 auxilio
1493 2729 1644 2764 Deorum,

183 2789 295 2830 quibus
307 2791 466 2832 supplices
481 2789 626 2828 litabant,
642 2799 661 2818 a
674 2787 790 2818 furioso
804 2787 919 2818 affectu
937 2786 977 2817 ad
992 2797 1076 2817 sanae
1092 2786 1208 2816 mentis
1223 2784 1361 2815 habitum
1387 2788 1525 2814 revocat.
1548 2789 1642 2822 atque

185 2844 264 2879 haec,
289 2848 324 2874 ut
347 2844 497 2875 orationis
522 2843 612 2886 hujus
630 2842 769 2873 brevitas
782 2842 853 2878 fert,
866 2841 1018 2872 rationem
1035 2841 1172 2883 aliquam
1190 2838 1379 2881 probabilem
1395 2837 1522 2868 habeut.
1566 2835 1643 2867 Cur.

186 2898 335 2930 Omnino.
379 2898 519 2930 Aruer-1.
541 2898 574 2929 Si
590 2899 656 2929 haec
669 2897 763 2939 igitur
778 2897 873 2928 talem
888 2896 1025 2938 aliquam
1041 2895 1102 2927 vim
1118 2895 1246 2931 liabent,
1264 2894 1324 2924 lioc
1338 2889 1642 2934 praeterea-cogitan—
