1840 3225
183 201 282 251 693]
632 202 705 239 DE
738 199 965 238 LEGIBUS
997 200 1096 239 LIB.
1131 202 1200 239 ΙΙΙ.
1556 205 1634 242 319

182 306 352 347 sapientior
379 305 559 337 exstitisset.
620 305 696 336 Cri.
731 305 815 341 Quid
838 304 917 334 illud
943 304 1045 334 dicis?
1092 304 1229 336 Arnen.
1255 305 1345 337 Licet
1367 316 1462 343 nunc,
1492 307 1638 348 Megilie,

183 360 266 402 quod
283 359 357 391 olim
375 370 395 390 a
407 361 499 390 nobis
515 360 630 390 factum
648 364 707 394 est,
731 357 988 394 animadvertere,
1003 364 1097 399 atque
1123 359 1197 390 inde
1212 370 1276 391 rem
1302 361 1404 401 ipsam
1427 371 1615 402 cognoscere
1630 375 1640 401 3

182 415 367 456 faciliusque
379 415 438 451 ita,
452 413 537 455 quod
549 418 622 444 tunc
637 413 703 443 fieri
719 412 867 453 oportuit,
890 411 994 442 dicere
1009 412 1019 440 ?
1048 412 1145 448 Meo.
1169 413 1232 445 Dic
1247 414 1383 455 planius.
1429 416 1566 447 Arnim.
1588 416 1640 447 Ita

183 474 267 500 certe
279 469 507 510 apertissimum
520 468 585 498 fiet.
631 467 726 497 Mm.
751 466 897 503 Quonam
924 466 1038 507 pacto?
1085 467 1223 498 Arnim.
1246 468 1280 499 Si
1296 470 1366 509 quis
1381 469 1550 500 minoribus
1572 480 1640 501 ma-

180 522 282 564 jorem
296 523 482 564 potentiam,
495 523 639 563 neglecta
654 521 871 551 mediocritate
894 520 1071 561 praebuerst,
1088 521 1158 551 vela
1173 522 1316 559 navibus,
1330 523 1435 554 cibum
1451 525 1641 565 corporibus,

184 578 297 608 animis
307 577 510 618 principatus,
526 576 632 607 omnia
642 581 866 617 pervertuntur.
891 585 960 605 natu
977 586 1071 616 supra
1087 575 1215 606 modum
1227 577 1310 607 elata
1325 577 1511 608 lasciviunt:
1535 588 1567 609 et
1578 581 1641 610 alia

186 632 311 672 quidem
326 631 360 661 in
382 631 506 661 morbos
523 630 678 666 incidunt,
694 630 756 660 alia
768 630 802 660 in
819 629 974 671 injuriam,
1001 629 1138 660 elatioris
1154 631 1290 661 lasciviae
1307 632 1414 661 filiam.
1438 633 1512 673 quid
1530 633 1639 675 itaque

183 686 313 717 dicimus
327 686 339 716 ?
361 695 466 716 nonne
481 685 559 715 hoc?
583 683 667 725 quod
681 684 769 714 nulla
778 690 837 720 est,
856 695 875 713 o
891 683 999 714 dilecti
1014 684 1082 719 viii,
1098 683 1209 714 animae
1223 686 1367 716 humanae
1384 692 1505 723 natura,
1522 697 1592 728 quse
1614 688 1640 718 si

180 739 288 780 junior
302 739 352 775 sit,
368 744 402 770 et
411 739 492 770 nulli
505 738 676 769 referendae
691 738 821 769 rationis
830 738 903 780 jure
918 738 1067 779 subjecta,
1084 738 1184 779 possit
1197 738 1409 780 principatum
1433 740 1516 771 inter
1542 742 1640 772 homi-

184 803 240 823 nes
258 793 422 823 maximum
445 794 490 824 ita
518 793 610 829 ferre,
637 793 714 834 quin
741 793 927 833 ignorantia,
957 793 1062 823 morbo
1082 797 1234 829 extremo,
1257 803 1397 824 mentem
1421 801 1596 836 occupante
1625 806 1644 827 a

186 847 333 888 proximis
348 847 456 878 amicis
477 848 582 878 odium
596 857 822 888 consequatur:
848 846 933 887 q-uod
950 847 992 877 ita
1008 847 1126 878 sactum
1148 848 1223 883 cito,
1239 847 1345 888 ipsum
1370 850 1550 890 corrumpit,
1577 860 1646 880 om·

184 911 304 943 nesque
318 902 402 932 vires
416 902 484 943 ejus
497 901 639 942 deponit.
662 902 721 932 hoc
736 907 841 931 autem
856 911 967 931 cavere
983 901 1208 932 mediocritatis
1222 902 1320 942 ipsius
1336 902 1566 941 observatione,
1588 914 1645 935 ex-

186 954 368 987 cellentium
382 957 618 997 legnmlatorutn
631 965 721 996 opus.
744 955 826 996 quod
845 955 937 996 igitur
950 960 1025 986 tunc
1039 955 1170 991 factum,
1181 956 1276 986 facile
1293 956 1385 987 modo
1395 963 1561 998 perspectu
1572 965 1620 989 est
1634 971 1641 988 ε

185 1010 246 1041 hoe
261 1021 328 1041 esse
340 1011 476 1041 videtur.
520 1010 617 1041 Meo.
641 1010 827 1046 Quidnam?
872 1010 1011 1040 Aram.
1045 1009 1136 1040 Deus
1159 1010 1326 1051 quispiam,
1342 1016 1378 1040 ut
1393 1011 1532 1047 arbitror,
1549 1013 1646 1043 vestri

186 1074 293 1095 curam
305 1064 435 1104 habuit;
460 1066 525 1106 qui,
541 1075 612 1095 cum
634 1064 738 1094 futura
753 1064 922 1105 praesciret,
939 1063 1098 1104 geminam
1111 1064 1200 1095 vobis
1215 1075 1252 1095 ex
1270 1064 1361 1095 unica
1382 1076 1492 1106 regum
1516 1076 1647 1107 genera·

186 1119 303 1150 tionem
319 1120 491 1155 constituit,
517 1124 611 1160 atque
638 1120 681 1148 ita
705 1119 744 1148 ad
767 1118 1020 1149 medi0critatem
1046 1118 1146 1159 magis
1167 1119 1332 1149 contraxit.
1362 1125 1514 1159 praeterea
1537 1126 1648 1152 natura

187 1173 330 1214 qnaedam
347 1174 493 1209 humana,
507 1173 622 1204 viribus
641 1173 758 1203 divinis
770 1172 949 1213 conjuncta,
964 1178 1140 1203 tumentem
1156 1178 1292 1203 vestrum
1312 1174 1506 1214 perspiciens
1529 1175 1650 1216 princi-

188 1233 306 1268 patum,
333 1229 508 1259 moderatas
522 1228 604 1258 vires
630 1237 748 1262 eorum,
770 1227 826 1267 qui
839 1228 872 1257 in
880 1226 1025 1268 judiciali
1040 1227 1107 1257 foro
1121 1233 1292 1264 versantur,
1318 1228 1460 1269 superbae
1475 1230 1649 1261 nobilitatis

189 1282 340 1321 potentiae
351 1281 466 1323 junxit,
485 1282 582 1323 [692]
605 1281 718 1322 viginti
741 1286 774 1311 et
798 1287 869 1311 octo
889 1291 996 1311 senum
1024 1282 1182 1312 sententia
1204 1282 1237 1311 in
1263 1282 1356 1313 rebus
1383 1283 1525 1314 maximis
1539 1294 1648 1325 regum

189 1336 338 1376 potentiae
354 1336 530 1378 adaequata.
554 1335 595 1366 ad
619 1337 686 1366 liaec
711 1335 824 1366 tertius
845 1340 980 1366 servator
1001 1335 1102 1371 affuit,
1117 1335 1170 1377 qui
1185 1336 1396 1367 luxuriantem
1422 1337 1524 1368 adhuc
1541 1344 1572 1368 et
1587 1339 1649 1369 fre-

188 1395 329 1420 mentem
343 1390 544 1422 considerans
559 1391 782 1431 principatum,
810 1391 995 1430 ephororum
1019 1400 1151 1421 censura
1166 1391 1307 1431 proxime
1323 1391 1363 1421 ad
1380 1392 1554 1432 potentiam
1568 1399 1651 1424 sorte

189 1443 321 1476 electam
337 1445 505 1481 conducta,
521 1445 611 1486 quasi
624 1444 748 1474 frenum
772 1444 834 1485 ipsi
860 1444 999 1475 immisit.
1022 1445 1081 1476 hac
1097 1444 1193 1486 igitur
1210 1445 1328 1476 ratione
1351 1456 1486 1487 regnum
1503 1452 1650 1484 vestrum,

190 1510 227 1530 ex
241 1500 354 1541 quibus
368 1499 502 1530 decebat
512 1499 732 1540 compositum,
749 1503 782 1529 et
794 1499 956 1530 moderate
972 1499 1188 1536 constitutum,
1202 1504 1235 1530 et
1247 1499 1350 1541 ipsum
1361 1499 1490 1541 quidem
1497 1506 1652 1532 servatum

190 1558 248 1590 est,
260 1559 294 1584 et
308 1555 416 1584 salutis
430 1554 560 1585 aliorum
582 1563 676 1584 causa
699 1553 774 1584 fuit:
798 1554 938 1595 alioquin
953 1554 1093 1585 Temeno
1116 1559 1148 1585 et
1171 1554 1366 1595 Cresphonte
1393 1554 1579 1597 ceterisque,
1596 1556 1652 1597 qui

190 1608 276 1649 leges
283 1609 328 1639 eis
342 1609 563 1644 condiderunt,
578 1608 756 1650 quicunque
767 1608 894 1645 fuerint,
909 1619 969 1639 nec
981 1609 1077 1640 factio
1092 1609 1221 1650 quidem
1235 1609 1306 1650 ipsa
1317 1608 1512 1640 Aristodemi
1526 1616 1651 1642 servata

190 1668 285 1694 esset.
306 1673 408 1704 neque
423 1662 507 1694 enim
524 1663 600 1694 satis
613 1667 704 1694 erant
717 1663 915 1694 ferendarum
939 1664 1046 1705 legum
1062 1663 1152 1705 periti
1167 1675 1174 1693 ε
1199 1663 1358 1705 quoniam,
1375 1663 1402 1694 si
1413 1663 1554 1701 fuissent,
1570 1675 1652 1695 nun·

191 1727 285 1759 quam
294 1717 468 1760 juvenilem
484 1718 620 1748 animum
636 1722 767 1759 accepto
779 1717 972 1759 principatu,
988 1718 1073 1748 unde
1088 1719 1232 1760 tyrannis
1247 1718 1316 1749 fieri
1330 1722 1464 1760 poterat,
1475 1718 1652 1761 jurejuran-

192 1771 234 1802 do
254 1781 287 1802 se
311 1771 524 1803 moderaturos
547 1772 791 1804 existimassent.
813 1783 899 1803 nunc
926 1778 1029 1803 autem
1054 1773 1146 1804 Deus
1171 1773 1320 1810 ostendit,
1343 1773 1467 1814 qualem
1491 1774 1656 1814 oportebat

191 1831 377 1868 oportetque
391 1827 586 1868 potissimum
603 1827 752 1858 constitui
767 1828 986 1869 principatum.
1009 1828 1093 1869 quod
1110 1828 1237 1869 quidem
1253 1838 1271 1858 a
1286 1827 1376 1857 nobis
1396 1827 1542 1868 intelligi,
1565 1835 1652 1868 post—

193 1890 284 1921 quam
295 1881 412 1912 facturn
425 1886 486 1919 est,
499 1888 534 1913 ut
549 1882 613 1912 dixi
627 1887 729 1918 antea,
746 1882 825 1912 nihil
841 1882 962 1912 mirum.
984 1892 1048 1913 non
1068 1882 1151 1912 enirn
1168 1883 1298 1912 arduum
1311 1887 1360 1912 est
1370 1881 1490 1917 videre,
1505 1882 1531 1912 si
1546 1891 1653 1913 exem-

193 1935 247 1975 plo
260 1936 473 1967 commoveris.
496 1943 528 1967 at
544 1937 571 1968 si
585 1937 654 1978 quis
670 1937 701 1967 id
725 1942 799 1967 tunc
823 1937 1050 1978 prospexisset,
1064 1936 1279 1977 moderarique
1294 1935 1488 1976 principatus
1511 1941 1544 1966 et
1558 1947 1655 1968 unum

194 1999 234 2019 ex
251 1989 348 2020 tribus
363 1991 511 2031 perficere
530 1992 690 2031 potuisset,
707 1991 888 2032 magnificas
911 2001 1021 2022 omnes
1041 2000 1147 2021 eorum
1174 1991 1382 2032 cogitationes
1398 1996 1570 2021 servasset:
1595 2001 1656 2022 nec

194 2043 321 2075 Persica
328 2045 437 2075 classis
444 2055 504 2076 nec
515 2046 576 2076 alia
583 2046 674 2076 nulla
687 2055 824 2087 unquam
835 2048 1024 2087 contemptis
1035 2045 1138 2082 nobis,
1150 2051 1185 2075 ut
1193 2044 1281 2075 nulla
1291 2054 1324 2075 re
1334 2044 1449 2086 dignis,
1461 2045 1491 2075 in
1502 2044 1658 2077 Graeciam

195 2098 385 2138 navigasset.
429 2099 505 2131 CLI.
530 2099 616 2131 Vera
629 2110 746 2130 narras.
792 2099 930 2130 Arnen.
954 2099 1101 2141 Turpiter
1110 2110 1184 2141 ergo
1197 2099 1262 2129 illis
1272 2104 1499 2140 repugnarunt,
1510 2110 1529 2130 o
1539 2100 1656 2132 Clinia.

194 2153 327 2194 turpiter
341 2159 446 2184 autem
461 2153 545 2189 dico,
560 2164 625 2184 non
641 2153 715 2195 quia
729 2154 783 2195 qui
797 2159 871 2184 tunc
897 2159 979 2184 terra
999 2154 1140 2195 marique
1164 2154 1317 2189 vicerunt,
1335 2154 1436 2184 minus
1452 2164 1545 2195 quam
1561 2154 1656 2186 dece-

196 2211 244 2238 ret
255 2207 376 2238 sortiter
389 2207 561 2249 pugnando
576 2219 608 2239 se
625 2209 794 2249 gesserint:
820 2208 877 2239 sed
890 2213 980 2250 turpe
995 2209 1074 2239 illud
1091 2209 1231 2250 inquam,
1248 2208 1335 2250 quod
1351 2218 1413 2239 una
1427 2209 1467 2239 de
1483 2209 1580 2240 tribus
1595 2209 1658 2240 illis

196 2261 375 2292 civitatibus
397 2272 453 2303 pro
479 2261 603 2294 Graecia
624 2263 817 2294 decertavit:
843 2263 916 2294 duae
940 2268 1046 2294 autem
1068 2263 1111 2293 ita
1137 2262 1316 2304 depravatae
1342 2262 1477 2299 fuerunt,
1500 2268 1536 2293 ut
1560 2263 1658 2294 altera

198 2315 461 2347 Lacedaemonem
477 2326 614 2358 quoque,
629 2327 670 2348 ne
693 2323 896 2355 succurreret,
921 2319 1112 2359 prohiberet,
1140 2328 1204 2348 non
1230 2327 1327 2358 parvo
1353 2317 1415 2359 ipsi
1436 2316 1520 2347 bello
1543 2317 1656 2357 illato;

197 2370 296 2400 altera
310 2369 510 2411 Argivorum,
525 2372 667 2412 quamvis
681 2373 782 2413 prima
806 2373 869 2402 illis
893 2372 1121 2404 distributionis
1135 2372 1328 2413 temporibus
1351 2372 1384 2401 in
1412 2370 1536 2402 Graecia
1560 2376 1656 2408 esset,

198 2429 304 2454 tamen
319 2423 360 2454 ad
373 2424 598 2465 depellendum
612 2425 774 2457 barbarum
795 2427 948 2458 accersita
971 2437 1029 2458 nec
1045 2432 1169 2458 orantes
1184 2426 1291 2457 audire
1308 2425 1405 2457 voluit
1426 2435 1529 2466 neque
1545 2424 1656 2457 defen·-

199 2478 256 2509 dit.
280 2479 380 2509 multa
395 2479 503 2510 referre
518 2489 654 2520 possem,
671 2490 740 2522 quae
756 2490 794 2511 ea
808 2485 996 2523 tempestate
1007 2483 1039 2512 in
1056 2481 1181 2513 Graecia
1195 2481 1279 2512 facta
1293 2486 1327 2511 ut
1342 2479 1446 2520 turpia
1460 2485 1590 2520 possunt
1604 2490 1658 2512 ac-

198 2533 311 2564 cusari.
333 2544 446 2574 neque,
462 2534 517 2575 qui
541 2532 696 2565 Graeciam
713 2545 746 2565 se
773 2534 950 2567 defendisse
974 2535 1096 2572 dicunt,
1122 2545 1196 2565 vere
1221 2535 1341 2566 dicunt.
1364 2534 1461 2576 [693]
1485 2533 1547 2564 nisi
1570 2534 1656 2566 enim

200 2587 448 2619 Atheniensium
461 2587 831 2631 Lacedaemoniorumque.
854 2600 1019 2621 commune
1043 2589 1207 2621 consilium
1221 2593 1316 2630 atque
1332 2588 1475 2630 potentia
1490 2588 1658 2619 imminen-

200 2647 265 2672 tem
280 2643 463 2673 servitutem
476 2643 675 2684 propulisset,
690 2643 786 2674 ferme
797 2644 866 2685 jam
881 2644 987 2675 omnia
1001 2644 1131 2676 confusa
1144 2649 1261 2680 essent,
1277 2648 1310 2673 et
1324 2642 1437 2674 Graeca
1450 2652 1520 2673 cum
1537 2641 1658 2674 Graecis

200 2697 347 2734 invicem,
375 2707 447 2728 cum
477 2697 596 2729 Graecis
622 2697 700 2728 item
724 2698 864 2735 barbara,
894 2698 1068 2740 Graecaque
1095 2708 1165 2729 cum
1202 2697 1338 2728 barbaris
1351 2708 1357 2727 :
1389 2696 1657 2738 quemadmodum

203 2751 315 2783 Graeca
329 2751 397 2788 illa,
412 2763 483 2794 quae
497 2762 582 2782 nunc
596 2752 763 2783 Persarum
777 2752 937 2794 tyrannidi
958 2753 1098 2795 subjecta
1123 2757 1204 2787 sunt.
1233 2752 1301 2782 sine
1323 2751 1432 2783 ordine
1447 2751 1513 2782 ullo
1529 2751 1658 2782 confusa

204 2810 278 2835 sunt
289 2805 424 2837 invicem
439 2815 475 2837 ac
489 2807 569 2838 male
585 2807 681 2838 etiam
695 2807 857 2848 dissipata.
881 2808 949 2838 haec
965 2807 1127 2843 habemus,
1142 2817 1161 2838 o
1177 2805 1283 2838 Clinia
1297 2811 1330 2837 et
1346 2805 1491 2846 Megille,
1507 2815 1575 2846 quae
1590 2810 1657 2835 tam

205 2858 314 2899 priscis
342 2859 416 2890 viris
431 2861 577 2891 civilibus
599 2861 766 2903 legumque
792 2861 941 2892 latoribus
960 2872 1055 2903 quam
1074 2861 1251 2903 junioribus
1277 2869 1482 2902 opponamus,
1499 2863 1533 2888 ut
1549 2868 1658 2889 causas

207 2923 314 2944 eorum
328 2914 487 2955 rimantes,
503 2916 578 2956 quid
593 2920 704 2958 praeter
728 2917 796 2949 haec
822 2916 906 2948 aliud
933 2915 1025 2948 fuerit
1051 2915 1218 2957 agendum,
1243 2915 1437 2947 inveniamus
1450 2924 1455 2942 :
1479 2910 1574 2952 quale
1598 2918 1658 2950 est,
