1840 3225
295 219 368 256 182
878 215 1141 253 PLATONIS
1646 217 1741 267 [517

292 330 383 362 quam
399 318 424 350 si
439 319 533 350 solem
549 318 649 360 ipsum
666 317 717 350 die
732 318 867 360 solisque
882 318 1032 359 fulgorem
1048 318 1215 350 intueatur.
1263 317 1377 349 Gmu.
1399 317 1514 350 Procul
1535 319 1643 350 dubio.
1687 319 1744 352 So.

293 375 399 417 Atque
411 374 455 404 ita
469 375 593 404 demum
608 372 703 404 solem
728 373 827 414 ipsum
844 373 991 414 suspiciet
1008 385 1013 402 :
1039 383 1141 414 neque
1161 372 1226 413 jam
1244 372 1274 402 in
1291 372 1380 414 aquis
1403 378 1436 403 et
1459 373 1561 405 aliena
1573 373 1605 404 in
1618 373 1744 415 regione

293 429 454 460 simulacra
469 428 566 468 ipsius
583 427 749 468 spectabit,
762 428 815 458 sed
832 427 932 468 ipsum
956 428 1128 458 secundum
1154 438 1186 457 se
1209 427 1311 467 ipsum
1328 427 1359 457 in
1375 427 1448 458 sede
1465 428 1587 469 propria
1602 428 1744 469 specula-

291 484 385 519 bitur,
410 487 451 518 et,
468 481 566 523 qualis
582 481 632 518 sit,
648 491 833 522 cognoscere
859 482 982 522 poterit.
1028 481 1142 512 GLAu.
1166 480 1303 512 Necesse
1327 486 1385 513 est.
1429 481 1485 512 So.
1509 481 1748 512 Animadvertet

292 537 417 568 tandem
434 536 534 577 ipsum
550 545 628 572 esse,
643 535 697 576 qui
713 540 851 576 tempora
876 540 907 566 et
933 546 1030 565 annos
1047 540 1208 575 temperat,
1223 536 1277 576 qui
1293 535 1395 566 omnia
1409 535 1497 576 regit,
1512 546 1582 576 quae
1597 537 1654 566 sub
1668 535 1747 566 coelo

292 596 376 626 sunt,
392 590 445 631 qui
460 589 609 625 omnium,
626 599 695 630 quae
711 594 782 620 aute
798 590 836 620 ab
851 589 927 630 ipsis
943 589 1007 620 visa
1023 595 1106 628 sunt,
1122 590 1214 620 modo
1231 589 1365 630 quodam
1393 594 1440 620 est
1466 595 1583 620 auctor.
1629 588 1744 621 GLAU-

291 645 416 677 Certum
434 649 480 674 est
495 644 556 674 huc
571 643 656 673 illum
674 644 757 675 hisce
769 644 914 685 gradibus
931 654 1138 675 ascensurum.
1184 644 1236 674 So.
1261 644 1345 680 Quid
1363 643 1386 674 si
1404 643 1627 674 habitationem
1643 644 1746 685 pristi-

292 710 363 730 nam
380 697 522 728 memoria
540 702 660 738 repetat
674 702 706 727 et
722 697 842 728 illorum
861 698 1018 728 hominum
1034 697 1219 739 sapientiam
1237 704 1330 739 atque
1348 697 1490 728 vincula:
1515 708 1556 728 an
1582 708 1644 728 non
1671 708 1747 730 cen-

291 764 338 785 ses
354 763 424 783 eum
441 751 564 782 beatum
582 762 614 782 se
631 750 689 782 loci
707 751 879 782 mutatione
894 751 1150 787 existimaturum,
1168 751 1236 782 illos
1252 757 1354 782 autem
1373 751 1606 782 miseraturum?
1631 751 1746 783 GLAU.

292 807 333 838 Et
355 806 485 837 maxime
511 805 649 847 quidem.
694 805 749 836 So.
774 805 927 836 Praeterea
953 806 977 836 si
1003 806 1056 848 qui
1082 806 1214 837 honores
1241 806 1281 837 ibi
1307 806 1438 837 invicem
1466 806 1690 837 exhibebantur
1715 812 1747 836 et

294 861 414 897 laudes,
439 860 654 900 dabanturque
685 858 810 900 praemia
836 859 893 896 illi,
916 859 971 900 qui
996 859 1186 890 transeuntia
1215 859 1362 900 quaelibet
1398 865 1489 890 acute
1519 864 1670 896 cerneret,
1699 870 1745 890 re-

293 915 529 955 cordareturque
552 913 694 949 maxime,
713 924 783 954 quae
807 924 844 944 ex
870 913 930 944 illis
947 914 1060 955 priora,
1077 924 1146 954 quae
1173 914 1352 955 posteriora,
1368 925 1438 956 quae
1466 914 1580 956 pariter
1604 914 1748 956 progredi

291 969 424 1004 soleant,
438 973 531 1009 atque
546 977 583 998 ex
599 967 646 997 his
660 967 762 997 sutura
779 968 896 1008 optime
912 968 1110 1009 praesagiret:
1136 968 1243 998 haecne
1259 968 1503 998 desideraturum
1518 968 1619 1009 ipsum
1644 974 1750 1010 putas,

293 1023 461 1063 beatosque
476 1022 555 1057 illos,
572 1021 625 1063 qui
642 1022 727 1063 apud
742 1032 795 1052 eos
809 1022 999 1052 honorantur
1013 1027 1045 1052 et
1068 1022 1278 1058 dominantur,
1294 1022 1537 1053 existimaturum
1551 1022 1562 1052 ?
1586 1021 1646 1058 vel,
1662 1023 1748 1064 quod

291 1077 335 1108 ait
350 1077 515 1112 Homerus,
531 1075 591 1106 sibi
606 1080 734 1117 cuperet
749 1076 884 1115 evenire,
901 1075 932 1106 in
948 1075 1049 1106 alieno
1066 1075 1186 1106 scilicet
1202 1086 1269 1106 rure
1284 1076 1413 1107 exsortis
1428 1075 1562 1117 alicujus
1573 1075 1651 1108 servi
1662 1086 1748 1106 man-

291 1130 407 1172 cipium
423 1130 515 1166 effici,
529 1134 561 1160 et
583 1130 738 1171 quidlibet
754 1130 837 1160 aliud
854 1129 975 1171 perpeti
991 1130 1094 1171 potius
1109 1140 1201 1171 quam
1223 1130 1424 1172 opinionibus
1437 1130 1500 1161 illis
1514 1130 1603 1161 illudi
1617 1130 1697 1161 etin
1712 1139 1751 1161 ea

292 1184 412 1216 miseria
427 1185 563 1226 degere?
610 1184 723 1216 GLAU.
748 1184 886 1215 Arbitror
911 1195 979 1216 eum
1005 1195 1201 1226 quaecunque
1228 1185 1290 1215 alia
1314 1184 1416 1226 potius
1441 1195 1534 1226 quam
1560 1185 1653 1215 vitam
1668 1183 1752 1225 ejus-

292 1239 378 1270 modi
403 1239 584 1270 electurum.
627 1239 684 1270 So.
707 1239 740 1269 Si
767 1249 867 1269 rursus
893 1239 950 1269 iste
976 1239 1158 1276 descendat,
1181 1239 1375 1280 eandemque
1400 1239 1518 1280 sedern,
1531 1249 1624 1280 qnam
1648 1242 1752 1275 antea,

292 1293 488 1324 nanciscatur
503 1305 510 1323 :
534 1303 651 1330 nonne,
668 1303 736 1324 cum
762 1297 889 1334 repente
914 1302 933 1322 a
954 1293 1018 1323 sole
1032 1292 1221 1330 discesserit,
1238 1293 1372 1323 tenebris
1387 1292 1593 1323 effundetur?
1637 1290 1752 1323 GLAU.

292 1347 514 1378 Vehementer.
557 1347 610 1378 So.
632 1346 681 1388 Ac
706 1347 730 1377 si
756 1347 877 1377 umbras
892 1347 959 1377 illas
986 1347 1159 1378 discernere
1186 1351 1341 1388 oporteat,
1355 1347 1457 1387 deque
1481 1346 1555 1388 ipsis
1578 1346 1753 1387 disceptare

293 1411 365 1433 cum
380 1401 451 1437 illis,
468 1401 522 1443 qui
538 1400 696 1442 perpetuis
719 1400 851 1432 vinculis
873 1400 967 1442 pressi
991 1406 1074 1437 sunt,
1090 1401 1337 1442 proferendaque
1362 1401 1514 1432 sententia
1530 1401 1571 1430 sit
1583 1411 1621 1430 eo
1635 1399 1706 1441 ipso
1720 1399 1754 1430 in

296 1461 445 1496 tempore,
461 1465 524 1496 quo
553 1453 649 1496 [517]
675 1454 758 1485 oculi
781 1454 878 1496 ipsius
903 1453 1144 1490 hallucinantur,
1160 1460 1325 1495 antequam
1347 1453 1428 1485 acies
1453 1460 1650 1496 expurgetur,
1665 1454 1751 1495 quod

295 1510 420 1552 quidem
437 1519 500 1540 non
517 1509 600 1541 brevi
626 1509 691 1546 fiet,
708 1519 747 1540 an
774 1519 837 1540 non
852 1509 944 1540 risum
971 1509 1165 1540 concitabit?
1188 1510 1281 1551 eique
1297 1510 1336 1540 ab
1350 1509 1494 1540 omnibus
1507 1509 1653 1540 dedecori
1667 1509 1756 1540 dabi-

296 1569 355 1595 tur.
386 1563 484 1605 quod,
506 1567 671 1605 postquam
699 1573 816 1594 sursum
842 1563 994 1600 ascendit,
1018 1563 1169 1605 corruptis
1193 1573 1330 1595 reversus
1357 1568 1405 1594 est
1429 1563 1551 1594 oculis?
1573 1563 1754 1605 diceturque

295 1613 453 1660 nunquam
479 1618 520 1648 ad
543 1628 654 1659 supera
680 1618 934 1649 contendendum
962 1627 1042 1659 esse,
1065 1623 1098 1649 et
1123 1629 1205 1654 eum,
1231 1618 1286 1659 qui
1311 1617 1428 1649 solvere
1453 1622 1553 1649 tentet
1576 1622 1610 1648 et
1634 1628 1753 1649 sursum

295 1673 421 1709 ducere,
452 1671 477 1702 si
505 1671 767 1713 deprehendatur,
799 1672 938 1713 protinus
968 1672 1200 1703 occidendum?
1258 1671 1339 1702 Tota
1368 1672 1436 1703 haec
1464 1671 1579 1713 imago.
1608 1682 1627 1702 o
1656 1672 1755 1704 amice

297 1726 432 1764 Glauco,
448 1726 608 1757 referenda
631 1731 676 1757 est
701 1726 739 1756 ad
766 1726 831 1766 illa,
847 1736 918 1767 quae
941 1735 1033 1766 supra
1058 1725 1143 1757 dicta
1159 1730 1231 1756 sunt
1246 1738 1252 1755 :
1277 1736 1381 1757 carcer
1403 1725 1529 1767 quidem
1545 1725 1602 1756 iste
1617 1726 1656 1756 ad
1671 1736 1753 1763 eam,

297 1783 368 1822 quas
383 1779 518 1811 cernitur
537 1778 647 1816 oculis,
663 1778 771 1810 mundi
796 1780 968 1811 machinam
985 1791 991 1809 :
1015 1779 1121 1810 lumen
1137 1789 1208 1810 vero
1234 1779 1312 1820 ignis
1328 1779 1360 1810 in
1386 1789 1482 1820 specu
1498 1780 1538 1810 ad
1553 1779 1626 1810 solis
1642 1785 1754 1821 poten-

297 1834 372 1865 tiam
387 1846 394 1864 :
419 1838 574 1874 postremo
594 1833 619 1864 si
633 1844 793 1865 ascensum
817 1835 857 1865 ad
883 1845 996 1876 supera
1010 1844 1178 1876 eorumque
1193 1837 1395 1875 conspectum
1412 1833 1468 1864 rite
1483 1833 1522 1864 ad
1546 1843 1629 1870 eum,
1643 1834 1698 1875 qui
1713 1834 1754 1864 ad

297 1887 525 1930 intelligibilem
554 1888 710 1930 regionem
742 1888 855 1927 tendit,
883 1898 1043 1920 ascensum
1074 1887 1224 1924 retuleris,
1251 1893 1287 1918 ut
1315 1898 1373 1930 ego
1403 1887 1529 1928 quidem
1557 1897 1659 1929 spero,
1689 1898 1754 1918 non

299 1943 463 1980 aberrabis,
480 1947 644 1984 postquam
668 1942 852 1974 sententiam
876 1953 976 1974 meam
1006 1943 1110 1974 audire
1138 1942 1306 1974 desideras,
1350 1941 1438 1973 Deus
1463 1947 1567 1973 autem
1591 1941 1691 1978 novit,
1714 1952 1754 1972 an

298 2006 370 2027 vera
384 1996 433 2028 sit.
480 1997 560 2033 Quae
575 1996 669 2038 igitur
693 1997 767 2027 mihi
793 2002 955 2038 apparent,
979 1998 1040 2028 huc
1061 1998 1207 2029 tendunt.
1230 2007 1343 2038 nempe
1366 1996 1494 2027 arbitror
1507 1996 1539 2026 in
1561 1996 1670 2027 ordine
1683 1995 1754 2038 ipso

298 2050 486 2092 intelligibili
513 2051 586 2081 boni
610 2050 706 2091 ipsius
730 2051 833 2082 ideam
859 2062 1032 2092 supremam
1058 2052 1214 2088 exsistere,
1241 2051 1352 2093 vixque
1379 2049 1488 2089 videri,
1511 2049 1537 2080 si
1563 2054 1666 2080 autem
1693 2050 1758 2080 visa

299 2102 402 2141 fuerit,
429 2104 626 2135 asserendum
652 2114 720 2134 eam
747 2104 889 2135 omnibus
916 2105 1052 2135 omnium
1076 2110 1227 2136 rectorum
1246 2111 1340 2146 atque
1365 2105 1514 2135 bonorum
1536 2114 1660 2135 causam
1676 2114 1757 2140 esse,

300 2167 370 2188 cum
386 2157 455 2198 ipsa
470 2157 504 2188 in
520 2157 588 2188 loco
605 2157 715 2188 visibili
731 2157 835 2188 lumen
860 2158 1007 2189 creaverit
1030 2164 1062 2189 et
1085 2158 1210 2190 luminis
1224 2165 1392 2194 auctorem,
1408 2157 1440 2188 in
1468 2158 1536 2198 ipso
1552 2168 1624 2188 vero
1640 2157 1756 2188 intelli-

298 2209 387 2251 gibili
401 2215 509 2252 regnet
523 2210 604 2251 ipsa,
619 2210 841 2252 veritatemque
863 2216 895 2242 et
910 2216 1043 2242 mentem
1069 2212 1231 2253 protulerit
1246 2224 1252 2242 :
1279 2222 1371 2253 quam
1387 2222 1478 2242 nosse
1494 2221 1619 2242 necesse
1635 2210 1675 2242 sit
1690 2221 1756 2241 oru-

298 2274 381 2301 nem,
397 2265 575 2307 quicunque
590 2274 665 2296 sana
679 2270 781 2296 mente
793 2265 959 2307 quicquam
974 2265 1020 2295 vel
1036 2265 1176 2306 privatim
1193 2265 1240 2296 vel
1258 2265 1382 2306 publice
1399 2270 1446 2295 est
1459 2270 1592 2297 acturus.
1638 2264 1754 2296 GLAU-

299 2317 349 2348 Ita
373 2323 404 2348 et
428 2318 494 2358 ipse
517 2318 634 2359 cogito,
651 2324 809 2360 utcunque
833 2329 970 2360 possum.
1013 2319 1069 2351 So.
1094 2318 1164 2360 Age
1181 2325 1213 2350 et
1228 2320 1286 2350 hoc
1303 2319 1487 2350 considera:
1512 2329 1614 2360 neque
1627 2318 1755 2355 mireris,

300 2372 384 2413 quod
408 2373 452 2409 hi,
467 2372 521 2414 qui
547 2373 607 2404 huc
633 2373 839 2410 descendunt,
854 2373 954 2403 nolint
970 2374 1104 2403 humana
1130 2379 1281 2413 tractare
1306 2373 1359 2404 sed
1385 2373 1522 2414 ipsorum
1544 2372 1657 2403 mentis
1673 2373 1757 2403 acies

299 2437 420 2467 semper
442 2427 481 2457 ad
507 2437 618 2468 supera
632 2426 791 2468 dirigatur.
835 2426 948 2458 GLAU.
972 2427 1137 2458 Probabile
1158 2437 1242 2458 sane.
1288 2427 1342 2457 So.
1366 2426 1451 2463 Quid
1469 2431 1571 2457 autem
1588 2425 1675 2456 hoc?
1697 2425 1756 2455 mi-

298 2481 427 2511 randum
445 2487 546 2523 putas,
562 2482 586 2512 si
602 2481 670 2523 quis
685 2492 703 2512 a
718 2481 831 2512 divinis
846 2481 1030 2522 spectaculis
1046 2481 1084 2511 ad
1102 2482 1236 2511 humana
1259 2482 1324 2512 haec
1348 2480 1428 2511 mala
1445 2480 1606 2522 prolapsus
1618 2479 1756 2520 ineptior

298 2535 338 2567 sit
352 2536 391 2567 ad
416 2536 570 2577 agendum
585 2536 780 2576 rideaturque
796 2546 802 2565 :
828 2535 994 2577 praesertiru
1022 2535 1047 2565 si
1072 2540 1143 2566 aute
1159 2546 1250 2576 quam
1267 2535 1470 2577 praesentibus
1485 2533 1618 2566 tenebris
1633 2543 1754 2564 assues-

297 2594 359 2625 cat,
374 2590 447 2620 dum
464 2590 565 2620 adbuc
589 2590 714 2626 titubat,
728 2596 855 2630 cogatur
871 2589 918 2620 vel
943 2589 975 2619 in
994 2588 1122 2629 judiciis
1139 2590 1185 2620 vel
1209 2589 1282 2619 alibi
1300 2590 1339 2620 de
1351 2588 1430 2630 justi
1447 2587 1561 2618 umbris
1575 2592 1630 2617 aut
1645 2586 1754 2617 statuis

299 2643 371 2680 illis,
387 2654 515 2684 quarum
532 2644 645 2674 umbrae
671 2643 719 2672 hae
735 2647 818 2684 sunt,
833 2648 962 2681 certare,
977 2643 1079 2683 deque
1103 2654 1221 2679 eorum,
1236 2643 1289 2684 qui
1310 2643 1462 2684 justitiam
1479 2642 1576 2682 ipsam
1592 2651 1752 2683 nunquam

301 2696 456 2734 viderunt,
470 2697 641 2728 disserere?
687 2697 803 2729 Gnu.
827 2695 924 2727 Nullo
948 2697 1040 2727 modo
1058 2697 1239 2728 mirandum.
1284 2697 1340 2728 So.
1362 2695 1478 2727 Verum
1494 2695 1519 2725 si
1534 2701 1667 2726 mentem
1682 2694 1752 2736 quis

301 2751 452 2787 habuerit,
481 2752 576 2793 [518]
607 2751 829 2792 recordabitur,
853 2752 936 2793 quod
964 2752 1088 2782 duobus
1119 2751 1218 2782 modis
1247 2757 1279 2782 et
1307 2751 1426 2781 duabus
1452 2760 1490 2780 ex
1515 2750 1616 2780 causis
1640 2749 1755 2780 turbari

300 2803 383 2835 oculi
399 2811 623 2836 consueverunt
672 2811 735 2835 tum
751 2805 877 2846 quando
892 2815 928 2836 ex
953 2805 1067 2835 lumine
1084 2805 1123 2835 ad
1141 2805 1276 2835 umbram
1301 2803 1530 2839 descendimus,
1546 2809 1611 2833 tum
1625 2803 1752 2844 quando

301 2869 338 2888 ex
353 2857 485 2888 tenebris
499 2859 531 2889 in
549 2859 647 2890 lucem
665 2848 832 2901 prodimus.
849 2859 1021 2900 eodemque
1038 2858 1130 2888 modo
1147 2857 1226 2888 affici
1239 2858 1374 2889 animum
1391 2856 1597 2897 arbitrabitur,
1610 2856 1753 2897 quotiens

303 2911 455 2942 turbatum
472 2912 580 2944 viderit
597 2918 627 2944 ct
653 2914 693 2944 ad
720 2913 837 2954 aliquid
863 2913 1050 2946 cernendum
1077 2912 1291 2945 hebetiorem:
1315 2912 1447 2954 ideoque
1473 2910 1556 2941 haud
1584 2915 1696 2942 temere
1720 2909 1754 2941 in
