1840 3225
240 202 317 240 354
806 204 1069 244 PLATONIS
1601 205 1698 258 [766

234 305 306 341 lint,
330 314 423 337 nemo
444 307 555 348 cogat.'
568 306 732 338 nominent
760 307 867 344 etiam,
890 308 943 350 qui
963 308 1055 349 periti
1072 312 1144 339 sunt
1162 319 1167 337 :
1193 315 1226 339 et
1239 308 1272 338 in
1287 308 1540 350 comprobatione
1556 318 1619 340 una
1631 309 1703 341 haec

235 359 419 400 approbatio
434 361 675 403 reprobatioque
700 361 862 397 habeatur,
878 361 962 404 quod
992 363 1111 403 peritus
1138 361 1186 392 vel
1202 362 1368 404 imperitus
1382 363 1424 393 sit
1435 363 1490 405 qui
1505 362 1699 404 designatur.

235 414 290 454 qui
307 424 377 444 vero
391 425 429 445 ex
445 414 617 455 designatis
630 415 742 446 decem
767 421 888 447 ceteros
914 417 1065 457 suffragio
1087 416 1288 457 superaverit,
1304 425 1337 447 et
1351 416 1467 448 deinde
1482 417 1701 458 comprobatus

236 467 342 502 fuerit,
363 479 442 499 unus
469 480 572 501 annuo
603 476 742 510 tempore
774 472 866 502 choro
895 471 1070 501 secundum
1100 471 1204 512 legem
1233 471 1349 511 praesit.
1370 471 1512 502 similiter
1540 471 1636 502 etiam
1665 471 1700 510 in

235 522 385 553 monodia
399 529 432 553 et
448 524 589 555 tibicinio
616 524 791 565 designatio
818 525 882 560 fiat,
898 525 1074 565 electioque
1099 531 1131 554 et
1157 525 1368 566 comprobatio
1386 537 1393 555 ε
1419 531 1452 556 et
1473 526 1526 566 qui
1541 530 1701 556 assecutus

236 576 341 612 fuerit,
355 578 468 608 eodem
497 577 589 609 modo
617 590 636 609 a
660 578 821 619 judicibus
851 579 1062 615 confirmatus,
1091 589 1173 610 auno
1202 579 1318 620 praesit.
1366 579 1531 620 Deinceps
1557 584 1702 610 auctores

237 629 510 673 declaratoresque
524 643 688 663 munerum
705 634 734 663 in
759 634 984 664 exercitatione
1013 634 1218 675 gymnastica,
1235 639 1300 664 tam
1327 644 1476 675 equorum
1489 643 1585 675 quam
1599 633 1700 664 homi-

236 693 323 721 num,
341 695 360 716 a
372 686 511 717 secundo
524 688 678 729 tertioque
693 699 788 718 censu
807 689 851 718 ita
865 689 1102 719 constituantur.
1147 688 1284 719 Comitia
1303 687 1426 729 ingredi
1439 688 1531 718 trium
1548 697 1700 718 censuum

237 738 380 770 homines
403 742 659 782 compellantur:
683 742 832 772 minimus
858 749 963 772 autem
988 752 1101 772 census
1124 742 1201 773 liber
1226 742 1277 773 sit.
1301 747 1334 772 et
1357 741 1397 772 de
1428 741 1551 783 viginti,
1565 741 1621 782 qui
1633 751 1699 782 prae

235 793 348 824 ceteris
363 795 513 835 suffragio
529 795 685 837 designati
700 796 826 831 suerint,
841 801 902 826 tres
926 801 999 826 ante
1017 797 1095 827 alios
1111 801 1194 826 sorte
1211 796 1304 826 electi
1318 796 1479 837 principes
1489 795 1701 831 declarentur,

235 856 314 887 quos
326 849 596 889 comprobantium
621 850 800 889 suffragium
824 849 1063 880 confirmaverit.
1086 851 1117 880 in
1135 850 1348 891 cujuscunque
1373 856 1479 881 autem
1500 850 1702 891 magistratus

234 907 317 932 sorte
344 908 440 943 atque
462 903 593 944 judicio,
621 903 648 933 si
673 903 743 944 quis
768 903 950 943 reprobatus
977 909 1010 933 et
1031 905 1176 944 repulsus
1202 904 1306 940 fuerit,
1327 904 1408 934 alius
1421 904 1491 935 loco
1503 903 1573 945 ejus
1586 905 1701 935 eodem

235 956 344 987 ordine
361 956 542 998 designetur
569 963 602 987 et
627 956 855 997 comprobetur.
876 962 974 987 restat
1000 957 1162 998 princeps,
1190 958 1244 999 qui
1270 958 1367 988 totius
1392 957 1568 998 disciplinae
1592 957 1702 993 iubis.

235 1019 306 1050 quae
319 1011 521 1048 narravimus,
535 1018 601 1042 tam
618 1011 805 1041 feminarum
829 1021 921 1052 quam
938 1011 1068 1042 marium
1093 1022 1197 1043 curam
1225 1011 1351 1042 habeat.
1373 1021 1470 1043 unum
1481 1021 1605 1052 quoque
1617 1012 1703 1043 hunc

235 1064 407 1096 secundum
421 1065 510 1106 leges
523 1065 702 1107 principem
731 1075 800 1096 esse
828 1066 981 1105 volumus,
997 1076 1060 1097 non
1088 1066 1254 1108 pauciores
1267 1071 1375 1097 natum
1388 1076 1488 1097 annos
1501 1075 1596 1107 quam
1608 1065 1700 1107 quin-

236 1119 398 1160 quaginta,
415 1120 469 1161 qui
498 1120 657 1161 legitimos
684 1120 800 1150 habeat
826 1120 904 1151 filios
935 1120 1095 1162 utriusque
1126 1131 1215 1152 sexus
1241 1121 1402 1152 maximet
1427 1120 1452 1151 si
1481 1130 1556 1152 vero
1583 1121 1703 1157 minus,

232 1173 360 1204 alterius
374 1184 466 1204 sexus
493 1174 632 1205 omnino.
654 1174 791 1216 cogitare
818 1174 912 1205 debet
936 1180 969 1205 et
993 1175 1047 1216 qui
1074 1175 1164 1216 eligit
1188 1180 1219 1206 et
1247 1175 1300 1216 qui
1320 1175 1458 1216 eligitur,
1486 1175 1570 1206 hunc
1584 1175 1702 1216 magis-

234 1232 349 1258 tratum
378 1229 518 1259 omnium
545 1229 576 1259 in
604 1229 732 1260 civitate
748 1239 938 1259 summorum
964 1230 1200 1271 magistratuum
1229 1240 1297 1260 esse
1327 1229 1497 1260 admodum
1511 1229 1704 1270 praestantis-

231 1281 357 1313 simum.
379 1283 411 1313 in
435 1283 579 1314 omnibus
606 1283 724 1324 quippe
756 1284 931 1314 viventibus
957 1283 1057 1324 prima
1086 1283 1157 1325 ipsa
1181 1284 1334 1325 germina,
1354 1284 1386 1314 >si
1409 1288 1482 1325 apte
1497 1283 1649 1325 coeperint
1662 1283 1704 1314 ad

229 1342 349 1367 naturae
364 1348 427 1368 suae
443 1338 601 1374 virtutem,
626 1338 690 1368 vim
716 1339 834 1368 habent
861 1348 1013 1368 summam
1038 1339 1078 1369 ad
1103 1339 1199 1368 finem
1221 1338 1281 1368 sibi
1301 1337 1445 1368 debitum
1461 1336 1699 1379 imponendum.

231 1390 316 1431 quod
330 1396 364 1422 et
378 1391 410 1421 in
423 1392 541 1433 plantis
553 1392 659 1422 evenit
674 1397 707 1422 et
732 1392 765 1422 iu
791 1392 899 1428 brutis,
923 1398 989 1422 tum
1018 1393 1214 1423 silvestribus
1230 1398 1298 1422 tum
1313 1392 1406 1423 etiam
1421 1391 1605 1427 mansuetis,
1619 1396 1653 1422 et
1667 1391 1700 1422 in

229 1445 417 1478 hominibus.
453 1446 554 1489 [766]
576 1447 732 1477 homiuem
763 1452 866 1477 autem
898 1452 1098 1478 mansuetum
1137 1447 1253 1477 animal
1283 1456 1352 1477 esse
1383 1445 1527 1477 dicimus.
1553 1455 1646 1486 porro
1674 1445 1700 1476 si

229 1509 303 1530 cum
323 1506 433 1531 natura
461 1501 546 1531 felici
577 1506 693 1532 rectam
725 1512 851 1542 quoque
883 1501 1084 1543 disciplinam
1113 1500 1207 1531 fuerit
1233 1505 1404 1536 assecutus,
1420 1500 1454 1530 in
1470 1499 1700 1530 divinissimum

227 1555 574 1596 mansuetissimumque
598 1555 714 1586 animal
740 1556 822 1586 solet
845 1555 980 1586 evadere
997 1568 1003 1586 :
1027 1556 1075 1586 sin
1092 1565 1166 1585 vero
1191 1565 1254 1585 non
1270 1555 1344 1585 satis
1361 1559 1416 1585 aut
1428 1564 1494 1585 non
1509 1554 1591 1585 bene
1603 1553 1700 1585 fuerit

229 1607 388 1643 educatus,
403 1610 631 1640 ferocissimum
647 1610 797 1645 omnium,
813 1622 882 1651 quae
898 1610 930 1640 in
960 1611 1050 1641 terris
1076 1615 1257 1645 nascuntur,
1275 1609 1392 1639 animal
1406 1607 1560 1638 redditur.
1584 1617 1698 1649 quam-

226 1662 336 1693 obrem
351 1674 413 1694 non
429 1663 524 1694 debet
553 1663 658 1704 legum
683 1665 828 1695 conditor
848 1676 915 1696 rem
942 1674 1138 1705 summopere
1166 1663 1386 1698 necessariam,
1416 1662 1560 1703 pueritiae
1577 1661 1698 1694 educa-

228 1715 361 1753 tionem,
377 1724 567 1759 postponere
586 1729 594 1755 ;
618 1718 675 1748 sed
689 1729 814 1760 operam
843 1718 916 1750 dare
942 1720 974 1750 in
1000 1720 1120 1761 primis,
1136 1719 1163 1749 si
1191 1729 1256 1749 rem
1270 1719 1350 1748 lianc
1366 1717 1536 1758 diligenter
1550 1721 1600 1747 est
1610 1726 1701 1748 cura-

227 1775 326 1806 turus,
336 1772 377 1802 'ut
397 1773 536 1803 omnium
553 1772 669 1803 civium
685 1773 725 1803 ad
741 1774 843 1804 officia
858 1784 989 1816 quaeque
1014 1774 1152 1814 optimus
1167 1773 1212 1803 vir
1226 1773 1371 1814 eligatur,
1387 1771 1442 1813 qui
1456 1781 1552 1812 quam
1566 1771 1701 1802 maxime

228 1834 284 1865 pro
301 1826 415 1856 vin'bus
430 1825 604 1857 educandis
629 1828 732 1867 pueris
760 1833 971 1868 praeponatur.
996 1838 1104 1859 omnes
1129 1827 1224 1868 igitur
1249 1827 1590 1869 magistratus,praeter
1603 1834 1696 1856 sena-

227 1883 291 1908 tum
307 1885 339 1909 et
355 1885 534 1920 quaestores,
552 1880 583 1910 in
601 1881 761 1922 Apollinis
776 1881 931 1922 ternplum
944 1881 1077 1923 profecti
1099 1881 1280 1922 suffragium
1295 1881 1378 1912 clam
1394 1880 1497 1921 legum
1513 1879 1698 1911 custodibus

226 1932 347 1969 ineant,
364 1933 544 1975 deligentes
561 1935 688 1975 singuli,
705 1946 796 1976 quem
823 1937 941 1977 optime
969 1946 1135 1977 puerorum
1159 1935 1335 1976 disciplinae
1351 1934 1534 1965 existimant
1547 1933 1698 1975 praefutu-

225 1995 304 2017 rum.
326 1993 359 2018 et
372 1989 423 2028 qui
438 1988 586 2029 suffragio
612 1990 782 2030 superabit,
799 2001 819 2020 a
841 1990 1084 2031 magistratibus,
1101 1990 1154 2032 qui
1177 1989 1371 2031 delegerunt,
1387 1988 1530 2030 exceptis
1543 1987 1695 2019 videlicet

224 2040 330 2081 legum
361 2042 552 2078 custodibus,
583 2044 813 2084 comprobatus,
842 2045 1089 2086 quinquennium
1117 2044 1237 2086 praesit.
1259 2049 1291 2074 et
1317 2044 1352 2074 in
1380 2048 1471 2074 sexto
1501 2052 1586 2074 anno
1614 2042 1695 2073 alius

224 2095 372 2137 princeps
399 2096 542 2127 similiter
571 2103 733 2128 statuatur.
763 2098 788 2128 si
817 2099 887 2139 quis
913 2105 1030 2134 autem,
1059 2099 1092 2128 in
1121 2098 1306 2139 magistratu
1335 2097 1463 2138 publico
1491 2095 1692 2132 constitutus,

223 2149 363 2189 pluribus
379 2160 472 2190 quam
496 2151 624 2192 triginta
650 2151 771 2188 diebus,
789 2157 958 2193 antequam
987 2162 1100 2182 munus
1130 2162 1218 2182 suum
1243 2157 1384 2192 peragat,
1397 2162 1415 2182 e
1431 2151 1497 2181 vita
1511 2149 1695 2186 decesserit,

223 2195 282 2239 illi,
312 2203 425 2245 quibus
455 2205 486 2234 id
517 2215 597 2235 curae
627 2210 685 2241 est,
714 2206 810 2236 alium
839 2206 982 2236 similiter
1009 2206 1139 2247 eligant.
1163 2207 1211 2236 sin
1240 2212 1346 2236 autem
1374 2205 1582 2245 orphanorum
1611 2208 1695 2235 tutor

223 2263 357 2288 mortem
380 2258 504 2294 obierit,
534 2259 660 2300 cognati
681 2265 775 2301 atque
799 2260 906 2291 affines
933 2270 970 2290 ex
996 2260 1132 2300 utrisque
1160 2259 1353 2301 parentibus,
1367 2269 1467 2300 usque
1490 2257 1692 2289 consobrinos

223 2319 256 2343 et
282 2313 453 2354 patrueles,
478 2314 531 2354 qui
554 2320 725 2354 praesentes
749 2323 832 2349 sunt,
848 2314 940 2345 alium
969 2315 1050 2344 intra
1078 2313 1144 2344 dies
1171 2313 1280 2344 decem
1308 2313 1524 2344 constituant:
1549 2312 1690 2353 alioquin

223 2367 370 2397 drachma
386 2367 524 2408 quotidie
550 2368 740 2399 mulctentur
768 2369 893 2410 singuli,
907 2378 1067 2409 quousque
1094 2368 1239 2410 orphanis
1266 2373 1401 2398 tutorem
1423 2366 1608 2408 praeficiant.
1631 2366 1689 2398 sed

224 2422 309 2451 nulla
322 2422 431 2452 civitas
444 2432 554 2452 revera
567 2422 678 2453 civitas
693 2423 762 2459 erit,
779 2423 839 2453 uisi
865 2423 972 2453 debito
996 2423 1103 2453 ordine
1125 2422 1246 2463 judicia
1262 2422 1377 2452 suerint
1391 2421 1572 2453 constituta.
1589 2421 1688 2463 judex

221 2481 325 2506 autem
344 2483 458 2514 mutus,
473 2477 528 2518 qui
541 2487 600 2507 nec
614 2477 711 2507 instar
731 2477 835 2508 arbitri
861 2476 979 2518 aliquid
1004 2478 1076 2517 plus
1089 2487 1184 2518 quam
1198 2476 1362 2517 litigantes
1373 2475 1520 2511 dixerint,
1533 2476 1566 2505 in
1581 2475 1685 2506 causis

220 2529 424 2561 discutiendis
438 2537 671 2571 percunctatur,
685 2541 845 2573 nunquam
861 2532 901 2562 ad
923 2532 975 2573 jus
995 2530 1218 2562 declarandum
1233 2530 1390 2561 sufficiens
1405 2529 1475 2560 erit.
1495 2536 1685 2570 quapropter

218 2593 278 2614 nec
291 2585 316 2613 si
332 2585 422 2614 multi
437 2586 512 2624 sint,
526 2586 620 2616 facile
634 2596 773 2627 unquam
789 2586 869 2617 bene
879 2585 1080 2626 judicabunt,
1096 2595 1155 2618 nec
1169 2586 1197 2617 si
1211 2584 1304 2626 pauci
1318 2589 1352 2614 et
1365 2583 1481 2624 ignavi.
1491 2587 1616 2623 oportet
1628 2591 1684 2612 au-

218 2644 283 2668 tem
299 2648 431 2679 semper.
447 2645 482 2669 ut
507 2640 593 2678 quod
619 2640 768 2681 quaeritur
783 2642 822 2671 ab
833 2640 980 2680 utrisque,
991 2639 1177 2671 declaretur.
1199 2646 1326 2679 tempus
1339 2643 1446 2668 autem
1459 2643 1493 2668 et
1507 2645 1592 2666 mora
1614 2635 1680 2666 fre-

217 2702 380 2733 quensque
406 2693 566 2733 inquisitio
595 2695 634 2724 ad
652 2694 855 2735 aperiendam
869 2696 1111 2726 controversiam
1125 2694 1301 2725 conferunt.
1323 2691 1449 2726 iccirco,
1467 2690 1521 2731 qui
1536 2689 1677 2731 litigant,

212 2745 258 2776 ad
274 2746 392 2777 vicinos
403 2747 537 2787 primum
552 2753 584 2777 ct
600 2749 726 2784 amicos,
743 2754 775 2780 et
788 2749 918 2779 maxime
933 2749 988 2784 rei,
1007 2749 1046 2779 de
1060 2759 1121 2790 qum
1135 2748 1295 2790 quaeritur,
1325 2744 1467 2776 conscios
1492 2753 1526 2774 se
1546 2753 1679 2775 conver-

215 2804 296 2832 tant.
312 2800 394 2840 quod
410 2800 435 2830 si
449 2810 505 2841 per
519 2811 572 2831 eos
584 2812 647 2832 non
661 2803 851 2834 sufficienter
865 2803 956 2833 t'uerit
966 2802 1152 2844 judicatum,
1165 2802 1204 2832 ad
1215 2799 1300 2832 aliud
1308 2799 1461 2840 judicium
1472 2797 1677 2839 proficiscan-

215 2860 277 2886 tur·
302 2854 398 2896 [767]
423 2854 548 2885 tertium
573 2866 655 2891 vern,
673 2857 697 2887 si
715 2867 771 2898 per
786 2858 848 2889 duo
864 2858 1024 2898 superiora
1033 2856 1227 2888 reconcilimi
1240 2864 1303 2885 non
1318 2853 1445 2888 fuerint,
1461 2852 1554 2883 finem
1570 2851 1675 2893 impo-

216 2914 283 2940 nat.
304 2907 641 2950 profectojudiciorum
655 2912 896 2944 constitutiones
905 2911 1133 2953 quodammodo
1150 2909 1385 2951 magistratuum
1398 2906 1573 2938 electiones
1581 2911 1668 2938 sunt.
