1840 3225
183 162 258 199 308
779 157 1043 197 PLATONIS
1549 159 1645 211 [669

184 266 299 298 Multae
316 266 356 296 ad
368 266 550 308 adspectum
562 265 756 307 pertinentes
772 265 994 296 similitudines
1016 265 1104 296 fiunt.
1129 265 1206 296 Cu.
1220 265 1326 297 Certe.
1365 265 1504 297 A‘rnnu·
1526 265 1561 296 Si
1575 265 1646 306 quis

185 321 323 363 corporis
334 320 455 362 depicti
478 320 606 352 modum
621 330 684 351 non
702 326 818 357 teneat,
837 325 1047 362 cognoscetne
1064 330 1214 360 unquam,
1231 326 1332 351 utrum
1351 325 1432 352 recte
1449 319 1490 350 sit
1502 319 1622 361 pictum
1636 319 1648 349 ?

186 380 221 406 ut
236 380 323 416 puta,
338 380 438 406 utrum
455 374 602 406 articulos
625 374 763 415 corporis
778 380 811 405 et
825 374 962 415 singulas
978 374 1148 415 particulas
1162 375 1276 405 habeat
1289 380 1322 405 et
1336 384 1501 406 numerum
1523 379 1557 404 et
1569 382 1647 415 qua.-

185 430 308 460 litatem
324 435 357 460 et
371 429 560 460 locationem
586 429 786 470 singulorum,
802 434 894 470 prout
919 428 1012 458 decet
1027 427 1066 459 ad
1082 429 1216 469 singula,
1232 430 1353 460 colores
1379 434 1532 471 praeterea
1556 432 1650 469 atque

188 484 323 524 figuras:
348 484 399 514 vel
415 488 538 520 contra,
551 488 655 514 utrum
672 484 850 525 perturbate
878 485 944 514 lraec
970 483 1076 514 omnia
1097 483 1181 524 picta
1197 484 1283 514 sint?
1307 493 1349 514 an
1376 493 1487 514 censes
1500 483 1570 513 haec
1592 481 1650 512 ali-

189 548 286 579 quem
300 538 508 579 cogniturum,
524 539 578 580 qui
594 538 722 574 animal,
739 537 824 579 quod
839 537 988 579 pingitur,
1003 537 1134 568 minime
1144 537 1288 569 noverit?
1334 537 1412 570 CLI.
1437 536 1534 568 Nullo
1547 536 1652 568 modo.

189 592 330 624 Arum«.
352 592 408 623 Sin
425 598 531 624 autem
557 599 726 634 cognoscat
741 592 865 633 aliquis,
891 592 1049 623 hominem
1070 602 1137 623 esse
1163 592 1207 628 id,
1229 593 1311 633 quod
1327 593 1448 633 pictum
1461 591 1513 621 vel
1529 599 1654 632 quoquo

194 646 288 677 modo
303 647 469 678 formatum
485 653 544 683 est,
572 646 668 689 [669]
694 657 827 687 suasque
850 651 954 688 partes
974 656 1083 676 omnes
1107 652 1139 677 et
1154 646 1267 686 figuras
1283 654 1316 677 et
1331 647 1452 677 colores
1467 645 1505 676 ab
1520 650 1585 676 arte
1602 654 1654 676 ac-

192 701 336 742 cepisse;
358 711 435 732 num
464 701 551 732 idem
575 701 762 737 necessario,
790 701 888 731 sicubi
912 699 1055 730 defectus
1078 700 1191 741 aliquis
1219 700 1461 741 pulchritudinis
1486 700 1518 730 in
1541 709 1579 730 eo
1603 699 1656 735 sit,

187 756 340 788 continuo
364 756 534 796 agnoscet?
580 755 655 787 C1.1.
680 755 799 785 Omne·
827 755 924 785 ferme
952 755 1011 785 hoc
1042 755 1144 791 modo,
1170 755 1294 796 hospes,
1319 765 1388 796 quae
1414 754 1447 785 in
1463 754 1650 784 animalibus

189 811 320 852 pulchre
354 820 386 840 se
420 810 549 845 liabent,
583 818 853 850 cognosceremus
900 809 1035 839 Arum:-
1075 808 1178 839 Recte
1204 809 1350 850 loqueris.
1371 818 1477 840 nonne
1501 808 1597 849 igitur
1619 807 1653 837 in

192 863 330 905 imagine
368 864 465 899 omni,
510 863 575 893 sive
606 873 663 903 per
698 862 852 903 picturam
884 862 949 893 sive
986 872 1041 902 per
1069 863 1220 894 musicam
1270 863 1336 894 sive
1372 862 1654 904 quomodocunque

192 918 283 949 aliter
298 918 362 953 fiat,
380 917 438 947 tria
454 917 520 947 haec
536 916 721 957 prudentem
730 916 871 958 judicem
886 916 999 946 habere
1022 917 1165 957 oportet?
1188 917 1324 958 primum
1336 923 1371 948 ut
1383 921 1562 958 cognoscat,
1578 915 1656 957 quid

193 972 244 1008 sit,
262 971 347 1013 quod
362 971 394 1001 in
419 971 628 1001 imitationem
656 970 763 1002 cadit:
789 970 962 1001 secundum
983 976 1019 1000 ut
1036 976 1151 1002 recte:
1177 971 1301 1002 tertium
1330 977 1365 1002 ut
1390 972 1482 1008 bene,
1507 970 1657 1012 quaelibet

197 1026 369 1056 similitudo
398 1025 512 1060 verbis,
547 1025 767 1060 concentibus,
794 1025 930 1055 numeris
958 1025 1073 1056 effecta
1113 1025 1164 1061 sit,
1192 1026 1314 1057 noverit
1329 1026 1339 1056 ?
1395 1025 1474 1057 Cu.
1511 1025 1657 1057 Videtur.

193 1079 334 1111 ΑΤΗΕΝ.
357 1079 408 1110 Ne
434 1079 540 1120 pigeat
553 1079 649 1120 igitur
665 1079 892 1116 difficultatem,
909 1090 978 1121 quae
1000 1079 1033 1110 in
1050 1080 1167 1111 musica
1183 1086 1242 1116 est,
1266 1091 1435 1122 exponere.
1458 1090 1563 1121 porro,
1579 1089 1657 1121 quo-

192 1134 279 1166 niam
302 1134 404 1176 magis
418 1135 484 1165 haec
499 1144 594 1176 quam
609 1134 678 1165 aliae
693 1134 917 1165 similitudines
940 1135 1125 1171 celebratur,
1152 1134 1270 1176 majore
1288 1145 1382 1176 quam
1397 1135 1432 1165 in
1445 1134 1557 1165 ceteris
1580 1143 1660 1174 opus

191 1194 240 1220 cst
254 1189 430 1230 diligentia.
455 1198 529 1219 nam
544 1188 640 1229 quiin
654 1189 712 1219 hac
729 1189 859 1224 aberrat,
871 1188 1006 1220 maxime
1019 1189 1154 1225 laeditur‚
1164 1199 1234 1220 cum
1247 1189 1304 1220 sub
1314 1189 1382 1230 ejus
1396 1189 1550 1220 suavitate
1561 1188 1661 1219 malos

193 1243 328 1274 imbibat
341 1253 452 1275 mores,
476 1243 604 1274 difficile
627 1243 779 1274 autemid
797 1243 925 1285 cognitu
942 1249 1001 1281 est,
1025 1244 1172 1285 quoniam
1194 1244 1302 1285 poetae
1324 1253 1388 1274 non
1408 1244 1465 1280 ita,
1487 1248 1522 1274 ut
1544 1243 1662 1278 Musae,

197 1303 295 1329 artem
313 1297 475 1339 poeticam
488 1303 609 1329 tenent.
638 1308 798 1339 nunquam
810 1298 894 1329 enim
910 1298 974 1328 illae
991 1303 1111 1329 tantum
1128 1308 1228 1329 errare
1244 1303 1383 1339 possent,
1406 1303 1441 1329 ut
1462 1298 1495 1328 in
1510 1297 1660 1338 effingen-

197 1353 247 1384 dis
272 1352 409 1383 virorum
425 1352 526 1384 verbis
542 1352 677 1383 colorem
691 1352 855 1383 mulierum
873 1357 1105 1393 concentusque
1130 1353 1322 1392 redderent3
1344 1352 1395 1384 vel
1410 1352 1440 1382 in
1458 1351 1661 1382 concentibus

196 1406 365 1448 figurisque
380 1406 544 1437 liberorum
568 1416 726 1437 servorum
749 1412 782 1437 et
808 1406 1008 1437 illiberalium
1034 1417 1196 1446 numeros3
1219 1407 1269 1437 vel
1285 1407 1317 1437 id
1339 1407 1476 1437 numeris
1492 1405 1659 1447 figurisque

195 1460 301 1491 liberis
316 1465 504 1491 concentum
530 1460 578 1491 vel
604 1471 780 1491 sermonem
808 1461 945 1491 numeris
968 1462 1165 1492 contrarium.
1188 1471 1346 1503 nunquam
1372 1461 1498 1502 insuper
1523 1460 1658 1491 ferarum

193 1524 287 1545 voces
300 1519 393 1556 atque
410 1514 570 1545 hominum
589 1515 873 1557 pulsandorumque
897 1516 1171 1546 instrumentorum
1197 1521 1230 1546 et
1256 1516 1402 1557 strepitus
1427 1525 1548 1552 omnes,
1571 1514 1662 1556 quasi

194 1578 291 1599 unum
307 1568 429 1610 aliquid
443 1568 650 1611 imitarentur,
664 1569 697 1600 in
719 1580 814 1600 unum
843 1569 1083 1602 confunderent.
1107 1570 1236 1601 humani
1259 1580 1331 1600 vero
1357 1569 1461 1611 poidtae
1485 1568 1660 1611 hujusmodi

197 1622 297 1653 multa
311 1623 490 1664 perturbate
512 1628 546 1653 et
573 1624 641 1654 sine
665 1624 786 1654 ratione
811 1623 1027 1660 commiscent,
1054 1624 1210 1665 risumque
1237 1624 1417 1655 hominibus
1439 1629 1657 1655 commovent:

196 1687 276 1718 quos
291 1677 437 1718 Orpheus
451 1677 672 1708 delectationis
685 1678 815 1719 gratiam
843 1683 993 1719 sequutos
1009 1678 1065 1710 ait.
1087 1679 1192 1710 onmia
1210 1679 1296 1710 enim
1311 1679 1378 1710 haec
1395 1685 1427 1710 et
1441 1679 1570 1710 confusa
1594 1687 1661 1709 cer-

195 1736 275 1762 nunt
289 1737 322 1762 et
336 1731 398 1772 ipsi
415 1742 539 1773 quoque
556 1732 735 1763 distrahunt
747 1732 863 1773 poetae,
879 1743 1040 1763 numerum
1057 1733 1186 1773 quidem
1202 1739 1295 1774 atque
1319 1733 1434 1774 figuras
1460 1743 1479 1764 a
1501 1738 1658 1764 concentu

197 1781 351 1823 seorsumJ
363 1786 521 1816 orationes
536 1785 636 1817 nudas
651 1786 767 1828 absque
784 1792 940 1818 concentu
966 1787 1094 1817 metrice
1111 1793 1348 1828 componentes,
1365 1793 1459 1829 atque
1475 1787 1569 1818 etiam
1585 1797 1663 1818 con-

196 1844 309 1870 centus
323 1844 355 1870 et
369 1849 517 1871 numeros
532 1841 648 1882 absque
665 1841 778 1878 verbis,
792 1841 887 1871 nudae
904 1840 1032 1871 citharae
1049 1841 1217 1882 pulsationi
1233 1848 1265 1872 et
1287 1842 1375 1873 tibiae
1393 1852 1470 1872 sono
1485 1851 1660 1872 accommo-

199 1893 323 1925 dantes.
347 1904 410 1936 qua
434 1895 466 1924 in
493 1905 526 1925 re
552 1894 765 1926 difficillimum
791 1900 839 1926 est
862 1906 1061 1936 cognoscere,
1091 1895 1168 1938 quid
1193 1907 1339 1927 numerus
1361 1902 1394 1926 et
1408 1902 1580 1927 concentus
1593 1895 1662 1926 sine

199 1947 302 1978 verbis
319 1948 422 1979 factus
434 1948 495 1979 sibi
512 1949 597 1986 velit,
614 1954 646 1979 et
661 1949 712 1980 cui
725 1949 892 1980 imitationi
904 1950 1015 1981 similis
1038 1950 1081 1981 sit
1105 1961 1221 1988 earum,
1236 1961 1306 1993 quae
1322 1951 1442 1982 ratione
1457 1958 1531 1981 sunt
1545 1949 1661 1992 dignae.

198 2001 375 2042 intelligere
387 2007 491 2033 autem
507 2008 631 2044 oportet
646 2004 745 2034 multa
769 2003 906 2035 ruditate
923 2015 990 2035 esse
1009 2005 1156 2036 refertum
1180 2005 1212 2036 id
1235 2016 1339 2041 omne,
1367 2004 1574 2047 quodcunque
1597 2005 1664 2036 sive

198 2055 395 2086 velocitatem
413 2066 469 2087 seu
484 2056 661 2087 tarditatem
677 2067 848 2099 vocemque
876 2058 1009 2089 ferarum
1032 2059 1173 2100 proxime
1196 2060 1345 2101 sequitur,
1361 2065 1397 2090 ut
1422 2060 1512 2090 aliter
1528 2059 1603 2090 tibia
1618 2059 1663 2090 ci-

201 2110 353 2151 tharaque
367 2110 475 2149 utaris,
499 2110 594 2152 [670]
621 2121 712 2152 quam
736 2113 776 2142 ad
798 2112 972 2152 tripudium
997 2123 1074 2154 opus
1097 2113 1138 2144 sit
1169 2119 1262 2155 atque
1287 2120 1426 2144 cantum.
1448 2114 1534 2144 nudo
1557 2119 1662 2144 autem

197 2169 329 2205 utroque
344 2163 391 2194 uti
415 2163 529 2195 abusus
551 2172 600 2195 est
627 2165 843 2196 miraculorum
871 2166 1076 2197 ostentationi
1099 2167 1267 2207 persimilis
1282 2172 1314 2197 et
1329 2177 1347 2197 a
1361 2167 1466 2198 Musis
1492 2166 1660 2198 admodum

198 2216 343 2250 alienius.
365 2219 419 2249 sed
443 2218 551 2249 horum
579 2219 708 2260 quIdem
735 2220 802 2250 haec
828 2220 906 2250 ratio
923 2226 982 2251 est.
1018 2230 1075 2250 nos
1099 2226 1203 2251 autem
1233 2222 1300 2252 haec
1323 2231 1386 2252 non
1419 2221 1664 2258 consideramus,

199 2282 295 2313 quam
311 2273 435 2314 triginta
448 2273 738 2315 quinquagintaque
755 2284 854 2304 annos
868 2280 899 2305 et
915 2275 994 2305 ultra
1011 2275 1078 2305 nati
1105 2275 1208 2305 Musis
1227 2274 1341 2306 nostris
1356 2275 1402 2306 uti
1424 2286 1487 2306 non
1503 2276 1660 2306 debeant:

199 2326 256 2358 sed
270 2332 305 2357 ut
320 2328 445 2369 quando
467 2328 616 2364 debeant,
633 2328 805 2361 videamus.
831 2329 953 2360 existis
972 2335 1076 2360 autem
1102 2329 1200 2360 oratio
1229 2330 1297 2360 haec
1323 2329 1412 2360 nobis
1437 2329 1471 2360 id
1485 2329 1662 2371 significare

199 2379 333 2417 videtur,
349 2380 435 2423 quod
450 2380 491 2412 ad
505 2381 798 2424 quinquagesimum
812 2393 927 2413 annum
946 2390 1120 2424 provectos,
1138 2385 1372 2426 quibuscunque
1385 2394 1496 2415 canere
1509 2393 1590 2426 opns
1601 2387 1661 2420 est,

199 2434 310 2466 melius
325 2435 437 2466 ceteris
450 2436 535 2467 chori
553 2436 677 2467 Musam
693 2441 797 2467 tenere
812 2443 964 2478 oporteat.
987 2447 1114 2469 necesse
1132 2448 1267 2480 namque
1290 2444 1349 2474 est,
1366 2445 1402 2469 ut
1416 2444 1506 2470 acute
1523 2448 1661 2469 concen-

199 2492 250 2518 tus
265 2493 297 2519 et
312 2499 455 2520 numeros
477 2490 626 2527 sentiant,
650 2496 743 2532 atque
757 2497 958 2532 cognoscant.
982 2492 1137 2533 quomodo
1154 2493 1237 2524 cnim
1260 2493 1350 2523 aliter
1364 2492 1517 2534 quispiam
1533 2491 1660 2522 rectitu-

202 2540 306 2573 dinem
316 2548 426 2574 cantus
442 2550 622 2586 cognoscet,
638 2545 686 2575 cui
703 2545 849 2576 convenit
863 2546 913 2576 vcl
930 2556 992 2576 non
1009 2547 1156 2577 convenit
1171 2547 1254 2578 circa
1266 2546 1428 2583 Doricum,
1442 2551 1476 2578 et
1490 2555 1662 2582 numerum,

201 2605 293 2636 quem
309 2596 354 2628 illi
372 2597 467 2637 poeta
484 2598 637 2640 adjunxit,
664 2604 764 2630 utrum
789 2605 872 2630 recte
894 2599 1033 2641 junxerit
1054 2601 1176 2632 necne?
1221 2600 1296 2632 Cu.
1330 2600 1429 2631 Nullo
1445 2606 1531 2632 certe
1557 2606 1660 2641 pactu.

199 2648 340 2682 Arnen.
366 2651 488 2692 Vulgus
502 2659 604 2683 autem
625 2653 830 2685 deridendum
847 2659 908 2691 est,
925 2665 994 2685 cum
1010 2666 1043 2686 se
1055 2661 1157 2696 putet,
1172 2654 1257 2696 quod
1272 2655 1345 2685 boni
1363 2660 1536 2686 concentus
1552 2664 1661 2685 nume-

197 2702 287 2744 rique
304 2715 431 2745 compos
443 2712 537 2736 estet
561 2707 643 2748 quod
662 2714 783 2745 contra,
806 2709 882 2739 satis
905 2719 1107 2749 cognoscere,
1133 2715 1334 2751 quotcunque
1355 2708 1502 2739 videlicet
1521 2708 1655 2749 ipsorum

199 2762 324 2788 cantum
341 2765 373 2790 et
387 2770 547 2790 numerum
561 2762 648 2803 sequi
664 2763 764 2794 coacti
792 2768 865 2794 sunt
878 2763 1017 2804 quidem.
1039 2764 1184 2805 quoniam
1202 2773 1273 2794 vero
1287 2762 1363 2804 quid
1388 2762 1419 2791 in
1435 2762 1568 2803 singulis
1584 2762 1660 2792 isto-

198 2822 265 2842 rum
293 2812 346 2844 fiat
362 2813 517 2855 ignorant,
541 2817 695 2856 quomodo
711 2817 805 2848 etiam
821 2825 905 2848 recte
928 2817 1004 2848 fiant
1021 2818 1087 2848 haec
1111 2817 1266 2848 nesciunt.
1288 2816 1419 2857 quilibet
1442 2816 1525 2846 enim
1553 2826 1662 2851 canus,

197 2865 221 2896 si
239 2868 344 2899 omnia
358 2868 418 2901 sibi
433 2869 655 2902 convenientia
671 2872 826 2909 continet,
850 2878 934 2904 recte
951 2882 983 2903 sc
999 2873 1106 2910 habet,
1121 2873 1147 2903 si
1161 2881 1225 2903 non
1246 2870 1402 2906 eontinet,
1416 2875 1535 2901 contra.
1580 2870 1658 2902 Cu.
