1840 3225
144 208 241 258 409]
562 207 635 246 DE
666 206 977 245 REPUBLICA
1009 207 1107 246 LlB.
1142 207 1214 248 ΙΙΙ.
1533 210 1604 247 127

139 312 216 354 quin
233 312 259 343 si
274 311 306 343 in
325 311 497 343 morborum
512 311 680 342 nutritione
697 315 819 351 tempus
835 315 924 346 terat,
940 321 1002 340 non
1019 310 1057 341 sit
1071 311 1118 342 illi
1135 312 1313 343 vivendum.
1336 311 1434 342 fabrili
1450 312 1602 353 siquidem

139 365 197 396 arti
222 377 259 397 ac
285 367 394 397 ceteris
419 366 643 408 impedimento
669 364 701 395 id
727 369 785 395 est.
809 375 880 394 nam
904 364 943 394 ab
970 375 1065 405 opere
1092 371 1227 396 ruentem
1251 366 1387 398 divertit.
1414 374 1603 408 praeceptum

136 430 208 450 vero
240 421 424 462 Plrocylidis
453 419 529 450 nihil
552 419 694 460 impedit.
741 417 856 449 GLAU.
889 417 949 448 Per
976 418 1088 449 Jovem
1116 420 1209 450 ferme
1238 419 1375 450 omnium
1406 421 1548 458 maxime,
1580 422 1606 452 si

137 473 218 504 ultra
250 474 474 517 gymnasticam
503 483 695 514 supervacua
731 472 791 503 ista
828 472 945 503 curatio
985 472 1121 513 corporis
1149 473 1347 513 producatur,
1378 484 1433 504 nos
1459 480 1605 516 occupat.

136 528 190 558 So.
229 528 353 559 Etenim
381 528 423 559 rei
459 527 601 558 familiari
631 526 816 560 etrmilitari
846 531 878 557 et
918 527 1040 557 urbanis
1077 527 1220 558 omuibus
1255 528 1482 568 magistratibus
1517 530 1606 561 obest

135 581 323 623 plurimum:
349 581 474 622 quodve
499 581 698 611 deterrimum
723 585 781 616 est,
798 580 939 611 discendi
965 580 1101 610 studium
1126 586 1157 611 et
1181 591 1304 611 omnem
1329 582 1525 623 intelligendi
1540 595 1604 615 me·

134 635 318 677 ditandique
333 634 528 675 diligentiam
545 634 689 676 impedit,
703 635 776 664 dum
791 633 902 675 capitis
917 634 1040 665 dolores
1057 645 1177 675 semper
1191 640 1223 665 et
1238 636 1404 676 vertigines
1419 638 1607 678 suspicatur,

134 689 335 730 studiumque
351 689 512 730 sapientize
529 694 684 730 causatur,
701 689 789 730 quasi
804 699 841 719 ex
866 700 903 719 eo
925 688 984 719 ista
1012 694 1188 720 nascantur.
1212 690 1411 730 quamobrem
1428 692 1466 720 ad
1484 692 1606 723 virtutis

132 743 384 775 exercitationem
412 743 691 785 probationemque
720 743 809 773 nobis
837 743 963 773 omnino
992 743 1217 784 impedimento
1244 750 1301 775 est.
1328 745 1422 776 efficit
1448 746 1543 782 euim,
1571 751 1607 776 ut

132 807 253 838 semper
279 802 427 837 aegrotare
455 802 613 838 putemus,
639 807 740 838 neque
768 797 946 827 desinamus
975 807 1111 838 unquam
1138 798 1178 828 de
1204 798 1311 828 habitu
1338 799 1474 840 corporis
1503 800 1601 840 queri.

132 850 249 882 Grau.
272 851 525 882 Consentaneum
552 856 609 882 cst.
653 851 708 881 So.
733 851 811 881 Haec
836 851 944 892 utique
966 856 1208 892 cognoscentem
1234 853 1367 883 dicimus
1384 853 1601 895 AEsculapium

132 906 307 936 hominibus
324 911 433 936 natura
459 906 709 947 educationeque
737 906 817 936 bene
842 905 1028 942 valentibus,
1045 906 1159 937 deinde
1177 917 1247 936 vero
1273 908 1379 937 morbo
1396 908 1530 948 quodam
1548 919 1602 939 ex-

126 960 225 991 ,terius
241 960 327 990 illato
354 965 386 991 et
411 961 512 990 subito
540 960 772 1001 aegrotantibus,
788 971 856 990 earn
883 960 1057 991 ostendisse
1075 961 1273 997 medicinam,
1289 971 1352 1002 qua
1368 963 1540 1002 pharmacis
1567 969 1601 995 et

128 1013 334 1044 incisionibus
349 1013 508 1044 infirmitas
525 1015 695 1051 tolleretur,
718 1014 865 1045 videlicet
880 1019 1030 1045 consueto
1046 1015 1161 1045 deinde
1188 1016 1271 1046 victu
1293 1020 1425 1052 servato,
1440 1027 1479 1047 ne
1495 1017 1601 1048 civilia

131 1069 258 1109 negotia
274 1068 461 1099 disturbaret
476 1080 482 1098 :
508 1079 638 1110 corpora
654 1079 725 1099 vero
742 1068 866 1110 penitus
883 1069 1017 1099 interiori
1034 1069 1232 1109 corruptione
1248 1070 1387 1100 morbosa
1403 1081 1600 1112 nequaquam

129 1132 307 1164 aggressum
333 1123 438 1163 fuisse,
453 1123 616 1164 diligentia
642 1124 742 1154 victus
768 1128 799 1153 et
825 1123 973 1153 diuturna
1001 1123 1197 1153 observantia
1221 1123 1252 1153 in
1280 1124 1342 1154 vita
1358 1125 1541 1164 producere,
1558 1126 1600 1157 ita

129 1181 164 1206 ut
183 1181 214 1207 et
231 1177 309 1207 male
327 1176 463 1207 viverent
489 1178 629 1208 homiues
646 1182 678 1208 et
705 1177 959 1213 valetudinarios,
977 1182 1009 1207 ut
1025 1187 1220 1218 consequens
1235 1182 1293 1214 est,
1311 1177 1390 1208 filios
1407 1185 1600 1219 generarent.

128 1241 231 1271 neque
248 1242 318 1262 vero
335 1231 420 1261 illum
437 1231 594 1262 censuisse
611 1232 795 1268 curandum,
811 1231 865 1272 qui
880 1242 943 1261 non
961 1237 1066 1272 posset
1090 1231 1121 1261 in
1146 1231 1316 1262 constituto
1340 1237 1372 1262 et
1396 1231 1489 1262 solito
1513 1234 1598 1265 victu

128 1296 165 1315 ac
180 1285 286 1326 regula
302 1286 404 1317 vivere
419 1297 427 1315 τ
454 1291 601 1326 tanquam
618 1296 720 1327 neque
746 1285 804 1327 ipsi
828 1296 931 1326 neque
946 1285 1065 1316 civitati
1080 1285 1110 1315 id
1127 1285 1277 1316 conferat.
1323 1285 1438 1317 GLAU.
1465 1285 1599 1319 Civilem

128 1339 225 1370 virum
242 1340 319 1371 dicis
337 1339 554 1381 AEsculapium
582 1340 746 1370 exstitisse.
791 1340 843 1371 So.
867 1340 1003 1371 Constat
1029 1340 1136 1381 plane,
1152 1340 1269 1381 filiique
1295 1339 1393 1381 ipsius
1418 1340 1510 1371 talem
1526 1352 1597 1372 eum

126 1394 221 1426 fuisse
240 1399 404 1426 testantur.
427 1405 467 1424 an
492 1394 616 1435 ignoras
632 1394 704 1424 illos
727 1395 811 1435 apud
837 1394 961 1435 Trojam
985 1394 1018 1424 in
1042 1394 1132 1425 rebus
1160 1393 1278 1425 bellicis
1302 1393 1472 1425 claruisse?
1498 1393 1596 1437 [408]

126 1458 304 1490 quanquam
321 1453 352 1479 et
375 1448 540 1479 medicinae
567 1447 684 1488 studio,
700 1448 963 1489 quemadmodum
989 1459 1048 1489 ego
1073 1447 1228 1485 dicebam,
1245 1449 1422 1480 utebantur.
1444 1459 1508 1479 non
1534 1459 1599 1480 me-

127 1502 254 1539 ministi,
270 1503 355 1544 quod
371 1502 521 1533 Menelao
537 1501 673 1534 Pandari
690 1502 832 1533 manibus
848 1502 1009 1533 vulnerato
1026 1513 1163 1534 cruorem
1181 1502 1315 1533 vulneris
1330 1503 1549 1539 absterserunt,
1565 1509 1598 1534 et

126 1557 293 1598 unguentis
318 1556 534 1597 mitigantibus
558 1566 740 1598 perunxere,
757 1556 856 1597 legem
881 1567 952 1587 vero
976 1561 1091 1587 certam
1118 1556 1201 1587 circa
1223 1556 1310 1588 cibos
1329 1567 1366 1587 ac
1389 1562 1482 1598 potus
1498 1557 1597 1588 nihilo

125 1611 220 1652 magis
242 1621 335 1653 quam
358 1610 525 1653 Eurypylo
556 1610 829 1652 praescripserunt:
856 1610 945 1652 quasi
975 1611 1141 1651 pharmaca
1168 1611 1207 1641 ad
1238 1611 1391 1642 curandos
1419 1611 1597 1644 sufficerent

123 1665 276 1701 homines,
304 1665 358 1706 qui
388 1670 461 1695 ante
491 1670 624 1707 accepta
652 1665 780 1696 vulnera
808 1670 840 1696 et
870 1665 947 1696 firmi
978 1665 1115 1706 corporis
1140 1664 1248 1695 habitu
1275 1671 1307 1695 et
1333 1665 1416 1696 victu
1443 1666 1598 1697 moderati

122 1718 266 1754 fuissent,
283 1719 356 1750 licet
372 1719 513 1760 protinus
535 1719 653 1750 dictum
672 1719 749 1750 illud
774 1719 921 1761 poculum
937 1719 1106 1750 ebibissent
1121 1720 1131 1749 ?
1157 1718 1297 1750 homines
1320 1724 1423 1750 autern
1439 1725 1471 1751 et
1486 1726 1596 1752 natura

122 1778 155 1803 et
181 1773 410 1804 incontinentia
434 1774 592 1803 morbosos
610 1774 725 1815 vivere,
742 1784 845 1814 neque
867 1773 903 1804 iis
929 1773 1003 1814 ipsis
1030 1783 1132 1814 neque
1158 1772 1226 1803 aliis
1250 1773 1389 1804 conferre
1414 1775 1590 1815 putabant:

120 1837 223 1868 neque
239 1827 320 1858 circa
334 1827 405 1858 illos
430 1827 541 1858 versari
565 1832 683 1866 artem;
710 1838 813 1869 neque
839 1838 905 1858 esse
932 1827 1098 1863 curandos,
1115 1827 1234 1858 etiamsi
1265 1827 1356 1857 Mida
1373 1828 1594 1868 locupletiores

120 1886 235 1913 essent.
284 1880 398 1912 GLAU.
421 1881 524 1912 Scitos
538 1881 707 1912 admodum
725 1882 804 1912 viros
815 1881 911 1912 fuisse
928 1881 1069 1922 perhibes
1081 1881 1256 1922 sEscnlapii
1272 1881 1363 1913 filios,
1408 1882 1465 1913 So.
1490 1882 1594 1914 Decet

120 1946 217 1966 sane:
243 1946 422 1977 quanquam
451 1935 541 1966 nobis
568 1936 699 1976 tragoedi
715 1941 747 1966 et
763 1936 916 1966 Pindarus
932 1946 995 1965 non
1025 1936 1225 1967 testificantes
1255 1935 1473 1978 fEsculapium
1491 1937 1594 1969 ferunt

120 1989 280 2030 Apollinis
304 1989 400 2020 filiurn
428 1989 595 2030 exstitisse,
609 1995 702 2030 atque
729 2000 803 2020 auro
830 1990 992 2020 inductum
1021 1990 1060 2020 ad
1088 1990 1243 2020 hominem
1275 1991 1492 2031 pecuniosum,
1520 2003 1591 2022 cum

119 2048 254 2073 extrema
285 2043 468 2084 :egritudine
498 2043 537 2073 ad
573 2049 702 2075 mortem
733 2044 851 2075 ferente
885 2044 1122 2085 opprimeretur,
1152 2044 1184 2074 in
1218 2045 1312 2075 vitam
1347 2046 1589 2077 restituendum.

120 2097 204 2128 unde
220 2102 253 2127 et
268 2097 398 2127 fulmine
414 2097 500 2127 illurn
517 2108 706 2138 percussum.
731 2099 785 2130 sed
809 2109 865 2129 nos
893 2103 1019 2140 propter
1048 2098 1113 2138 illa,
1140 2109 1211 2140 quae
1235 2110 1327 2140 supra
1353 2100 1499 2136 diximus,
1531 2100 1592 2131 illis

118 2151 186 2182 haec
225 2156 354 2192 utraque
384 2162 448 2182 non
478 2152 692 2184 concedimus.
723 2153 819 2184 immo
849 2152 875 2183 si
906 2152 969 2184 Dei
1006 2153 1087 2183 filius
1117 2153 1188 2189 fuit,
1217 2153 1294 2184 lucri
1324 2154 1422 2195 turpis
1461 2154 1586 2185 avidum

119 2204 216 2235 fuisse
241 2206 447 2246 negabimus:
474 2205 521 2236 sin
543 2206 642 2248 turpis
666 2206 776 2237 avidus
802 2206 891 2248 lucri,
909 2206 973 2237 Dei
999 2206 1096 2238 fuisse
1120 2207 1217 2237 filium
1241 2206 1430 2248 rcjiciernUS.
1475 2208 1592 2239 Gmu.

121 2258 223 2289 Probe
252 2259 378 2301 quidem
409 2259 470 2290 ista
499 2260 658 2291 dicuntur.
690 2261 806 2299 sed,de
832 2262 891 2292 hoc
918 2261 993 2302 quid
1021 2261 1077 2298 ais,
1103 2272 1121 2291 o
1144 2261 1310 2292 Socrates?
1335 2271 1375 2291 an
1399 2272 1463 2291 non
1489 2262 1590 2293 bonos

117 2312 255 2344 medicos
271 2313 382 2344 habere
399 2319 523 2354 oportet
538 2314 568 2344 in
593 2314 719 2345 clvitate
734 2314 745 2345 ἓ
769 2320 871 2345 essent
887 2320 989 2345 autem
1008 2315 1083 2345 tales
1099 2314 1244 2356 maxime,
1259 2315 1440 2356 quicunque
1457 2315 1591 2347 fuissent

116 2376 187 2396 cum
214 2366 296 2397 sanis
322 2367 461 2408 plurimis
489 2368 692 2409 plurimisque
720 2368 940 2411 aegrotantibus
967 2369 1153 2400 conversati.
1182 2369 1307 2410 judices
1331 2369 1407 2400 item
1433 2369 1589 2407 similiter,

116 2420 173 2462 qui
199 2420 282 2451 varia
306 2421 466 2452 hominum
491 2422 618 2463 ingenia
643 2429 747 2454 essent
771 2425 901 2464 experti.
948 2423 1004 2454 So.
1035 2423 1076 2453 Et
1101 2422 1193 2454 valde
1222 2422 1349 2464 quidem
1378 2424 1475 2453 bonos
1504 2423 1591 2454 dico.

117 2474 179 2505 Sed
196 2474 336 2516 nunquid
350 2474 511 2517 intelligis,
528 2487 606 2518 quos
622 2477 699 2508 tales
715 2488 783 2508 esse
807 2478 960 2508 arbitror?
1005 2477 1120 2509 Gmu.
1145 2477 1179 2508 Si
1195 2476 1317 2508 dixeris.
1363 2476 1420 2507 So.
1443 2476 1587 2508 Tentabo

117 2528 275 2569 equidem.
299 2533 453 2560 tutamen
480 2540 542 2561 non
559 2531 689 2561 similem
716 2543 778 2562 rem
803 2542 943 2562 sermone
969 2532 1080 2562 eodem
1108 2531 1330 2572 interrogabas.
1376 2530 1490 2562 GLau.
1515 2531 1589 2568 Qua

118 2582 262 2613 ratione?
305 2582 359 2615 So.
381 2583 502 2614 Medici
522 2584 648 2624 quidem
672 2585 923 2616 sufficientissimi
939 2585 1118 2620 evaderent,
1135 2584 1158 2614 si
1181 2584 1220 2614 ab
1244 2584 1371 2614 ineunte
1388 2588 1491 2622 aetate,
1509 2584 1587 2615 ultra

117 2636 276 2667 discenda>
292 2636 364 2667 artis
388 2637 538 2673 studium,
555 2637 633 2668 inter
657 2626 804 2679 plurimos
827 2649 955 2679 corpore
981 2638 1060 2669 male
1085 2638 1215 2668 affectos
1230 2643 1496 2676 conversarentur,
1512 2639 1586 2680 ipsi·

115 2701 176 2731 quc
202 2690 287 2720 omni
314 2691 486 2721 morborum
515 2702 627 2732 genere
655 2692 841 2730 laborarent,
859 2698 1030 2734 naturaque
1057 2692 1211 2723 imbecilla
1235 2697 1348 2723 essent.
1373 2703 1475 2734 neque
1500 2693 1582 2723 enim

117 2754 243 2785 corpus,
260 2750 294 2774 ut
308 2745 448 2782 arbitror,
462 2756 590 2787 corpore
605 2751 725 2777 curant.
748 2746 940 2788 impossibile
958 2756 1091 2787 namque
1107 2751 1199 2785 esset,
1214 2745 1281 2787 ipsa
1298 2747 1488 2788 quandoque
1504 2747 1584 2777 mala

115 2798 164 2828 vel
185 2798 280 2829 fuisse
297 2799 343 2829 vel
370 2810 448 2830 esse.
471 2800 524 2830 sed
553 2800 657 2830 anima
681 2811 795 2842 corpus
821 2805 942 2833 curant.
967 2811 1005 2831 an
1031 2811 1092 2830 non
1121 2799 1184 2830 fieri
1209 2804 1325 2841 potest,
1342 2804 1376 2830 ut
1400 2810 1470 2841 quae
1495 2801 1586 2831 suerit

113 2853 213 2893 sitque
238 2853 330 2890 mala,
356 2855 434 2884 bene
460 2854 578 2894 aliquid
607 2855 719 2885 curet?
765 2854 880 2886 Gnau.
904 2855 1007 2886 Recte
1034 2854 1174 2895 quidem.
1217 2854 1274 2884 So.
1297 2854 1401 2885 Judex
1428 2859 1543 2892 autem,
1564 2866 1582 2883 υ

111 2906 225 2947 amice,
240 2907 308 2949 ipso
324 2908 429 2939 animo
445 2908 586 2951 imperat.
612 2908 710 2952 [409]
736 2909 853 2941 Nonne
870 2910 1018 2952 possibile
1034 2915 1094 2945 est,
1111 2920 1128 2939 a
1145 2908 1279 2951 pucritia
1294 2908 1431 2940 animum
1446 2907 1580 2948 aliquem
