1840 3225
137 184 205 234 83]
742 181 976 224 TIMAEUS.
1048 187 1052 192 ·
1513 184 1590 223 271

133 292 189 320 aut
199 287 392 324 transfertur,
404 287 567 319 calescunt
579 285 699 327 utique,
711 293 780 326 quae
791 289 863 316 ante
875 284 1041 326 frigebant,
1053 284 1140 316 arida
1153 285 1291 323 madent,
1306 291 1494 329 gravescunt
1502 287 1593 322 levia.

133 348 166 374 et
181 348 285 374 cetera
298 342 404 374 onmia
417 341 558 372 similiter
571 343 796 381 permutantur.
818 337 1017 369 solummodo
1031 349 1105 370 vero
1117 339 1202 370 idem
1216 341 1334 383 aliquid
1351 341 1474 372 sibimet
1488 350 1598 372 secun·

134 397 211 428 dum
225 396 309 429 idem
325 401 419 438 atque
433 395 576 426 similiter
590 399 623 424 et
637 392 744 424 debita
759 393 960 433 proportione
976 398 1097 424 servata
1113 395 1265 426 accedens
1280 396 1330 427 vel
1344 396 1513 433 decedens,
1529 405 1601 436 per·

135 451 240 482 mittet
254 462 287 482 se
302 452 386 482 idern
402 449 460 481 sibi
472 448 534 490 ipsi
547 457 653 487 sospes
667 446 887 487 integrumque
901 457 1038 478 manere.
1062 449 1145 486 quod
1162 454 1266 479 autem
1282 450 1413 484 aber-rat,
1429 450 1494 481 sive
1509 459 1600 481 acce-

135 506 243 537 dendo
257 515 313 537 seu
326 502 520 538 decedend0‚
535 500 725 531 mutationes
741 501 851 534 varias,
866 499 1002 536 morbos,
1020 499 1235 540 corruptiones
1250 501 1386 533 infinitas
1399 502 1531 534 inducit.
1562 513 1602 534 ex

136 560 284 591 secundis
298 567 422 600 quoque
442 554 722 597 compositionibus
744 554 918 584 secundum
932 559 1077 584 naturam
1092 554 1269 585 constitutis
1283 557 1422 587 secunda
1442 557 1535 588 bonae
1552 557 1603 587 vel

137 614 228 644 malae
242 611 430 643 valetudinis
443 609 624 651 conjectura
639 607 674 638 id
687 608 840 649 quaerenti
855 608 968 650 cuique
983 607 1117 639 dabitur.
1149 619 1220 639 cum
1235 609 1321 640 enim
1337 609 1473 641 medulla
1488 621 1525 641 ex
1542 610 1605 642 illis

135 673 168 699 et
181 677 217 698 os
233 671 266 698 et
279 676 351 697 caro
366 670 400 695 et
421 664 508 694 nervi
523 662 729 697 constiterint,
746 663 871 703 sanguis
893 667 1045 703 praeterea
1060 673 1097 692 ex
1120 662 1243 699 iisdem,
1259 664 1400 704 quamvis
1420 664 1481 695 alio
1498 665 1604 702 modo,

137 719 348 752 concreverit:
372 718 468 749 ceteri
483 716 611 758 quidem
627 722 758 746 evemus
779 716 915 756 plurimi,
937 715 1197 757 quemadmodum
1221 717 1392 758 superiora,
1408 718 1605 759 contingunt,

137 774 263 806 maximi
285 783 357 804 vero
372 772 471 803 morbi
493 776 588 812 atque
603 770 776 811 gravissimi
791 771 849 802 hoc
874 776 968 812 pacto
987 776 1176 802 nascuntur:
1194 771 1320 812 quando
1337 772 1483 803 videlicet
1497 773 1606 804 ordine

138 837 288 860 converso
302 828 364 858 ista
389 837 427 857 ex
455 836 489 857 se
510 824 648 856 invicem
672 825 761 861 fiunt,
777 825 883 866 procul
907 824 1002 855 dubio
1026 832 1274 866 corrumpuntur.
1296 836 1410 867 nempe
1434 827 1607 857 secundum

137 887 282 913 naturam
295 891 405 913 carnes
419 885 452 911 et
466 879 552 911 nervi
568 889 606 910 ex
619 879 769 921 sanguine
780 884 969 920 generantur
983 890 991 917 3
1007 879 1094 910 nervi
1110 879 1239 920 quidem
1252 890 1271 911 a
1285 880 1370 911 villis
1383 886 1415 911 et
1429 881 1607 922 ligamentis

136 942 264 977 propter
286 935 518 977 cognationem,
533 944 643 965 carnes
668 938 774 964 autem
795 943 814 964 a
829 933 1049 974 coagulatione
1073 933 1211 975 quadam
1224 934 1300 976 ejus,
1314 934 1400 976 quod
1423 940 1573 968 secretum
1589 945 1608 966 a

138 988 224 1020 villis
239 995 272 1020 et
293 988 470 1030 ligamentis
496 988 664 1020 concrevit.
687 988 772 1030 quod
797 998 900 1019 rursus
915 998 934 1019 a
948 988 1050 1019 nervis
1065 993 1098 1019 et
1112 988 1256 1019 carnibus
1273 994 1400 1020 emanat
1414 990 1608 1031 glutinosum

137 1048 172 1073 et
185 1043 315 1084 pingue,
327 1044 420 1074 simul
431 1042 560 1084 quidem
571 1052 697 1073 carnem
718 1048 753 1073 ut
766 1042 931 1084 plurimum
945 1043 984 1073 ad
1001 1043 1116 1074 ossium
1130 1048 1283 1080 naturam,
1297 1053 1334 1074 ac
1348 1044 1441 1074 etiarn
1457 1054 1492 1075 os
1505 1044 1609 1085 ipsum

138 1097 313 1128 medullam
338 1097 546 1134 circumdans,
561 1097 729 1128 nutriendo
757 1102 903 1138 exauget.
926 1097 1011 1138 quod
1035 1107 1135 1128 rursus
1153 1107 1206 1138 per
1232 1093 1347 1128 ossium
1373 1097 1609 1130 crassitudinem

139 1151 239 1182 stillat
254 1151 454 1192 purissimum
470 1162 567 1192 genus
581 1151 804 1193 triangulorum
832 1151 1093 1192 laevissimumque
1109 1155 1142 1182 et
1155 1151 1350 1192 pinguedine
1377 1152 1609 1183 abundantissi-

139 1214 239 1245 mum,
254 1204 329 1235 dum
344 1205 455 1236 defluit
469 1215 506 1235 ex
522 1205 639 1235 ossibus
654 1210 749 1246 atque
765 1204 931 1241 delabitur,
947 1204 1116 1236 medullam
1132 1205 1250 1246 irrigat.
1265 1210 1419 1247 quatenus
1437 1206 1532 1247 igitur
1545 1206 1609 1237 sin-

140 1259 214 1300 gula
236 1260 320 1290 hunc
334 1259 368 1289 in
383 1259 514 1290 modum
539 1259 628 1295 fiunt,
645 1259 729 1290 bona
743 1259 892 1290 valetudo
917 1264 1057 1290 servatur
1072 1272 1078 1289 :
1096 1260 1178 1290 mala
1193 1270 1264 1290 vero
1288 1260 1426 1301 sequitur
1450 1260 1610 1297 valetudo,

138 1312 268 1354 quando
289 1313 325 1344 fit
344 1318 464 1346 contra.
487 1323 562 1344 nam
582 1313 726 1354 quotiens
747 1313 886 1354 eliquata
908 1323 980 1344 caro
1001 1313 1105 1343 tabem
1119 1324 1220 1344 rursus
1241 1314 1425 1345 transmittit
1446 1314 1477 1345 in
1503 1324 1611 1354 venas,

137 1367 265 1408 sanguis
281 1377 343 1398 una
358 1378 431 1399 cum
443 1367 554 1409 spiritu
568 1367 685 1398 multus
698 1377 734 1398 ac
752 1367 852 1398 varius
863 1367 896 1397 in
908 1367 1007 1403 venis,
1018 1367 1171 1398 coloribus
1187 1367 1328 1406 diversis,
1340 1368 1611 1410 amaritudineque

138 1426 171 1452 et
186 1421 284 1452 acidis
305 1422 458 1462 salsisque
480 1421 614 1452 infectus
629 1421 804 1463 saporibus,
818 1421 925 1458 bilem,
948 1432 1099 1459 cruorem,
1114 1423 1259 1463 pituitam
1284 1423 1384 1464 gignit
1406 1433 1498 1465 quam
1515 1423 1612 1464 pluri-

140 1485 234 1508 mam.
258 1486 329 1517 quae
344 1475 471 1517 quidem
487 1475 593 1507 omnia
614 1486 717 1506 rursus
734 1476 777 1507 sic
793 1477 900 1517 genita
914 1482 946 1507 et
971 1482 1113 1517 corrupta
1139 1477 1326 1517 sanguinem
1341 1477 1444 1518 ipsum
1458 1478 1492 1507 in
1506 1477 1613 1518 primis

139 1529 296 1567 inficiunt,
311 1535 345 1561 et
362 1530 432 1572 ipsa
445 1530 568 1561 nullum
582 1530 805 1561 nutrimentum
821 1530 1007 1562 adhibentia
1021 1530 1154 1571 corpori,
1172 1530 1247 1572 [83]
1271 1530 1411 1561 feruntur
1424 1531 1542 1571 passim
1556 1540 1614 1573 per

139 1594 248 1620 venas,
262 1584 349 1615 nullo
373 1594 500 1626 prorsus
520 1584 671 1615 naturalis
693 1584 842 1615 circuitus
866 1583 976 1616 ordine
1005 1585 1179 1615 observato.
1200 1583 1328 1615 inimica
1349 1594 1423 1615 sane
1448 1584 1530 1616 inter
1544 1595 1613 1616 sese

140 1638 201 1669 ista
217 1644 300 1675 sunt,
315 1643 480 1679 propterea
495 1638 581 1680 quod
596 1639 718 1669 nullum
732 1639 781 1670 sui
795 1638 855 1669 sibi
868 1638 1006 1669 invicem
1032 1638 1174 1679 praebent
1188 1648 1291 1669 usum.
1313 1638 1448 1669 naturali
1464 1644 1614 1679 praeterea

141 1692 278 1734 corporis
293 1691 472 1722 habitudini
493 1702 612 1733 suoque
627 1692 660 1723 in
676 1697 759 1723 statu
773 1692 983 1733 perseveranti
1006 1691 1205 1723 dissolvendo
1221 1697 1254 1723 et
1268 1691 1502 1733 liquefaciendo
1517 1692 1612 1733 pluri-

143 1756 229 1777 mum
249 1745 463 1777 adversantur.
484 1746 585 1787 portio
601 1756 737 1787 namque
764 1746 864 1777 carnis
890 1746 1104 1777 vetustissima
1130 1756 1202 1776 cum
1226 1745 1381 1787 liquescit,
1399 1746 1440 1777 ad
1462 1746 1612 1787 digestio-

141 1810 216 1832 nem
230 1800 532 1841 concoctionemque
545 1799 751 1841 ineptissima,
768 1806 896 1841 propter
909 1807 1049 1831 veterem
1062 1800 1259 1831 exustionem
1275 1800 1432 1841 nigrescit.
1454 1801 1528 1841 quia
1544 1810 1615 1831 vero

141 1854 303 1886 contabuit
322 1853 511 1896 penitusque
535 1864 626 1885 exesa
654 1859 714 1890 est,
729 1854 968 1885 amaritudinem
993 1854 1161 1888 contrahit,
1178 1854 1290 1885 ceteris
1311 1854 1456 1885 omnibus
1476 1854 1614 1895 corporis

140 1908 281 1951 partibus
303 1909 443 1939 nondum
477 1908 700 1939 contaminatis
723 1908 896 1939 adversam.
921 1918 954 1939 et
976 1916 1041 1939 tum
1063 1908 1193 1949 quidem
1217 1918 1272 1949 pro
1298 1908 1506 1939 amaritudine
1525 1908 1614 1949 niger

143 1963 211 2004 ipse
233 1963 318 1993 color
343 1961 543 1993 acerbitatem
571 1967 604 1992 et
624 1962 822 1993 acrimoniam
847 1962 952 1999 habet,
974 1972 1012 1993 eo
1025 1962 1103 2003 jam,
1127 1963 1210 2003 quod
1231 1972 1367 1993 amarum
1389 1962 1499 1998 fuerat,
1516 1962 1614 2004 magis

144 2020 309 2047 attenuato
323 2027 330 2046 :
349 2022 414 2046 turn
430 2026 503 2046 vero
524 2016 697 2047 amaritudo
722 2026 824 2047 rursus
838 2017 989 2057 sanguine
1010 2017 1110 2047 tincta
1133 2017 1270 2048 colorem
1284 2017 1379 2047 habet
1392 2017 1540 2055 rubeum3
1556 2015 1613 2047 sed

143 2070 233 2112 nigro
248 2070 320 2101 111110
336 2069 474 2100 admixto
489 2070 628 2100 felleum.
656 2075 807 2111 praeterea
821 2070 919 2101 flavus
932 2072 1018 2102 color
1031 2081 1102 2102 cum
1117 2071 1324 2101 amaritudine
1340 2071 1414 2107 coit,
1430 2070 1556 2112 quando
1573 2070 1614 2101 ob

143 2124 228 2166 ignis
242 2124 399 2155 flammam
415 2134 497 2155 nova
509 2134 580 2155 caro
600 2125 755 2166 liquescit.
780 2131 812 2156 et
825 2135 940 2157 nomen
965 2125 1095 2167 quidem
1117 2125 1261 2156 omnibus
1274 2125 1324 2155 his
1338 2135 1501 2156 commune
1517 2125 1613 2156 bilem

143 2177 293 2220 imposuit
307 2179 357 2210 vel
374 2179 513 2210 medicus
533 2178 649 2221 aliquis
665 2180 715 2210 vel
735 2185 819 2211 certe
835 2189 872 2211 eo
894 2180 1021 2222 ingenio
1038 2179 1187 2222 praeditus
1202 2180 1367 2221 quispiam,
1384 2189 1446 2220 quo
1467 2179 1566 2210 multa
1581 2184 1614 2211 et

143 2231 307 2264 dissimilia
321 2233 474 2275 dispicere
490 2239 606 2275 posset,
622 2244 658 2265 ac
671 2245 773 2265 rursus
786 2245 884 2276 genus
898 2235 931 2265 in
945 2234 1053 2265 multis
1068 2245 1163 2264 unum
1181 2244 1243 2264 uno
1259 2239 1467 2275 cognomento
1481 2233 1613 2275 dignum

143 2285 311 2328 inspicere.
335 2297 405 2328 quae
421 2298 492 2318 vero
504 2287 575 2318 bilis
591 2288 711 2329 species
725 2288 933 2329 appellantur,
948 2298 1005 2329 pro
1019 2289 1161 2319 colorum
1172 2288 1322 2319 varietate
1337 2287 1491 2318 rationem
1506 2287 1613 2329 singu-

143 2339 180 2370 lis
196 2341 352 2381 propriam
367 2348 564 2383 acceperunt.
588 2353 683 2373 cruor
707 2348 871 2384 praeterea,
897 2342 954 2383 qui
975 2342 1138 2384 sanguinis
1162 2341 1320 2373 residuum
1341 2347 1374 2373 et
1388 2342 1530 2373 defluxus
1552 2347 1612 2379 est,

146 2393 228 2424 lenis
243 2399 291 2424 est
305 2404 341 2425 30
355 2395 439 2425 mitis
453 2407 460 2425 :
479 2397 533 2436 qui
549 2407 622 2427 vero
636 2397 708 2427 bilis
722 2403 795 2428 atrae
811 2397 964 2438 acrisque,
980 2397 1121 2438 agrestis,
1137 2397 1264 2438 quando
1278 2402 1406 2438 propter
1417 2395 1612 2428 caliditatem

147 2447 227 2478 salso
253 2448 357 2489 sapori
386 2449 544 2480 miscetur.
566 2450 745 2491 hujusmodi
766 2451 918 2492 quiddam
946 2451 1038 2482 acida
1067 2451 1183 2492 pituita
1203 2455 1411 2491 nuncupatur.
1433 2459 1517 2490 saepe
1537 2459 1613 2481 vero

145 2502 308 2534 tenerioris
316 2503 512 2543 recentisque
528 2504 628 2534 carnis
640 2505 741 2546 portio
753 2506 897 2546 quaedam
910 2516 974 2536 una
986 2515 1056 2536 curn
1069 2505 1141 2536 aete
1154 2504 1368 2545 colliquescit:
1386 2503 1502 2534 deinde
1516 2508 1611 2534 vento

146 2555 274 2586 inflatur
284 2555 414 2592 incluso,
426 2556 612 2588 humiditate
631 2558 771 2598 protinus
781 2558 983 2590 circumfusa:
997 2559 1138 2600 fiuntque
1148 2568 1188 2589 ex
1201 2558 1260 2588 hoc
1276 2556 1433 2599 ampullae,
1443 2567 1512 2598 quae
1522 2557 1612 2599 sigil-

147 2610 238 2640 latim
252 2615 379 2652 propter
403 2611 586 2652 parvitatem
607 2611 707 2642 videri
726 2623 790 2643 non
807 2618 948 2655 possunt,
957 2612 1078 2654 junctae
1100 2622 1171 2643 vero
1196 2611 1287 2643 simul
1311 2611 1390 2642 etin
1414 2610 1612 2652 grandiorem

145 2664 324 2695 tumefactae
339 2665 456 2696 molem
482 2665 726 2707 conspiciuntur,
743 2666 942 2709 coloremque
966 2673 1092 2715 propter
1106 2677 1225 2708 spumae
1245 2665 1478 2707 generationem
1493 2665 1613 2697 habent

146 2717 263 2749 album.
284 2729 410 2750 omnem
425 2720 506 2750 hanc
520 2719 684 2751 tenerioris
706 2720 804 2752 carnis
817 2721 1041 2763 eliquationem
1066 2731 1128 2751 una
1142 2731 1213 2752 cum
1227 2719 1338 2761 spiritu
1347 2719 1473 2756 factam,
1489 2730 1559 2761 quae
1572 2730 1611 2750 ex

148 2771 332 2804 humiditate
354 2778 449 2804 vento
474 2774 662 2805 circumfusa
686 2775 841 2813 tumescit,
857 2775 960 2806 albam
982 2775 1128 2817 pituitam
1149 2774 1361 2817 appellamus:
1377 2773 1514 2805 recentis
1533 2774 1610 2804 item

149 2822 271 2864 pituitas
289 2827 448 2859 residuum
467 2827 690 2870 defluxumque
706 2829 846 2861 lacrimas
861 2835 955 2872 atque
971 2831 1126 2871 sudorem,
1141 2834 1174 2860 et
1189 2834 1388 2871 quotcunque
1403 2829 1476 2863 alia,
1491 2828 1522 2858 in
1538 2837 1610 2868 quae

150 2878 290 2919 quotidie
304 2891 416 2924 corpus
430 2883 604 2916 resolvitur.
628 2889 722 2926 atque
737 2884 804 2916 haec
820 2886 924 2916 omnia
934 2885 1138 2917 instrumenta
1151 2884 1340 2924 morborum,
1351 2880 1475 2924 quando
1490 2881 1612 2912 scilicet

151 2933 277 2974 sanguis
287 2944 351 2968 non
360 2936 438 2970 cibis
451 2942 482 2968 et
495 2938 622 2980 potibus
633 2937 804 2972 secundum
815 2944 968 2977 naturam,
982 2939 1037 2972 sed
1049 2950 1087 2972 ex
1099 2937 1258 2972 contrariis
1269 2942 1379 2979 praeter
1393 2940 1510 2967 naturae
1523 2935 1611 2974 leges
