1840 3225
208 189 286 227 368
803 186 1069 226 PLATONrs
1571 193 1669 244 [796

208 297 280 323 est:
305 291 360 322 sed
388 291 577 333 permultum
603 291 744 327 interest,
757 292 883 332 quando
909 293 940 323 in
956 303 1064 334 pugna
1093 293 1184 329 ferro,
1201 302 1287 330 arcu,
1302 293 1391 323 hasta
1422 293 1596 336 ceterisque
1611 293 1670 324 hu-

203 346 343 388 jusmodi
359 346 404 376 uti
419 355 547 376 necesse
577 351 645 376 est:
669 346 839 387 plurimum
869 352 983 383 autem,
1000 346 1126 388 quando
1153 346 1247 377 armis
1277 357 1361 378 arma
1374 346 1544 388 pelluntur.
1566 347 1675 379 differt

208 406 310 430 autem
326 401 469 436 multum,
485 400 539 441 qui
555 399 677 436 didicit,
690 400 729 430 ab
753 410 792 431 eo
815 400 869 441 qui
896 411 959 432 non
986 401 1099 432 didicit
1116 412 1122 430 :
1149 407 1181 431 et
1193 401 1377 432 exercitatus
1393 400 1431 432 ab
1444 411 1493 437 eo,
1509 401 1564 443 qui
1578 401 1671 432 mini-

207 465 257 485 me
273 454 460 485 exercitatus
476 460 534 484 est.
555 464 626 484 nam
642 455 903 495 quemadmodum
930 455 983 495 qni
1010 461 1063 485 aut
1089 455 1121 484 in
1149 454 1248 495 pugili
1261 455 1433 485 certamine
1447 461 1502 486 aut
1516 456 1601 486 lucta
1613 460 1671 486 aut

209 515 340 550 utroque
369 508 461 538 simul
486 507 625 549 perfecte
655 518 688 538 se
715 508 865 544 exercuit,
895 509 976 549 potis
1004 514 1051 539 est
1078 508 1226 549 congredi
1255 518 1273 539 a
1302 509 1445 545 sinistris,
1458 518 1491 540 et
1505 514 1620 550 praesto
1635 519 1670 540 se

207 563 434 599 accommodat,
452 561 578 604 quando
592 562 633 592 ad
652 569 771 603 partem
797 563 925 593 alteram
953 564 1116 594 transferre
1142 573 1175 593 se
1203 563 1344 604 cogitur:
1371 562 1406 593 id
1420 563 1524 605 ipsum
1540 562 1673 594 arbitror

206 613 239 647 in
255 617 347 647 armis
363 627 399 648 ac
426 617 539 647 ceteris
561 616 652 647 rebus
681 616 883 647 rectissimum
913 626 993 648 esse.
1017 628 1111 659 quare
1136 623 1270 658 oportet,
1286 618 1311 647 si
1339 616 1402 648 duo
1427 616 1572 658 quaedam
1598 616 1669 658 quis

206 672 356 713 possidet,
371 672 482 713 quibus
507 681 539 702 se
570 670 721 701 defendat
747 676 780 701 et
807 671 885 702 alios
912 671 1023 706 credat,
1041 677 1075 701 ut
1103 671 1182 701 nihil
1207 672 1316 701 horum
1331 681 1388 712 pro
1402 670 1519 701 viribus
1535 670 1670 702 otiosum

205 727 507 767 inexercitatumque
541 725 709 766 relinquat.
731 730 764 756 et
790 725 816 755 si
845 724 915 766 quis
942 725 1096 767 Geryonis
1126 730 1179 755 aut
1207 725 1328 756 Briarei
1357 730 1500 756 naturam
1530 724 1668 755 habeat:

207 791 279 812 cum
309 781 503 812 centimanus
532 780 584 817 sit,
615 787 742 810 centum
772 784 896 820 oportet
925 779 963 809 ab
989 790 1026 809 eo
1048 779 1155 821 jacula
1184 779 1264 809 mitti
1281 789 1384 820 posse.
1407 780 1515 810 horum
1530 779 1669 810 onmium

207 845 311 866 curam
342 835 480 865 habeant
506 833 674 874 principes,
699 839 764 864 tam
796 833 939 863 mulieres
965 843 1059 874 quam
1085 833 1167 863 viri:
1192 840 1226 864 et
1253 833 1399 864 mulieres
1428 834 1555 874 quidem
1580 832 1671 864 ludos

207 889 418 930 alimentaque
442 887 651 923 considerent,
665 887 724 917 viri
748 892 852 917 autem
881 887 1087 928 disciplinas:
1112 894 1147 917 ut
1170 897 1288 923 omnes,
1304 886 1440 928 pedibus
1463 887 1670 928 manibusque

207 944 360 984 utrimque
377 952 464 982 aeque
479 946 627 982 potentes
653 940 739 976 facti,
754 950 812 981 per
837 940 1094 971 consuetudinem
1122 946 1239 971 naturae
1255 951 1317 972 non
1335 946 1482 972 noceant.
1504 941 1672 983 disciplina

207 1006 279 1027 vero
294 995 414 1037 duplici
428 995 475 1025 uti
490 994 659 1025 convenit:
678 999 711 1024 et
726 994 863 1035 corporis
878 994 1008 1035 quidem
1024 1006 1064 1036 gy
1071 994 1264 1031 mnasticam,
1280 995 1377 1026 animi
1389 995 1541 1026 musicam
1555 995 1672 1026 vocari.

205 1050 262 1081 sed
277 1049 469 1092 gymnastica
483 1059 585 1079 rursus
611 1053 659 1078 est
685 1047 800 1089 duplex
819 1059 826 1077 :
853 1047 978 1079 saltatio
992 1056 1023 1079 et
1037 1049 1175 1079 luctatio.
1203 1050 1326 1080 saltatio
1339 1059 1463 1091 quoque
1480 1049 1542 1080 alia
1564 1049 1668 1080 Musae

206 1105 301 1136 verba
326 1104 477 1139 imitatur,
506 1103 768 1144 magnificentiam
797 1102 898 1144 ipsius
928 1102 1165 1145 libertatemque
1193 1104 1384 1135 observans:
1410 1104 1482 1139 alia,
1505 1104 1597 1135 bonae
1613 1103 1670 1134 ha·

204 1159 368 1194 bitudinis,
395 1157 530 1188 levitatis
560 1163 592 1187 et
620 1157 738 1192 formae,
769 1162 834 1187 tum
862 1157 1001 1197 corporis
1031 1157 1130 1198 ipsius
1155 1163 1220 1187 tum
1251 1158 1382 1199 partium
1399 1157 1671 1199 membrorumque

206 1213 273 1255 ejus
289 1212 396 1254 gratia,
412 1217 486 1253 apte
513 1211 612 1242 flectit
641 1210 805 1252 tenditque
829 1211 960 1252 singula,
989 1212 1034 1242 ita
1059 1217 1095 1242 ut
1123 1212 1316 1243 sufficienter
1341 1218 1445 1243 motus
1471 1212 1672 1244 harmonicus

206 1266 411 1303 diffundatur,
426 1274 692 1307 consequaturque
720 1265 896 1296 universum
922 1265 1096 1295 saltationis
1120 1266 1273 1296 ordinem.
1298 1265 1394 1308 [796]
1419 1265 1600 1296 luctationis
1613 1275 1671 1296 au·

206 1327 270 1352 tem
286 1331 401 1363 genera
415 1321 481 1357 illa,
499 1331 568 1361 quae
598 1320 723 1350 Anteus
739 1325 771 1350 et
793 1319 914 1362 Cercyo
941 1320 973 1350 in
1000 1320 1162 1351 artificium
1192 1320 1314 1350 inutilis
1343 1319 1553 1351 contentionis
1572 1320 1673 1360 gratia

206 1376 412 1410 deduxerunt,
429 1375 479 1405 vel
507 1374 607 1415 Epius
619 1375 671 1404 vel
697 1373 834 1416 Amycus
862 1374 894 1404 in
911 1374 1010 1415 pugili
1025 1375 1268 1410 concertatione,
1284 1385 1357 1405 cum
1373 1375 1452 1404 nihil
1467 1373 1508 1405 ad
1522 1373 1669 1416 proelium

207 1430 380 1465 conferant,
395 1429 492 1470 digna
516 1429 675 1460 mentione
699 1438 762 1459 non
791 1434 874 1459 sunt.
897 1439 966 1469 qua:
982 1438 1054 1459 vero
1070 1428 1102 1458 in
1129 1434 1215 1459 recta
1241 1428 1412 1460 luctatione
1429 1427 1551 1464 acollo‚
1568 1427 1672 1458 mani-

206 1484 266 1515 bus
290 1484 484 1524 laterumque
510 1489 608 1520 motu,
624 1493 696 1513 cum
721 1483 861 1513 victoriae
889 1483 992 1513 studio
1020 1483 1213 1523 honestoque
1245 1482 1351 1513 habitu
1369 1482 1567 1518 adhibentur,
1582 1487 1615 1512 et
1629 1482 1670 1512 ad

206 1539 371 1569 sanitatem
387 1538 530 1579 viresque
559 1537 750 1573 conducunt,
766 1537 894 1568 eumad
921 1536 1027 1568 onmia
1051 1537 1139 1567 utilia
1165 1537 1238 1573 sint,
1251 1537 1470 1578 praetereunda
1498 1546 1563 1566 non
1579 1540 1673 1566 sunt:

208 1592 264 1624 sed
279 1582 473 1623 discentibus
499 1591 748 1632 docentibusque
765 1591 856 1622 simul
880 1592 1137 1633 proecipiendum,
1153 1597 1197 1626 ut,
1213 1590 1338 1631 quando
1352 1589 1392 1620 ad
1408 1590 1467 1621 hoc
1481 1590 1514 1621 in
1533 1589 1674 1621 conden-

207 1646 255 1677 dis
283 1647 404 1687 legibus
430 1646 618 1682 venerimus,
634 1646 721 1676 alteri
750 1646 896 1677 benivole
926 1646 986 1677 ista
1013 1645 1192 1686 largiantur,
1215 1645 1303 1675 alteri
1331 1644 1463 1686 gratiose
1490 1644 1675 1686 suscipiant.

206 1711 265 1732 nec
281 1711 352 1732 vero
381 1711 489 1731 omnes
519 1700 708 1731 imitationes
739 1700 954 1742 capessendae,
970 1710 1039 1741 quae
1069 1699 1101 1730 in
1130 1699 1252 1730 choreis
1280 1704 1375 1729 sunt:
1400 1698 1456 1729 sed
1478 1698 1528 1730 hic
1544 1698 1673 1740 quidem

207 1759 392 1785 armatorum
421 1755 607 1785 Curetarum
632 1755 724 1792 ludi3
750 1754 784 1785 in
811 1752 1038 1785 Lacedaemone
1066 1752 1206 1784 Castoris
1219 1758 1313 1794 atque
1338 1751 1490 1783 Pollucis.
1513 1751 1599 1793 apud
1613 1762 1673 1783 nos

206 1818 331 1849 quoque
356 1819 420 1840 non
445 1814 494 1839 est
519 1808 753 1850 negligendum,
768 1808 852 1850 quod
880 1807 1039 1845 Minerva,
1054 1807 1136 1838 ludis
1163 1808 1284 1837 choreae
1310 1806 1478 1842 delectata,
1493 1815 1556 1836 non
1578 1805 1674 1837 nudis

207 1862 350 1893 manibus
367 1862 540 1893 ludendum
555 1863 689 1899 censuit,
705 1862 761 1894 sed
789 1862 881 1893 armis
908 1868 974 1893 tota
1001 1867 1111 1893 ornata
1139 1861 1275 1892 saltandi
1304 1860 1406 1892 officio
1433 1866 1482 1891 est
1495 1860 1674 1902 perfuncta.

207 1927 277 1958 quae
294 1916 420 1958 quidem
451 1918 696 1949 adolescentulis
722 1922 796 1948 sunt
822 1916 957 1947 man'bus
986 1921 1019 1946 et
1041 1915 1167 1946 seminis
1187 1914 1352 1950 imitanda,
1382 1914 1462 1945 Deae
1489 1923 1604 1945 munus
1630 1913 1672 1945 ad

208 1981 298 2001 usum
327 1970 403 2001 belli
428 1971 724 2012 solemnitatumque
752 1977 967 2001 ornamentum
994 1970 1227 2001 honorantibus.
1250 1980 1361 2011 pueros
1390 1979 1477 2005 vero,
1500 1973 1671 2009 antequam

208 2025 334 2065 prodire
363 2025 396 2055 in
424 2025 542 2056 bellum
571 2025 703 2066 possint,
728 2025 819 2055 armis
844 2025 994 2066 equisque
1024 2029 1146 2065 oportet
1175 2024 1206 2054 in
1240 2023 1378 2054 Deorum
1393 2022 1532 2054 omnium
1547 2022 1674 2064 pompis

207 2083 342 2114 ornatos,
359 2078 452 2109 modo
478 2079 652 2109 velociores
676 2079 767 2109 modo
794 2078 943 2109 tardiores
967 2078 999 2108 in
1027 2079 1141 2109 chorea
1178 2083 1210 2108 et
1238 2077 1350 2108 itinere
1387 2078 1426 2107 ad
1462 2077 1551 2107 Deos
1580 2077 1673 2108 Deo-

208 2142 338 2172 rumque
365 2132 446 2163 filios
473 2132 722 2173 supplicationes
748 2131 889 2162 fundere.
911 2130 977 2161 ludi
1003 2141 1094 2172 porro
1123 2137 1217 2171 atque
1248 2129 1411 2171 praeludia,
1441 2132 1468 2161 si
1496 2140 1596 2160 rerum
1612 2129 1672 2160 ali-

208 2196 340 2228 quarum
368 2186 479 2227 gratia,
512 2185 667 2216 nullarum
691 2191 788 2221 certe,
818 2185 879 2215 nisi
906 2186 1024 2221 harum,
1042 2190 1114 2215 sunt
1137 2184 1327 2215 adhibenda.
1350 2184 1417 2214 haec
1444 2183 1576 2214 enimin
1592 2193 1673 2225 pace

208 2246 242 2271 et
257 2241 341 2271 bello
357 2245 418 2271 tam
444 2239 591 2281 privatim
616 2250 707 2281 quam
733 2239 858 2281 publice
883 2239 974 2269 utilia
998 2244 1081 2269 sunt.
1126 2239 1246 2270 Ceterae
1275 2248 1350 2268 vero
1364 2237 1503 2279 corporis
1517 2238 1672 2269 exercita·

208 2296 321 2331 tiones,
345 2305 401 2325 seu
426 2294 502 2324 ludo
531 2294 597 2324 sive
623 2294 702 2324 serio
731 2294 818 2330 tiam,
835 2304 853 2324 ο
882 2293 990 2324 Clinia
1017 2298 1111 2333 atque
1143 2291 1290 2333 Megille,
1318 2301 1382 2322 non
1412 2297 1485 2321 sunt
1512 2291 1674 2322 liberales.

207 2349 285 2380 Eam
298 2349 364 2392 jam
379 2348 613 2391 gymnasticam,
630 2358 725 2389 quam
751 2346 945 2378 tractandam
972 2347 1004 2378 iu
1022 2347 1128 2388 primis
1143 2346 1333 2376 sermonibus
1348 2345 1422 2380 dixi,
1439 2345 1536 2376 ferme
1551 2346 1674 2387 peregi,

209 2411 301 2445 atque
325 2404 393 2434 haec
422 2409 487 2434 tota
511 2408 543 2434 et
565 2402 704 2444 perfecta
721 2410 779 2434 est.
804 2412 857 2432 vos
883 2410 998 2438 autem,
1015 2401 1041 2431 si
1071 2401 1228 2431 meliorem
1255 2400 1388 2436 habetis,
1404 2400 1436 2430 in
1451 2399 1590 2431 medium
1601 2409 1674 2441 pro-

208 2458 323 2488 feratis.
370 2457 446 2489 Cu.
470 2457 546 2487 Non
573 2464 622 2488 est
647 2457 750 2493 facile,
774 2457 899 2496 hospes,
916 2456 962 2486 liis
989 2455 1144 2497 neglectis
1169 2464 1292 2485 narrare
1319 2454 1382 2485 alia
1409 2453 1450 2485 de
1480 2453 1675 2496 gymnastico

209 2517 242 2542 et
271 2511 440 2542 certamine
459 2511 595 2542 meliora.
642 2511 778 2542 Aruns.
800 2510 972 2551 Reliquum
998 2516 1054 2546 est,
1072 2518 1105 2540 ut
1118 2510 1157 2540 dc
1181 2510 1347 2540 Musarum
1368 2508 1590 2549 Apollinisque
1604 2518 1673 2538 mu-

210 2566 334 2596 neribus
348 2566 536 2597 disseramus
554 2577 559 2595 :
586 2565 625 2596 de
643 2565 755 2608 quibus
771 2565 814 2596 ita
838 2566 911 2596 satis
938 2565 1058 2596 (lictum
1074 2575 1140 2595 csse
1155 2563 1354 2605 putabamus,
1371 2568 1406 2593 ut
1421 2561 1460 2594 de
1477 2561 1674 2604 gymnastico

210 2620 308 2650 solum
323 2625 437 2650 restare
466 2620 645 2651 videretur:
670 2631 754 2651 nunc
779 2627 884 2650 autem
912 2625 998 2660 patet
1024 2619 1177 2650 nonnulla
1207 2628 1276 2649 esse
1300 2617 1422 2657 relicta,
1437 2626 1508 2657 quae
1537 2614 1673 2646 dicenda

210 2674 243 2704 in
274 2675 380 2716 primis
407 2680 488 2704 sunt.
511 2685 604 2716 quare
633 2674 785 2716 deinceps
815 2674 870 2705 illa
900 2674 1050 2704 dicemus.
1104 2675 1179 2705 CL1.
1215 2672 1371 2703 Dicuntur
1398 2670 1536 2700 omnino.
1571 2667 1669 2712 [797]

211 2727 350 2758 Arum«.
375 2727 520 2758 Audiutis
535 2728 626 2770 igitur
642 2740 648 2758 :
674 2729 808 2760 audistis
823 2729 905 2759 enim
922 2735 954 2758 et
973 2728 1006 2759 in
1025 2728 1235 2769 superioribus
1249 2737 1257 2756 ι
1283 2724 1424 2767 quamvis
1439 2730 1472 2755 et
1486 2723 1520 2754 in
1535 2723 1672 2755 dicendo

211 2788 243 2812 et
258 2781 426 2818 audiendo,
443 2783 524 2822 quod
541 2782 632 2813 valde
650 2783 757 2814 mirum
774 2790 820 2813 est
835 2789 868 2814 et
888 2783 1036 2819 insoleus,
1060 2792 1170 2814 cavere
1192 2782 1295 2812 decet.
1317 2777 1462 2820 equidem
1487 2778 1521 2808 in
1534 2769 1674 2819 praesen·

212 2836 257 2865 tin
271 2835 413 2866 nonnihil
440 2835 577 2866 dicturus
602 2847 681 2872 sum,
697 2836 782 2878 quod
810 2835 914 2868 dicere
942 2837 1050 2867 merito
1077 2835 1176 2866 vereri
1190 2834 1260 2876 quis
1275 2832 1409 2864 debeat:
1435 2830 1538 2862 dicam
1552 2836 1670 2862 tamen.

212 2890 289 2920 CU-
314 2889 399 2927 Quid
421 2889 499 2921 illud
528 2896 584 2927 cst,
601 2891 739 2933 hospes?
787 2891 924 2924 Arnsx.
947 2891 1112 2934 Nusquam
1139 2889 1286 2933 cognosci
1313 2897 1441 2921 assero:
1466 2897 1560 2929 quam
1574 2885 1671 2918 maxi·
