1840 3225
182 225 281 279 969]
654 226 727 264 DE
757 222 987 263 LEGIssUs
1030 225 1129 265 ΜΒ.
1161 228 1210 266 Χ,
1554 228 1629 267 421

173 331 251 362 Cu.
273 330 482 372 Nequaquam
506 329 555 361 hic
576 339 677 362 sermo
692 330 839 361 ferendus
855 335 925 361 est:
950 337 983 360 et
996 331 1050 372 qui
1065 331 1124 361 bac
1147 330 1298 372 opinione
1325 329 1455 367 laborat,
1469 331 1632 373 impiorum

172 386 310 416 omnium
321 387 390 429 jure
405 386 558 427 pessimus
573 390 604 416 et
620 385 853 426 profanissimus
865 384 1067 426 judicabitur.
1114 385 1251 416 Aram.
1275 386 1348 416 Tria
1369 386 1465 427 igitur
1479 386 1544 421 illa,
1560 397 1631 427 quae

175 441 407 481 proposuimus,
432 440 520 470 Deos
541 439 691 470 videlicet
713 449 792 473 esse,
817 438 1019 479 omniumque
1042 449 1150 469 curam
1173 439 1297 475 habere,
1320 450 1381 471 nec
1397 447 1506 481 praeter
1514 441 1633 483 justum

173 495 320 535 precibus
334 494 408 525 ullis
421 495 508 524 flecti
520 503 624 535 posse,
641 493 830 524 sufficienter
844 492 1022 522 ostendisse
1039 493 1191 523 videmur.
1235 492 1312 524 Cnr.
1334 494 1428 525 Certe
1443 505 1450 523 τ
1476 500 1507 525 et
1519 495 1566 525 his
1576 505 1634 525 nos

172 549 345 579 rationibus
368 547 564 579 assentimus.
610 547 746 578 Arnus.
770 547 998 578 Vehementius
1019 546 1251 587 quodammodo
1273 553 1400 588 propter
1422 548 1633 589 improborum

174 603 332 633 hominurn
347 602 573 634 controversias
589 601 734 632 diximus.
759 600 814 631 sed
829 602 886 631 hac
899 600 938 631 de
954 611 1059 637 causa,
1084 611 1102 630 ο
1125 601 1225 632 amice
1243 601 1357 636 Clinia,
1374 603 1569 633 contentiosa
1585 603 1632 633 usi

177 667 282 687 sumus
297 657 448 692 oratione,
463 666 503 686 ne
518 656 617 697 pravi,
634 656 769 686 dicendo
785 666 816 685 se
832 654 941 685 vicisse
958 661 1118 695 putanteS,
1135 655 1292 685 licentiam
1310 656 1370 685 sibi
1385 656 1490 686 datam
1503 656 1636 687 credant

177 711 324 746 faciendi,
347 720 544 752 quaecunque
566 709 676 745 velint,
700 714 733 739 et
755 709 984 750 qualiacunque
1007 709 1157 739 adversus
1179 709 1269 740 Deos
1284 710 1464 740 existiment
1478 710 1635 742 facienda.

174 766 245 800 liae,
261 764 399 806 inquam,
413 764 453 794 de
469 774 561 795 causa
577 775 656 795 nova
673 764 804 805 quadam
821 769 853 793 et
868 763 1089 794 vehementiori
1111 764 1240 794 dicendi
1260 764 1380 795 ratione
1402 765 1449 794 uti
1471 764 1637 795 voluimus.

176 818 262 860 quod
275 819 300 849 si
313 818 391 860 quid
407 819 446 849 ad
462 818 698 860 persuasionem
710 817 882 854 attulimus,
899 824 935 848 ut
952 817 1022 858 jam
1035 817 1135 848 velint
1148 829 1250 849 mores
1266 829 1338 849 suos
1352 818 1455 849 odisse
1470 824 1504 849 et
1517 824 1640 850 contra-

173 873 235 904 rios
262 872 443 914 complecti,
471 873 565 914 probe
595 873 684 904 nobis
711 873 874 903 exordium
904 873 1009 913 legum
1034 872 1074 902 de
1103 873 1267 913 impietate
1297 872 1416 903 dictum
1441 877 1501 904 est.
1554 873 1634 904 Cm.

176 928 344 969 Speremus
372 928 416 958 ita
437 928 514 958 fore.
535 927 584 958 sin
606 927 718 963 minus,
744 932 776 957 at
799 937 897 967 genus
920 927 1070 957 orationis
1092 927 1288 969 legumlatori
1311 927 1455 958 dedecori
1479 938 1541 958 non
1565 927 1639 958 erit.

176 981 317 1012 Arnnx.
342 982 420 1013 Post
431 981 594 1013 exordium
612 992 724 1017 sermo,
741 982 845 1023 legum
862 981 1025 1022 interpres,
1038 988 1123 1012 recte
1135 982 1275 1023 sequitur
1288 993 1295 1011 :
1312 982 1366 1023 qui
1376 982 1482 1023 impiis
1492 982 1636 1012 omnibus

172 1036 338 1077 praealicet,
351 1043 387 1067 ut
402 1047 421 1067 a
436 1037 498 1067 suis
510 1036 647 1067 moribus
663 1036 704 1067 ad
719 1036 872 1077 pietatem
887 1046 957 1066 sese
971 1042 1165 1067 convertant.
1189 1036 1338 1067 adversus
1362 1046 1416 1067 eos
1437 1043 1553 1072 autem,
1577 1036 1633 1077 qui

176 1100 238 1121 non
268 1090 437 1131 paruerint,
468 1091 518 1121 lex
548 1090 608 1121 ista
638 1091 678 1121 de
704 1091 869 1131 impietate
895 1097 1042 1132 ponatur.
1064 1091 1089 1121 si
1115 1091 1186 1132 quis
1208 1091 1303 1132 impie
1329 1091 1494 1132 quicquam
1511 1091 1575 1132 agit
1589 1091 1639 1121 vel

175 1144 328 1186 loquitur,
339 1146 392 1186 qui
403 1145 482 1176 forte
494 1155 630 1186 praesens
642 1145 746 1181 fuerit,
761 1145 850 1176 Deos
862 1144 1013 1176 defendat
1027 1144 1318 1186 magistratibusque
1330 1145 1496 1186 significet.
1509 1156 1643 1186 quorum

177 1199 230 1239 qui
253 1199 346 1239 primi
369 1199 535 1235 audierint,
559 1201 598 1230 ad
622 1200 731 1230 harum
754 1210 854 1230 rerum
875 1199 1033 1241 judicium
1048 1199 1223 1230 secundum
1238 1200 1325 1241 leges
1340 1199 1492 1230 deferant.
1515 1199 1600 1241 quod
1615 1200 1642 1231 si

177 1253 248 1293 quis
263 1254 461 1294 magistratus
477 1254 614 1285 audierit
627 1264 731 1296 neque
748 1254 906 1291 detulerit,
918 1255 988 1295 ipse
1003 1253 1175 1295 impietatis
1189 1264 1262 1284 reus
1277 1254 1341 1290 fiat,
1358 1259 1400 1290 et,
1416 1254 1469 1296 qui
1483 1255 1574 1290 velit,
1584 1265 1640 1296 pro

176 1307 297 1338 ultione
314 1307 418 1349 legum
433 1313 649 1349 prosequatur.
673 1314 705 1340 et
719 1309 745 1339 si
761 1309 831 1350 quis
844 1308 1068 1339 condemnatus
1082 1308 1186 1344 fuerit,
1206 1307 1331 1350 judices
1345 1309 1427 1339 hunc
1441 1319 1498 1350 pro
1513 1309 1641 1349 singulis

177 1361 275 1402 impie
298 1361 471 1393 commissis
492 1363 625 1404 singulis
646 1363 821 1404 quibusque
845 1363 983 1394 afficiant
1006 1363 1177 1404 suppliciis.
1202 1362 1298 1405 [908]
1323 1363 1497 1394 carceribus
1511 1363 1640 1405 quidem

180 1425 291 1446 omnes
320 1422 533 1448 coerceantur.
556 1425 617 1448 tres
640 1429 712 1448 vero
728 1424 800 1448 sunt
814 1418 848 1448 in
864 1418 992 1448 civitate
1007 1427 1150 1448 efficeres
1166 1429 1172 1447 :
1196 1428 1289 1453 unus,
1306 1418 1445 1458 plurimis
1457 1418 1643 1454 communis,

176 1468 210 1499 in
225 1469 291 1500 soro
305 1480 410 1500 rerum
426 1470 592 1506 venalium,
615 1471 668 1502 ubi
687 1471 787 1507 multi,
803 1482 843 1503 ne
859 1471 991 1513 fugiant,
1005 1471 1233 1508 custodiuntur,
1250 1472 1339 1509 alter,
1355 1472 1408 1502 ubi
1421 1479 1519 1503 coetus
1535 1483 1640 1503 eorum

179 1523 227 1563 fit,
240 1524 292 1565 qui
301 1530 394 1555 nocte
402 1530 641 1566 congregantur,
652 1526 852 1556 correctionis
863 1526 988 1556 nomine
1001 1526 1196 1567 appellatus:
1209 1526 1330 1563 tertius,
1343 1526 1377 1556 in
1390 1527 1495 1557 media
1506 1527 1645 1568 regione,

179 1578 234 1608 ubi
256 1588 350 1619 quam
374 1579 504 1610 maxime
527 1579 670 1610 desertus
694 1579 909 1620 silvestrisque
933 1580 1022 1610 locus
1036 1586 1096 1621 est,
1121 1580 1265 1621 supplicii
1279 1580 1405 1610 nomine
1421 1586 1560 1613 notatus,
1583 1586 1648 1612 tres

181 1642 307 1674 quoque
322 1632 507 1674 impietatis,
521 1638 557 1663 ut
572 1643 667 1674 supra
680 1633 884 1669 narravimus,
901 1643 1003 1663 causae
1019 1639 1101 1664 sunt.
1124 1644 1256 1674 cumque
1273 1645 1310 1664 ex
1322 1634 1456 1675 sing-ulis
1470 1635 1647 1677 hujusmodi

184 1687 289 1717 causis
314 1686 376 1717 duo
401 1687 544 1728 quaedam
569 1687 818 1728 proficiscantur,
847 1698 900 1718 sex
914 1695 1006 1717 erunt
1031 1688 1181 1718 adversus
1204 1688 1292 1719 Deos
1307 1699 1422 1730 genera
1435 1697 1648 1731 peccatorum,

182 1752 264 1782 quae,
281 1746 316 1771 ut
331 1741 556 1782 dijudicentur,
572 1741 668 1782 digna
684 1746 767 1776 sunt,
790 1751 851 1772 nec
874 1742 988 1783 aequali
1009 1742 1167 1783 similique
1189 1753 1282 1784 poena
1305 1743 1462 1785 indigent.
1485 1755 1559 1776 nam
1582 1746 1649 1781 alii,

182 1796 325 1837 quamvis
347 1795 434 1826 Deos
457 1806 527 1826 esse
550 1806 614 1826 non
636 1795 777 1832 credant,
800 1801 904 1827 tamen
928 1802 1058 1838 propter
1074 1797 1192 1838 justum
1215 1797 1352 1838 aliquem
1367 1804 1485 1829 naturae
1500 1800 1646 1831 affectum

183 1849 281 1880 malos
307 1849 440 1880 oderunt
465 1855 498 1880 et
526 1850 600 1881 odio
611 1850 756 1891 'quodam
782 1850 929 1881 adversus
957 1850 1144 1892 injustitiam
1170 1852 1248 1882 moti
1272 1853 1311 1882 ab
1334 1852 1456 1893 injuriis
1478 1854 1650 1891 abstinent,

182 1904 310 1945 iniquos
323 1904 459 1945 fugiunt,
469 1904 572 1946 justos
586 1905 728 1935 homines
743 1905 888 1947 diligunt.
912 1906 966 1936 alii
981 1916 1056 1936 vero
1078 1906 1117 1936 ad
1133 1907 1215 1937 hanc
1238 1907 1429 1948 opinionem,
1454 1909 1536 1949 quod
1561 1909 1649 1940 Deo·-

184 1969 253 1988 rum
269 1959 432 2000 praesentia
447 1959 598 1990 destituta
609 1960 714 1990 omnia
727 1959 801 1995 sint,
812 1960 972 2001 proniores
983 1970 1107 2001 quoque
1121 1961 1158 1991 ad
1170 1962 1347 2002 voluptates
1359 1961 1545 2004 doloresque
1558 1969 1628 1994 sunt
1641 1976 1648 1994 :

186 2013 331 2043 acumine
347 2013 443 2044 etiam
455 2019 487 2044 et
502 2014 652 2044 memoria
666 2014 801 2055 pollent.
824 2014 964 2054 utrisque
977 2013 1009 2044 id
1020 2020 1066 2044 est
1075 2025 1253 2051 commune,
1277 2021 1311 2046 ut
1324 2026 1392 2046 esse
1408 2015 1498 2047 Deos
1510 2023 1628 2059 negent
1642 2030 1650 2048 ε

185 2067 221 2098 in
248 2068 308 2098 hoc
334 2073 438 2098 autem
468 2068 629 2104 differunt,
651 2069 734 2109 quod
757 2068 868 2100 ceteris
894 2068 1072 2098 hominibus
1094 2068 1150 2099 ille
1177 2070 1291 2105 minus,
1315 2070 1365 2101 hic
1387 2071 1456 2112 plus
1471 2078 1576 2103 nocet.
1597 2073 1651 2103 ille

187 2120 317 2162 quidem
342 2121 436 2152 libere
459 2122 608 2153 adversus
631 2122 731 2159 Deos,
755 2123 920 2159 sacrificia,
939 2122 1162 2164 jusjurandum
1178 2124 1378 2165 obloquitur:
1403 2130 1496 2166 atque
1511 2127 1555 2157 ita
1571 2127 1656 2170 alios·

188 2174 375 2212 deridendo,
393 2176 454 2206 nisi
472 2177 626 2217 puniatur,
644 2178 757 2208 multos
771 2177 876 2208 forsan
891 2177 951 2208 sibi
969 2177 1086 2208 similes
1098 2178 1204 2209 faciet.
1225 2179 1277 2209 bic
1304 2189 1380 2210 vero
1404 2180 1538 2211 eandem
1560 2181 1654 2212 habet

188 2230 382 2271 opinionem,
406 2230 463 2260 sed
486 2231 595 2262 acriori
618 2231 746 2272 ingenio
769 2232 922 2273 praeditus
943 2233 1038 2273 vulgo
1051 2238 1192 2274 putatur,
1205 2232 1340 2274 doloque
1356 2238 1388 2264 et
1403 2233 1525 2264 insidiis
1541 2235 1656 2275 plenus

187 2289 246 2316 est.
271 2295 309 2314 ex
331 2284 400 2315 istis
417 2286 505 2316 multi
523 2286 661 2327 sortilegi
676 2286 765 2322 fiunt,
780 2292 812 2317 et
828 2287 867 2316 ad
883 2297 974 2317 omne
990 2286 1135 2317 veneficii
1152 2288 1358 2329 maleficiique
1384 2298 1484 2329 genus
1507 2290 1656 2331 prompti.

191 2338 271 2369 fiunt
295 2345 445 2380 praeterea
469 2350 510 2370 ex
532 2340 601 2370 istis
622 2350 848 2381 nonnunquam
872 2342 1007 2383 tyranni,
1023 2342 1216 2372 exercituum
1233 2341 1340 2377 duces,
1357 2343 1605 2380 concionatores,
1621 2350 1656 2374 et

190 2393 245 2433 qui
267 2393 515 2423 solemnitatibus
537 2394 668 2435 privatis
691 2394 890 2431 insidiantur,
914 2401 948 2426 et
973 2396 1028 2437 qui
1055 2396 1197 2426 homines
1223 2397 1432 2437 captiunculis
1445 2397 1654 2438 sophistarum

190 2446 363 2488 decipiunt.
387 2448 495 2478 horum
510 2449 652 2489 profecto
668 2449 772 2479 multae
785 2450 914 2490 quidem
930 2456 1001 2481 sunt
1018 2450 1139 2491 species
1154 2462 1160 2479 :
1187 2450 1243 2481 sed
1257 2451 1363 2491 legum
1377 2451 1536 2492 positione
1549 2451 1654 2492 dignae

191 2500 274 2533 duze.
296 2511 427 2542 quarum
451 2512 521 2542 quae
544 2501 791 2533 dissimulatione
813 2503 930 2534 referta
945 2509 1004 2540 est,
1028 2505 1147 2535 scelera
1161 2505 1255 2545 parit,
1267 2515 1330 2535 non
1343 2515 1406 2535 una
1417 2511 1536 2536 tantum
1552 2511 1650 2536 morte

192 2555 241 2585 vel
273 2554 394 2585 duabus
423 2555 529 2596 digna,
558 2557 614 2587 sed
641 2557 802 2598 pluribus:
828 2558 926 2588 altera
955 2559 1162 2600 castigatione
1189 2559 1280 2589 simul
1308 2565 1341 2589 et
1360 2559 1495 2590 vinculis
1522 2560 1657 2601 indiget.

194 2609 338 2640 similiter
352 2610 470 2650 opinio,
486 2620 547 2652 qua
563 2610 619 2641 Dii
636 2610 833 2652 negligentes
845 2612 1074 2648 existimantur,
1091 2611 1154 2643 duo
1169 2613 1271 2654 gignit
1285 2625 1291 2642 :
1316 2618 1359 2649 et,
1382 2624 1442 2655 qua
1466 2613 1560 2645 facile
1577 2616 1660 2646 votis

193 2663 434 2705 muneribusque
451 2665 632 2705 placabiles,
648 2665 709 2696 alia
725 2665 799 2698 duo.
816 2677 888 2698 cum
899 2668 944 2698 ita
954 2667 1045 2709 impii
1056 2666 1201 2698 distincti
1212 2667 1287 2703 siut,
1299 2677 1352 2699 eos
1367 2667 1507 2709 quidem,
1523 2668 1575 2710 qui
1591 2679 1655 2699 non

194 2718 285 2748 malis
299 2719 444 2754 moribus,
461 2719 517 2749 sed
532 2720 670 2750 amentia
682 2719 816 2761 quadarn
828 2721 909 2752 tales
920 2721 995 2752 facti
1008 2726 1092 2757 sunt,
1105 2721 1138 2752 in
1153 2721 1352 2752 correctionis
1364 2732 1531 2763 carcerem,
1557 2722 1654 2764 [909]

190 2781 254 2802 non
283 2773 386 2804 minus
411 2783 504 2815 quam
531 2774 781 2816 quinquennium
808 2785 1039 2815 permansuros,
1066 2775 1165 2816 judex
1192 2775 1348 2817 conjiciet.
1372 2787 1434 2818 quo
1456 2776 1489 2807 in
1517 2782 1658 2816 tempore

193 2826 299 2856 nullus
309 2836 380 2857 cnm
395 2827 470 2869 ipsis
486 2828 602 2859 civium
617 2828 813 2869 colloquatur
825 2833 938 2869 praeter
950 2839 1014 2865 eos,
1029 2830 1083 2870 qui
1099 2829 1242 2860 nocturni
1258 2834 1355 2860 coetus
1377 2831 1548 2871 participes
1571 2835 1656 2860 sunt.

194 2879 227 2909 hi
243 2889 316 2909 veru
333 2881 538 2913 admonentes
552 2881 590 2913 ad
608 2883 742 2913 salutem
757 2883 869 2912 animm
881 2883 1110 2924 colloquantur.
1123 2894 1195 2914 cum
1210 2890 1312 2914 autem
1326 2884 1519 2915 vinculorum
1531 2890 1656 2925 tempus

196 2939 338 2964 exactum
355 2935 458 2972 fucrit,
476 2937 529 2977 qui
545 2937 714 2968 modestior
730 2937 830 2968 factus
843 2943 900 2972 ost,
916 2948 976 2968 nna
995 2948 1064 2969 cunr
1081 2938 1230 2970 modestis
1247 2939 1364 2969 habiret
1386 2950 1390 2967 :
1418 2938 1499 2979 quod
1517 2939 1541 2967 si
1557 2947 1660 2969 rursus
