1840 3225
597 556 1145 610 AMATORES.

138 844 236 887 [132]
261 843 430 875 DIONst
459 842 663 875 Grammatici
690 842 798 872 ludum
826 841 992 882 ingressus,
1015 843 1148 884 juvenes
1173 843 1325 884 quosdam
1353 843 1418 874 vidi
1441 844 1603 875 honestam

137 908 201 939 prae
217 909 250 929 se
266 898 399 929 ferentes
416 898 567 934 indolem,
583 897 672 928 claris
685 902 768 926 ortos
783 896 963 937 parentibus
978 908 986 935 3
1011 907 1144 937 cumque
1161 896 1198 927 iis
1214 907 1276 927 una
1291 907 1396 928 eorum
1407 897 1499 928 etiam
1515 897 1605 928 fami-

135 951 238 984 liares.
284 952 429 982 Aderant
443 957 548 982 autem
565 951 628 981 duo
645 951 773 992 quidam
787 950 1013 981 adolescentuli
1024 950 1158 980 invicem
1176 952 1403 981 contendentes
1418 962 1425 981 :
1451 961 1521 992 quae
1536 961 1608 981 vero

138 1011 221 1036 esset
244 1005 367 1036 illorum
395 1005 542 1047 quaesfio,
574 1005 659 1035 haud
686 1005 758 1034 satis
784 1005 986 1036 adverteram.
1030 1004 1252 1035 Verumtamen
1278 1005 1318 1035 de
1345 1005 1531 1045 Anaxagora
1561 1004 1610 1034 vel

139 1058 300 1100 OEnopide
315 1059 491 1100 disceptare
506 1059 703 1097 videbantur,
720 1058 852 1089 circulos
876 1059 1102 1097 describenteS,
1116 1063 1148 1088 et
1162 1058 1343 1089 inflexiones
1358 1059 1508 1099 quasdam
1525 1068 1608 1088 sum—

141 1123 192 1143 mo
208 1113 345 1153 quodam
363 1113 467 1143 studio
484 1113 626 1143 manibus
643 1111 811 1143 imitantes.
858 1112 926 1153 Ego
943 1117 1046 1142 autem
1063 1110 1187 1142 alterius
1203 1111 1324 1142 illorum
1348 1112 1494 1148 amicum,
1517 1111 1610 1152 juxta.

142 1177 237 1207 quem
264 1168 423 1204 sedebam,
448 1167 555 1198 cubito
572 1172 703 1207 tangens
725 1165 924 1207 interrogavi,
951 1176 1005 1197 cur
1030 1166 1075 1196 ita
1096 1166 1322 1196 contenderent
1337 1165 1564 1202 adolescentes,
1579 1169 1612 1195 et

143 1232 217 1251 num
236 1231 384 1261 magnum
400 1221 550 1261 quiddam
568 1226 650 1251 esset
665 1225 696 1251 et
713 1220 888 1260 pulchrum,
905 1221 936 1250 in
952 1231 1014 1261 quo
1032 1225 1151 1249 tantum
1167 1220 1302 1250 studium
1320 1225 1483 1260 ponerent.
1528 1219 1608 1249 Tum

139 1275 205 1311 ille,
229 1275 329 1316 Quid,
345 1275 460 1316 inquit,
485 1285 631 1315 magnum
657 1279 689 1304 et
715 1274 902 1314 pulchrum?
926 1279 1083 1314 nugantur
1098 1274 1181 1303 enim
1198 1273 1246 1302 isti
1263 1274 1302 1303 de
1317 1273 1364 1302 his
1380 1282 1451 1313 quae
1466 1272 1612 1303 sublimia

142 1335 227 1370 sunt,
244 1334 276 1359 et
291 1328 549 1370 philosophantes
565 1328 715 1369 garriunt.
759 1326 866 1368 Hujus
892 1338 951 1369 ego
966 1337 1149 1368 responsum
1165 1326 1346 1363 admiratus,
1371 1325 1399 1356 O
1417 1325 1612 1362 adolescens,

140 1383 282 1424 inquam,
305 1392 345 1412 an
360 1387 450 1423 turpe
466 1382 522 1412 tibi
549 1382 764 1423 philosophari
780 1382 925 1412 videtur?
962 1391 1054 1412 curve
1081 1386 1146 1410 tum
1171 1381 1281 1410 acerbe
1304 1380 1498 1421 respondes?
1522 1379 1614 1410 Alter

142 1446 226 1472 vero,
243 1435 348 1477 (juxta
364 1436 447 1467 enim
475 1436 634 1467 assidebat
648 1436 777 1466 aemulus
794 1436 922 1476 quidam
946 1434 1067 1475 istius‚)
1089 1445 1159 1466 cum
1185 1439 1217 1465 et
1241 1445 1291 1465 me
1314 1434 1556 1474 interrogantem
1580 1439 1613 1464 et

141 1490 384 1530 respondentem
401 1489 487 1520 illum
504 1491 654 1527 audisset,
677 1490 753 1520 Non
767 1491 896 1531 expedit
913 1490 980 1526 tibi,
998 1490 1152 1526 Socrates,
1175 1488 1290 1529 inquit,
1313 1489 1499 1529 interrogare
1514 1489 1611 1524 hunc,

142 1553 183 1573 an
199 1547 289 1584 turpe
305 1543 461 1574 existimet
476 1554 543 1575 esse
560 1543 805 1585 philosophiam,
833 1554 944 1575 necne.
967 1553 1073 1574 nonne
1096 1542 1290 1583 intellexisti,
1312 1542 1415 1583 ipsum
1436 1542 1470 1571 in
1485 1542 1614 1572 tumidi-

143 1602 207 1627 tate
224 1598 359 1638 quadam
372 1604 404 1628 et
417 1599 546 1640 crapula
561 1603 656 1640 atque
673 1598 882 1630 somnolentia
898 1598 1072 1628 universam
1088 1602 1211 1628 aetatem
1227 1597 1340 1638 egisse,
1357 1603 1392 1627 ut
1404 1595 1512 1627 credas
1527 1595 1614 1626 aliud

143 1651 314 1692 quicquam
330 1663 401 1683 eum
429 1651 488 1683 tibi
505 1663 736 1694 responsurum,
752 1662 859 1694 quam,
875 1653 959 1693 quod
977 1656 1067 1692 turpe
1083 1651 1123 1681 sit
1148 1650 1371 1692 philosophia?
1417 1649 1493 1680 Erat
1509 1654 1613 1680 autern

144 1706 204 1736 iste
219 1705 253 1736 in
269 1706 387 1737 musica
402 1707 542 1737 eruditus
558 1718 567 1745 3
591 1706 668 1737 alter
683 1713 800 1743 autem,
816 1717 908 1747 quem
924 1706 1084 1747 carpebat,
1099 1706 1130 1735 in
1154 1704 1360 1747 gymnastica,
1381 1703 1615 1744 Videbaturque

144 1758 221 1789 mihi
248 1764 390 1801 oportere
415 1761 523 1797 alium,
541 1771 635 1802 quem
661 1760 745 1802 prius
771 1761 1043 1801 interrogaveram,
1067 1759 1192 1790 missurn
1218 1759 1331 1796 facere,
1356 1757 1504 1799 quoniam
1530 1757 1614 1788 haud

146 1823 220 1843 sane
236 1813 268 1843 in
285 1813 475 1854 disputando
489 1814 544 1845 sed
563 1815 595 1844 in
612 1814 735 1856 agendo
753 1814 857 1855 potius
872 1823 904 1844 se
920 1813 1022 1855 ipsum
1039 1813 1273 1843 demonstrabat
1287 1816 1460 1853 expertum.
1486 1811 1615 1841 interro·

146 1867 284 1907 gandum
310 1872 413 1898 autem
430 1869 538 1898 censui
553 1868 656 1909 illum,
672 1868 726 1909 qui
749 1867 971 1909 sapientiorem
986 1878 1019 1898 se
1035 1867 1232 1902 ostendebat,
1257 1870 1304 1906 ut,
1326 1865 1353 1895 si
1368 1864 1527 1905 quomodo
1543 1874 1616 1905 pos·

148 1930 226 1958 sem,
249 1921 289 1951 ab
305 1931 345 1952 eo
361 1921 530 1953 utilitatem
546 1922 682 1964 aliquam
697 1926 898 1962 reportarem.
943 1920 1021 1950 Dixi
1035 1920 1130 1962 igitur
1152 1920 1191 1950 ad
1217 1930 1301 1956 eum,
1327 1919 1359 1948 in
1383 1918 1539 1949 communi
1567 1928 1617 1948 me

149 1975 357 2016 quaestionern
372 1976 571 2016 proposuisse
587 1988 593 2005 :
620 1976 644 2005 si
661 1980 765 2005 autem
782 1980 815 2005 tu
831 1979 922 2015 putas
939 1974 1048 2006 melius
1062 1974 1121 2004 isto
1139 1979 1169 2005 te
1185 1982 1416 2014 responsurum,
1430 1971 1508 2002 illud
1531 1971 1616 2002 idem

151 2033 182 2058 te
198 2038 283 2059 nune
298 2028 469 2070 interrogo,
486 2034 586 2059 utrum
602 2029 746 2059 videatur
762 2028 816 2058 tibi
834 2027 1046 2069 philosophari
1062 2027 1228 2069 pulchrum
1244 2037 1322 2063 esse,
1339 2036 1378 2056 an
1395 2025 1504 2057 secus?
1539 2025 1619 2056 Haee

150 2081 213 2112 fere
228 2081 370 2112 dicentes
385 2082 552 2113 audierunt
576 2083 673 2124 [133]
697 2081 925 2117 adolescentes,
941 2087 1035 2122 atque
1050 2081 1164 2111 omissa
1187 2090 1236 2116 ea,
1259 2090 1329 2121 quae
1353 2079 1432 2110 inter
1446 2079 1530 2120 ipsos
1545 2085 1625 2117 erat,

148 2135 363 2172 contentione,
388 2136 427 2166 ad
443 2147 492 2173 ea,
509 2146 580 2177 quae
596 2135 834 2172 disserebamus,
860 2135 1020 2166 audienda
1041 2145 1073 2165 se
1095 2134 1180 2175 ipsos
1202 2133 1324 2164 silentio
1352 2138 1550 2175 paraverunt.
1575 2143 1622 2164 re-

150 2188 282 2228 spondit
301 2194 405 2220 autem
420 2189 475 2220 ille
492 2189 578 2230 mihi,
604 2195 636 2220 et
652 2189 743 2220 valde
758 2189 886 2228 quidem
903 2189 1078 2226 ambitiose,
1102 2188 1134 2219 Si
1151 2188 1291 2230 quando,
1308 2198 1325 2218 ο
1348 2187 1502 2224 Socrates,
1519 2187 1622 2228 philo-

149 2241 276 2283 sophari
293 2247 382 2284 turpe
397 2253 464 2274 esse
480 2244 639 2281 ducerem,
655 2253 759 2284 neque
777 2254 825 2274 me
840 2243 999 2274 hominem
1015 2248 1169 2284 putarem,
1185 2253 1288 2284 neque
1303 2242 1445 2283 quemvis
1459 2241 1554 2271 alium
1577 2241 1622 2272 sic

150 2295 310 2328 affectum.
356 2296 497 2327 Innuens
512 2303 617 2328 autem
631 2297 665 2328 in
681 2297 827 2328 aemulum
843 2297 967 2329 dicebat
982 2298 1049 2328 haec
1065 2307 1103 2328 ea
1118 2307 1208 2333 voce,
1235 2303 1270 2328 ut
1284 2297 1373 2327 amici
1387 2295 1534 2327 exaudire
1549 2305 1623 2337 pos-

151 2354 232 2381 sent.
276 2349 340 2382 Hic
363 2360 435 2392 ego,
460 2350 629 2382 Pulchrum
646 2351 741 2392 igitur
755 2350 813 2382 tibi
838 2350 1052 2393 philosophari
1078 2351 1225 2382 videtur?
1270 2349 1313 2380 Et
1336 2350 1467 2380 maxime
1483 2349 1625 2391 quidem,

153 2404 259 2446 inquit
273 2404 337 2435 ille.
382 2404 469 2441 Quid
497 2416 583 2447 ergo,
611 2406 752 2446 inquam,
769 2415 843 2435 num
861 2405 983 2436 videtur
1001 2404 1055 2436 tibi
1071 2405 1136 2436 fieri
1153 2415 1255 2446 posse,
1272 2409 1308 2435 ut
1322 2409 1432 2435 noscat
1457 2403 1538 2444 quis,
1562 2409 1626 2434 tur·

152 2467 236 2499 pene
251 2457 371 2498 aliquid
394 2458 446 2495 sit,
473 2469 514 2489 an
540 2460 718 2501 pulchrum,
742 2460 801 2490 nisi
816 2470 834 2490 a
861 2459 1029 2501 principio,
1054 2460 1130 2501 quid
1155 2460 1259 2501 ipsum
1284 2459 1336 2495 sit,
1361 2458 1502 2489 noverit?
1535 2456 1623 2490 Non.

151 2510 248 2542 Nosti
265 2510 373 2552 igitur,
397 2511 537 2553 inquam,
565 2515 650 2555 quod
668 2521 715 2545 est
738 2514 856 2556 aliquid
874 2513 1087 2555 philosophari
1102 2515 1112 2544 ?
1148 2513 1232 2544 Novi
1249 2512 1407 2554 equidem.
1453 2511 1540 2549 Quid
1557 2511 1630 2542 cst?

154 2565 241 2602 Quid
260 2565 359 2602 aliud,
375 2577 468 2608 quam
485 2568 657 2598 secundum
674 2569 760 2600 dicta
774 2568 898 2599 Solonis
915 2569 925 2598 ?
950 2568 1078 2599 dicebat
1101 2567 1183 2598 enirn
1208 2567 1317 2604 Solon,
1343 2566 1479 2597 Senesco
1506 2576 1628 2607 semper

151 2618 286 2661 plurima
301 2619 436 2651 diScens.
484 2620 525 2651 Et
541 2621 617 2652 mihi
633 2623 761 2663 quidem
783 2623 906 2654 videtur
922 2633 1044 2665 semper
1059 2622 1102 2654 sic
1119 2627 1261 2662 oportere
1276 2620 1396 2663 aliquid
1412 2620 1531 2651 discere
1555 2631 1624 2650 eum

149 2672 319 2709 hominem,
336 2674 389 2714 qui
406 2674 614 2716 philosophus
637 2677 758 2708 futurus
774 2677 824 2713 sit,
841 2677 904 2708 sive
916 2676 1046 2717 juvenis
1062 2676 1127 2707 sive
1143 2676 1245 2707 senior
1260 2675 1300 2706 sit
1316 2687 1324 2714 3
1348 2681 1382 2705 ut
1397 2675 1428 2705 in
1446 2674 1509 2704 vita
1531 2684 1624 2715 quam

151 2727 283 2767 plurima
309 2727 422 2760 discat.
468 2728 577 2770 Atque
609 2729 634 2759 is
662 2730 760 2770 primo
787 2731 870 2761 visus
898 2736 945 2761 est
970 2731 1048 2761 mihi
1074 2730 1192 2771 aliquid
1221 2729 1345 2760 dixisse.
1371 2729 1487 2760 deinde
1505 2738 1623 2758 mecum

154 2786 315 2821 reputans,
359 2782 556 2823 interrogavi,
592 2793 632 2813 an
662 2784 720 2815 sibi
751 2785 950 2826 philosophia
983 2784 1191 2826 polymathia,
1222 2784 1253 2814 id
1292 2789 1338 2814 cst
1375 2781 1471 2812 multa
1509 2781 1627 2812 discere

155 2834 319 2866 videretur.
374 2835 416 2866 Et
429 2836 494 2874 ille,
513 2836 652 2873 omnino,
668 2838 783 2879 inquit.
829 2839 995 2870 Existimas
1013 2839 1174 2880 pulchrum
1191 2837 1310 2878 aliquid
1328 2836 1427 2868 solum
1444 2845 1510 2866 esse
1527 2833 1628 2874 philo-

158 2888 311 2928 sophiam,
332 2890 379 2920 vel
397 2890 490 2922 etiam
511 2892 647 2921 bonurn?
671 2892 711 2922 Et
730 2893 844 2923 bonum
862 2904 998 2934 quoque.
1024 2891 1135 2923 Utrum
1154 2892 1184 2921 in
1203 2890 1399 2933 philosophia
1424 2890 1454 2919 id
1471 2887 1628 2929 proprium

157 2941 303 2983 5¹¹⁸Picl⁵›
320 2953 359 2974 an
376 2944 469 2976 etiam
493 2945 526 2976 in
553 2945 622 2977 aliis
639 2947 748 2979 codem
767 2953 860 2988 pacto
874 2947 1021 2989 judicas,
1047 2953 1080 2977 ut
1097 2946 1179 2978 verbi
1204 2945 1311 2987 gratia,
1330 2943 1464 2975 studium
1482 2951 1629 2983 gymnas·
