1840 3225
233 209 308 246 320
797 203 1062 244 PLATONIS
1585 209 1683 261 [694

227 309 312 351 quod
328 318 410 340 nunc
431 308 643 350 exposuimus,
659 308 742 350 quod
758 308 906 340 videlicet
919 319 983 341 non
997 313 1140 351 oporteat
1166 319 1295 351 magnos
1309 320 1475 353 merosque
1487 311 1683 354 principatus

227 364 426 400 constituere,
440 363 518 394 illud
533 373 655 404 semper
670 363 820 394 memoria
834 368 989 400 tenentes,
1008 364 1093 404 quod
1109 363 1240 394 liberam
1264 363 1427 396 civitatem
1448 370 1482 396 et
1494 365 1683 407 prudentem

226 421 259 449 et
273 417 331 448 sibi
347 417 407 459 ipsi
422 417 552 461 amicam
569 427 637 448 esse
652 421 785 458 oportet.
809 417 849 447 ad
864 427 934 459 quae
944 417 1175 458 respiciendum
1186 418 1304 455 estilli,
1319 419 1374 461 qui
1388 420 1476 461 leges
1490 419 1610 451 laturus
1622 425 1683 452 est.

225 481 265 501 ne
280 471 436 502 miremini
452 477 566 506 autem,
584 472 610 502 si
623 482 705 512 saepe
714 470 780 512 jam
796 472 858 502 alia
872 471 1016 513 qua-:dam
1029 473 1260 513 proposuimus,
1276 472 1318 504 ad
1332 484 1403 515 quae
1419 474 1459 504 sit
1474 474 1580 515 legum
1588 474 1682 506 latori

224 525 465 566 respiciendum,
495 535 565 566 quae
586 525 713 566 quidem
727 535 792 556 non
807 526 920 557 eadem
946 536 1012 556 esse
1028 531 1122 568 atque
1138 527 1204 557 haec
1228 533 1411 568 appareant.
1434 528 1491 559 sed
1504 528 1685 560 meminisse

223 585 357 620 oportet,
373 581 498 621 quando
514 579 555 610 ad
569 580 807 621 temperantiam
822 580 872 610 vel
887 580 1085 620 prudentiam
1112 581 1161 611 vel
1187 582 1358 612 amicitiam
1383 582 1617 623 respiciendum
1633 581 1682 613 di-

225 634 333 671 cimus,
348 645 412 666 non
426 635 520 665 aliam
535 639 627 675 atque
654 635 759 671 aliam,
785 634 840 665 sed
865 634 996 665 eandem
1020 634 1110 665 nobis
1135 646 1201 666 esse
1225 636 1457 667 intentionem:
1483 646 1520 667 ac
1535 637 1563 667 si
1578 635 1684 667 multis

223 688 318 719 etiam
333 688 404 719 aliis
417 688 633 730 hujuscemodi
648 688 747 719 verbis
763 693 896 724 utemur,
920 699 958 719 ne
972 688 1151 720 turbemini.
1195 689 1270 720 Cu.
1293 689 1483 721 Conabimur
1497 690 1544 721 ita
1566 689 1682 725 facere,

222 743 318 773 verba
331 742 440 773 ordine
457 748 643 783 repetentes.
666 743 720 772 sed
747 753 829 773 nunc
843 753 977 784 expone,
993 743 1078 784 quod
1094 744 1233 774 dicturus
1255 753 1333 778 eras,
1355 745 1482 785 quando
1498 743 1683 780 amicitiam,

220 796 396 827 libertatem
411 796 672 838 prudentiamque
703 802 845 837 spectare
874 798 1109 838 legumlatorem
1136 797 1249 828 debere
1274 798 1413 829 dicebas.
1457 798 1594 828 Arnen.
1615 798 1684 829 Au·

222 851 315 881 diatis
328 850 434 881 modo.
478 850 560 881 Duae
576 851 836 892 gubernationum
852 851 989 881 civilium
1008 851 1097 892 quasi
1110 856 1224 882 matres
1244 853 1389 893 quaedam
1411 857 1496 890 sunt,
1511 862 1551 882 ex
1566 851 1680 894 quibus

221 905 245 936 si
261 905 332 946 quis
346 905 423 936 alias
439 905 555 935 dixerit
569 905 719 946 originem
736 905 862 940 ducere,
877 910 963 935 recte
977 905 1086 945 utique
1104 905 1199 936 dicet.
1223 916 1350 946 quarum
1378 907 1505 937 alteram
1521 906 1682 948 principa-

220 965 284 990 tum
300 960 401 996 unius,
415 959 545 989 alteram
559 959 668 1000 populi
685 959 845 1000 appellare
861 959 966 989 decet.
991 959 1118 989 alterius
1135 969 1260 1000 quoque
1277 970 1432 990 summum
1443 965 1552 991 tenere
1568 960 1680 992 Persa-

219 1025 286 1044 rum
299 1024 406 1054 genuS,
423 1014 548 1044 alterius
561 1024 617 1044 nos
632 1012 821 1054 putandum.
846 1017 950 1043 cetera
964 1023 1038 1043 vero
1064 1013 1161 1044 ferme
1187 1024 1294 1044 omnes
1319 1014 1404 1051 hinc,
1430 1019 1465 1044 ut
1486 1014 1564 1050 dixi,
1585 1014 1679 1045 variae

220 1073 458 1110 componuntur.
480 1078 608 1099 necesse
623 1073 671 1098 est
685 1073 789 1098 autem
813 1068 922 1098 harum
949 1073 1147 1109 utrarumque
1173 1068 1358 1109 participem
1379 1068 1444 1099 sore
1465 1068 1636 1104 civitatem,
1652 1069 1680 1100 si

219 1123 346 1153 libertas
360 1123 392 1153 in
413 1132 450 1152 ca
464 1127 558 1164 atque
573 1122 711 1153 amicitia
725 1122 828 1152 futura
852 1121 904 1153 sit.
927 1122 1009 1163 quod
1037 1122 1168 1163 quidem
1193 1122 1274 1153 ratio
1296 1117 1469 1164 praecipere
1485 1122 1576 1154 nobis
1600 1123 1677 1154 vult,

218 1187 291 1207 cum
305 1177 382 1207 dicit
397 1176 557 1207 civitatem
571 1177 681 1207 horum
696 1181 858 1218 expertem
874 1176 954 1206 bene
977 1176 1141 1217 gubernari
1169 1187 1329 1218 nunquam
1357 1187 1460 1218 posse.
1504 1176 1582 1208 CLr.
1605 1176 1678 1214 Quo

217 1231 302 1261 enim
317 1236 409 1272 pacto
423 1232 434 1262 ?
477 1230 614 1261 Anum.
638 1230 719 1262 Cum
733 1231 828 1272 igitur
847 1230 945 1261 altera
961 1230 1183 1267 monarchiam,
1199 1231 1291 1261 unius
1307 1230 1432 1262 scilicet
1444 1229 1652 1272 principatum
1666 1241 1676 1269 ;

216 1285 316 1316 altera
331 1286 503 1316 libertatem
519 1285 691 1322 dumtaxat,
709 1286 806 1326 magis
822 1295 915 1326 quam
933 1284 1114 1325 oportuerit,
1131 1285 1295 1326 complexa
1310 1285 1350 1315 sit
1357 1296 1366 1324 ;
1388 1290 1499 1316 neutra
1512 1284 1679 1316 mediocri-

215 1345 310 1371 tatem
323 1340 479 1371 servitutis
489 1339 699 1381 libertatisque
711 1339 845 1370 servavit
858 1351 865 1368 :
883 1344 994 1369 vcstrae
1004 1339 1288 1380 autem,Laconica
1296 1338 1366 1370 dico
1382 1344 1416 1370 et
1423 1337 1560 1376 Cretica,
1568 1339 1678 1380 magis.

215 1395 271 1425 sed
280 1393 490 1425 Athenienses
501 1405 537 1425 ac
547 1394 652 1425 Persae
664 1393 819 1435 quondam
830 1393 889 1424 hoc
901 1393 965 1423 fere
975 1398 1077 1434 pacto,
1091 1392 1188 1435 [694]
1199 1404 1284 1424 nunc
1295 1403 1365 1425 vero
1373 1394 1486 1424 minus.
1503 1393 1560 1424 sed
1569 1403 1679 1425 causas

214 1459 338 1490 quoque
353 1449 504 1485 dicemus,
520 1458 560 1479 an
574 1449 661 1479 non?
706 1447 782 1479 Cu.
807 1447 956 1482 Omnino,
972 1448 996 1478 si
1009 1447 1112 1484 modo,
1129 1449 1210 1489 quod
1233 1447 1430 1488 propositum
1444 1448 1673 1484 est,nbsolvere

215 1504 368 1545 cupimus.
414 1503 552 1534 Arum.
575 1502 751 1533 Audiamus
767 1513 851 1544 ergo.
896 1502 1001 1533 Persae
1027 1502 1165 1544 quidem,
1182 1503 1308 1543 quando
1331 1502 1406 1544 Cyri
1421 1507 1561 1543 ternpore
1577 1501 1676 1533 servi-

214 1559 287 1590 tutis
303 1559 517 1600 libertatisque
533 1557 776 1588 mediocritatem
793 1557 893 1598 magis
906 1557 1074 1593 habebant,
1088 1557 1221 1598 primum
1235 1557 1294 1598 ipsi
1309 1556 1400 1587 liberi
1414 1555 1550 1592 fuerunt,
1558 1555 1675 1587 deinde

214 1613 328 1644 multos
341 1613 417 1643 alios
434 1611 645 1653 subjecerunt.
666 1622 738 1641 nam
754 1622 822 1642 cum
838 1611 996 1652 principes
1011 1611 1071 1652 ipsi
1086 1611 1265 1641 libertatem
1281 1610 1415 1640 subditis
1429 1610 1628 1651 impertirent
1642 1615 1676 1640 et

213 1678 280 1698 rem
294 1667 335 1698 ad
351 1667 562 1708 aequalitatem
580 1666 679 1707 magis
695 1667 891 1702 reducerent,
907 1665 1022 1696 milites
1040 1665 1172 1696 ducibus
1185 1665 1285 1706 magis
1307 1670 1399 1695 erant
1413 1664 1519 1700 amici,
1535 1669 1676 1706 paratos·

213 1733 274 1764 que
289 1733 322 1753 se
337 1722 369 1752 in
385 1721 533 1763 periculis
548 1721 748 1752 exhibebant.
772 1731 808 1751 ac
821 1720 848 1751 si.
862 1720 932 1761 quis
946 1721 1027 1751 inter
1041 1730 1095 1750 eos
1104 1719 1289 1761 prudentior
1304 1724 1370 1750 erat
1384 1718 1575 1760 consilioque
1590 1718 1676 1750 vale-

212 1777 278 1813 bat,
294 1775 362 1807 cuin
378 1786 433 1806 rex
448 1775 572 1806 invidus
586 1785 649 1806 non
666 1781 759 1810 esset,
773 1773 830 1804 sed
852 1774 949 1804 llbere
967 1773 1093 1805 dicendi
1118 1774 1298 1805 facultatem
1313 1774 1458 1804 omnibus
1473 1773 1562 1804 daret
1575 1773 1676 1804 hono·

212 1836 355 1872 raretque
368 1830 489 1861 consilii
504 1835 675 1870 compotes,
691 1829 874 1859 facultatem
897 1829 1073 1870 prudentiae
1099 1838 1296 1859 communem
1324 1828 1358 1858 in
1382 1827 1519 1858 medium
1535 1827 1674 1858 deduce-

212 1886 277 1916 bat.
299 1890 414 1916 cuncta
424 1885 518 1925 igitur
533 1889 606 1915 tunc
618 1884 679 1914 illis
696 1883 850 1919 libertate,
866 1883 1005 1914 amicitia
1022 1883 1195 1924 mentisque
1211 1874 1432 1914 communidne
1447 1881 1674 1913 facilia‘reddi-

212 1940 271 1970 dit.
315 1939 392 1971 CLr.
415 1938 572 1969 Videntur
586 1939 667 1975 liaec,
682 1943 716 1968 ut
739 1938 896 1973 dicuntur,
911 1938 954 1968 ita
970 1943 1056 1979 gesta
1071 1937 1178 1968 fuisse.
1224 1936 1361 1967 Arum«.
1384 1937 1456 1973 Quo
1470 1943 1565 1977 pacto
1578 1936 1675 1977 igitur

213 1993 378 2035 Cambysae
392 1998 533 2033 tempore
546 2002 678 2033 regumn
698 1991 730 2021 id
759 1991 824 2021 fere
840 1991 968 2028 cecidit,
985 1998 1018 2023 et
1030 2002 1134 2023 rursus
1149 1991 1241 2022 Darii
1259 1996 1397 2032 tempore
1411 1990 1587 2021 restitutum
1602 1995 1652 2021 est
1665 1990 1676 2021 ?

211 2048 359 2082 vultisne,
375 2052 410 2077 ut
424 2046 511 2086 quasi
526 2045 721 2076 divinatione
742 2045 790 2075 usi
814 2045 978 2076 dicamus?
1025 2045 1102 2077 Cm.
1127 2045 1250 2082 Quidni
1276 2045 1429 2076 velimus?
1453 2044 1575 2076 confert
1588 2043 1674 2075 enim

211 2102 272 2132 hoc
295 2100 336 2131 ad
364 2099 453 2136 illud,
469 2110 531 2142 quo
560 2099 727 2130 tendimus.
772 2098 910 2130 Arnen.
933 2100 984 2130 Ita
1012 2100 1107 2140 igitur
1137 2099 1176 2130 de
1208 2098 1292 2141 Cyro
1319 2099 1483 2135 vaticinor,
1498 2099 1532 2129 in
1558 2099 1675 2130 ceteris

210 2155 340 2198 quidem
367 2155 471 2196 ipsum
498 2161 531 2184 et
560 2153 672 2184 ducem
700 2153 817 2183 bonum
845 2158 878 2183 et
913 2153 1013 2183 civilis
1041 2153 1114 2183 vitae
1149 2153 1285 2183 amicum
1313 2152 1420 2189 fuisse,
1451 2158 1571 2183 rectam
1598 2162 1674 2184 vem

211 2210 408 2252 disciplinam
432 2209 520 2239 nullo
544 2213 637 2249 pacto
662 2207 814 2247 attigisse,
828 2217 888 2237 nec
915 2207 956 2237 ad
970 2207 1015 2237 rei
1039 2207 1198 2237 familiaris
1219 2205 1519 2236 administrationem
1534 2205 1672 2237 animum

211 2274 346 2306 unquam
389 2261 592 2304 applicuisse.
638 2261 715 2292 C1.1.
748 2261 813 2292 Cur
841 2261 885 2291 ita
906 2261 917 2290 ?
962 2260 1099 2291 Arum<-
1137 2259 1167 2289 A
1199 2260 1330 2302 juventa
1355 2270 1413 2301 per
1440 2264 1540 2290 totam
1576 2259 1674 2291 vitam

211 2319 324 2350 militia
358 2322 528 2358 occupatus
558 2316 737 2346 mulieribus
763 2315 844 2345 filios
885 2314 1014 2345 tradidit
1041 2313 1222 2345 educandos
1237 2325 1242 2343 :
1282 2324 1351 2355 quae
1378 2314 1466 2355 ipsos
1494 2319 1530 2344 ut
1558 2313 1670 2345 felices

210 2374 317 2404 statim
331 2382 444 2414 pueros
459 2376 552 2412 atque
576 2371 694 2406 beatos,
709 2369 826 2400 nullius
850 2368 1030 2410 indigentes
1053 2369 1110 2404 rei,
1127 2368 1171 2399 sie
1195 2368 1383 2404 educabant,
1398 2373 1434 2399 ut
1459 2367 1673 2409 prohiberent,

210 2438 251 2459 ne
267 2427 337 2469 quis
359 2427 417 2463 eis,
430 2431 539 2468 utpote
564 2424 676 2460 beatis
697 2424 802 2465 aliqua
827 2423 859 2453 in
887 2434 918 2453 re
943 2424 1182 2461 adversm-etum
1207 2428 1355 2464 cogentes
1381 2432 1501 2458 omnes,
1521 2422 1672 2464 quicquid

210 2482 272 2523 ipsi
287 2481 430 2512 dicerent
444 2485 498 2511 aut
521 2480 671 2515 facerent,
700 2478 840 2509 laudare.
863 2477 907 2507 ita
935 2478 1019 2518 ipsos
1045 2478 1125 2508 tales
1149 2478 1302 2519 quosdam
1327 2476 1548 2508 educaverunt.
1593 2475 1673 2508 Cu.

211 2536 335 2567 Bellam
355 2540 438 2566 certe
470 2534 687 2566 educationem
713 2542 854 2563 narrasse
881 2531 1009 2563 videris.
1055 2534 1194 2562 Arnen.
1217 2531 1396 2562 Femineam
1418 2540 1547 2572 nempe,
1573 2540 1670 2572 quum

210 2590 398 2620 induxerunt
410 2589 504 2630 regiae
533 2589 690 2624 mulieres,
720 2587 808 2618 novis
837 2587 927 2616 elatae
957 2585 1074 2616 divitiis
1107 2587 1301 2627 desertaeque
1327 2595 1347 2616 a
1361 2585 1435 2615 viris
1457 2584 1542 2616 bello
1565 2590 1599 2615 et
1613 2595 1669 2626 pe-

209 2643 318 2674 riculis
332 2643 504 2683 occupatis.
549 2642 626 2674 Cm.
651 2642 903 2674 Consentaneum
921 2641 951 2671 id
968 2641 1107 2682 quidem.
1154 2640 1292 2671 Arnen.
1319 2639 1416 2671 Pater
1429 2647 1504 2670 vero
1517 2637 1671 2680 ipsorum,

209 2697 325 2733 ovium,
340 2697 498 2727 hominum
514 2697 738 2737 multorumque
760 2696 901 2731 aliorum,
919 2705 1048 2736 quorum
1074 2694 1115 2726 ad
1130 2705 1185 2726 eos
1199 2693 1361 2736 spectabat
1375 2693 1541 2734 possessio,
1557 2703 1670 2734 greges

211 2751 324 2781 multos
354 2749 487 2779 habebat
505 2761 511 2778 :
545 2750 600 2779 sed
629 2750 796 2790 ignoravit,
828 2749 911 2790 quod
942 2749 1008 2784 lilii,
1039 2749 1152 2790 quibus
1179 2749 1245 2778 haec
1273 2747 1448 2797 relicturus-⁴
1465 2751 1542 2783 erat,
1568 2745 1669 2789 [695]

210 2810 372 2846 paternam
384 2804 484 2844 ipsam
512 2804 732 2845 Persicamque
757 2809 855 2834 artem
877 2814 939 2833 nou
955 2803 1156 2839 docebantur,
1173 2813 1241 2833 cum
1273 2801 1377 2832 Persae
1392 2806 1534 2842 pastores
1548 2808 1667 2837 essent,

210 2860 243 2889 in
268 2858 395 2899 regione
423 2868 532 2898 aspera
559 2859 668 2899 geniti,
684 2864 717 2889 et
746 2859 813 2899 ipsa
838 2868 888 2888 ars
918 2858 1043 2889 Persica
1067 2857 1144 2888 dura
1167 2861 1260 2893 essct,
1284 2855 1503 2896 sufficiensque
1523 2854 1668 2885 robustos

212 2924 264 2944 eos
280 2918 421 2954 pastores
434 2912 568 2953 efficere,
580 2913 632 2952 qui
662 2918 693 2944 et
722 2912 881 2945 custodias
911 2922 1001 2953 agere
1029 2918 1059 2944 et
1076 2912 1203 2953 vigilare
1218 2916 1356 2953 possent,
1373 2914 1405 2941 et
1419 2909 1564 2945 militare,
1579 2909 1606 2940 si
1618 2917 1668 2940 res
