1840 3225
140 229 214 268 146
738 226 1006 266 PLATONIS
1510 229 1609 280 [444

140 331 207 364 ciis.
252 331 367 364 GLAU.
390 330 489 362 Nullo
519 333 625 372 paeto.
669 329 725 362 So.
748 330 915 362 Adulteria
943 330 1084 372 quidem,
1116 334 1278 371 parentum
1310 335 1522 372 contemptus,
1549 331 1607 364 irn-

139 385 240 427 pietas
264 386 296 416 in
322 384 425 421 Deos,
442 383 571 415 cuilibet
594 383 681 414 alteri
696 384 801 425 potius
823 394 916 425 quarn
933 384 1005 414 huic
1020 383 1222 415 conveniunt.
1269 382 1382 416 GLAu.
1406 383 1457 414 Ita
1472 395 1608 426 prorsus.

142 439 199 470 So.
221 438 338 470 Nonne
353 438 460 468 horum
476 437 614 468 omniurn
642 447 736 468 causa
761 437 829 468 haec
844 442 903 477 est,
925 437 999 479 quia
1014 437 1165 478 quicquid
1190 437 1224 467 in
1250 437 1318 478 ipso
1341 442 1400 474 est,
1415 448 1504 468 suum
1527 449 1607 479 opus

141 492 330 533 exsequitur,
347 497 408 521 tam
425 491 465 521 ad
484 491 697 531 imperandum
713 501 806 532 quarn
834 491 1006 531 parendum
1023 492 1033 521 ?
1081 491 1196 522 Grau.
1220 491 1316 521 Nulla
1333 497 1415 522 certe
1431 491 1502 525 alia.
1550 491 1607 524 So.

143 546 254 582 Quid?
279 545 390 585 quaeris
412 545 496 574 aliud
523 555 588 575 esse
610 544 765 584 justitiam
781 555 873 586 quam
891 546 971 576 lianc
988 545 1085 586 ipsam
1103 545 1175 580 xim,
1192 556 1262 586 quae
1290 545 1366 576 tales
1391 546 1470 576 viros
1485 551 1517 576 et
1531 546 1609 577 talen

143 599 238 630 efficit
252 598 419 630 civitates?
464 597 578 629 GLAU.
602 597 671 639 Ego
694 598 821 638 quidem
846 599 983 630 minime.
1028 598 1085 630 So,
1107 597 1248 628 Tandem
1268 598 1358 629 nobis
1371 598 1546 630 absolutum
1562 603 1611 630 est

141 652 294 682 somnium
319 651 408 687 illud,
424 652 510 693 quod
537 661 593 681 nos
620 650 793 692 conjecisse
819 651 974 682 diximus:
1001 651 1085 692 quod
1112 662 1180 681 mox
1205 650 1392 692 incipientes
1414 652 1549 684 condere
1563 652 1610 683 ci-

139 706 280 744 vitatem,
296 705 367 736 Deo
383 706 519 746 quodam
545 704 728 741 favente‚in
753 704 943 745 principium
969 703 1095 745 aliquod
1120 710 1152 735 et
1176 704 1341 745 imaginem
1353 704 1484 746 justitiae
1499 716 1610 737 ascen-

94 758 98 759 ’
138 759 220 790 disse
236 758 387 790 videmur.
434 758 549 790 GLAu.
573 757 711 788 Omnino
733 758 874 799 quidem.
919 758 974 789 So.
1000 758 1071 789 Huc
1085 764 1188 789 autem
1204 763 1279 793 erat,
1296 769 1314 789 o
1331 758 1467 795 Glauco,
1482 764 1609 800 propter

141 813 227 854 quod
244 812 365 843 confert
377 813 535 854 quoddam
546 811 678 853 justitiae
693 812 888 843 simulacrum
906 824 913 842 :
930 822 1042 852 nempe
1055 812 1180 848 debere,
1196 812 1251 853 qui
1265 817 1373 843 natura
1387 813 1534 844 coriarius
1549 818 1609 850 est,

140 871 236 897 artem
252 867 333 897 hanc
349 866 476 908 exsequi
491 866 576 896 aliud
602 866 680 896 nilril
698 876 887 907 aggressum,
903 866 957 906 qui
975 876 1045 896 vero
1061 866 1158 906 faber,
1171 865 1332 902 fabricare,
1353 867 1552 908 similiterque
1576 867 1609 898 in

140 920 261 952 ceteris.
307 919 425 951 Gmu.
448 919 599 960 Apparet.
646 920 703 951 So.
727 919 851 951 Revera
877 919 1005 960 quidem
1034 919 1103 950 talis
1125 919 1248 960 justitia
1275 925 1332 960 est,
1354 920 1408 950 sed
1437 931 1500 951 non
1526 921 1610 952 circa

138 973 293 1004 actionem
311 973 503 1010 exteriorem,
519 974 613 1003 immo
638 973 720 1004 circa
740 973 916 1004 interiorem
941 983 1062 1002 suarum
1090 972 1222 1013 partium
1247 972 1401 1003 actionem
1417 983 1487 1004 vere
1503 974 1542 1004 ad
1560 974 1608 1014 ip-

139 1031 272 1057 summet
287 1027 422 1058 animum
445 1033 478 1058 et
501 1028 540 1057 ad
567 1037 644 1057 sua:
671 1027 744 1057 dum
761 1027 837 1056 nihil
855 1026 1006 1067 permittit
1022 1037 1058 1056 ex
1076 1026 1137 1056 suis
1154 1025 1254 1056 aliena
1272 1030 1403 1067 tentare,
1417 1037 1521 1068 neque
1533 1026 1610 1061 sinit

138 1080 251 1111 animae
273 1091 386 1122 genera
413 1092 508 1122 opera.
532 1081 667 1112 invicem
696 1081 924 1112 confundentia
950 1090 1004 1122 per
1029 1080 1120 1121 plura
1145 1079 1272 1120 vagari:
1294 1080 1350 1110 sed
1367 1090 1469 1111 revera
1485 1080 1611 1122 propria

138 1139 221 1165 recte
237 1134 362 1175 digerit,
378 1135 490 1177 suique
505 1140 552 1166 est
567 1135 725 1172 dominus,
751 1146 818 1166 sese
835 1139 975 1175 exornat,
993 1134 1109 1164 amicus
1133 1133 1189 1164 sibi
1206 1134 1272 1175 ipse
1289 1133 1431 1170 effectus,
1455 1134 1488 1165 in
1503 1144 1536 1165 se
1553 1134 1610 1166 tria

138 1187 207 1228 ipsa
222 1193 473 1229 contemperans,
489 1194 636 1230 tanquam
652 1194 712 1219 tres
729 1189 875 1219 terminos
891 1188 1072 1227 harmoniae,
1091 1187 1204 1226 neatis,
1219 1187 1347 1229 hypatis
1362 1193 1394 1218 et
1410 1188 1533 1231 rnediae,
1548 1189 1609 1220 hoc

138 1246 186 1273 est
206 1247 325 1272 octavae
340 1242 425 1274 vocis
442 1247 474 1273 et
489 1243 590 1283 gravis
605 1247 637 1274 et
663 1244 800 1283 quintae:
826 1253 878 1273 seu
900 1243 1018 1284 qumvis
1041 1242 1104 1272 alia
1127 1241 1229 1272 media
1254 1241 1357 1273 fuerit.
1402 1241 1516 1283 Itaque
1539 1242 1609 1273 haec

138 1295 244 1326 omnia
279 1300 420 1333 nectens,
457 1296 588 1337 ipseque
626 1296 766 1337 undique
806 1306 886 1326 unus
924 1295 1055 1326 effectus
1090 1305 1127 1325 ex
1165 1294 1270 1325 multis
1303 1299 1478 1336 temperans
1513 1301 1610 1337 atque

138 1348 320 1385 concinens,
349 1349 394 1380 ita
421 1350 546 1380 demum
576 1349 653 1390 agit,
682 1349 708 1380 si
739 1348 815 1391 quid
845 1349 922 1390 agit,
953 1349 1000 1379 vel
1032 1349 1114 1379 circa
1144 1347 1294 1389 pecunias
1323 1348 1527 1389 acquirendas
1558 1349 1608 1380 vel

137 1402 275 1442 corporis
303 1403 434 1443 cultum,
455 1403 502 1434 vel
526 1403 619 1434 etiam
646 1403 727 1434 circa
754 1403 869 1434 civilia-
880 1409 933 1433 aut
955 1402 1074 1443 privata
1101 1401 1306 1432 commercia:
1337 1401 1367 1432 in
1391 1402 1437 1432 his
1464 1403 1607 1434 omuibus

137 1454 294 1486 actionem
311 1456 394 1486 illam
415 1456 534 1497 justam
557 1462 589 1488 et
613 1456 788 1498 praeclaram
806 1457 996 1492 existimans,
1012 1466 1082 1497 qum
1108 1455 1246 1485 habitum
1269 1456 1352 1486 hunc
1379 1457 1499 1498 peragit
1513 1463 1609 1498 atque

137 1513 261 1538 servat:
297 1510 480 1551 sapientiam
506 1521 576 1540 vero
606 1510 704 1552 [444]
736 1510 911 1551 operationi
941 1509 1014 1539 lruic
1045 1509 1260 1550 praesidentem
1290 1509 1472 1541 scientiam:
1510 1511 1610 1552 injus-

137 1565 204 1600 tarq
238 1567 342 1593 autem
382 1564 610 1604 operationem,
646 1574 716 1605 quae
756 1564 835 1593 bani:
872 1562 1034 1593 dissolvit:
1074 1562 1284 1603 insipientiam
1323 1563 1459 1604 denique
1497 1574 1610 1605 opera-

137 1613 231 1651 tionis
255 1616 349 1658 lrujus
371 1617 483 1648 ducem
507 1617 697 1658 opinionem.
744 1616 858 1648 GLAc.
882 1615 966 1647 Vera
991 1626 1125 1658 prorsus,
1147 1627 1164 1646 o
1189 1616 1344 1652 Socrates,
1360 1615 1507 1657 loqueris.
1550 1617 1610 1650 So.

136 1667 170 1699 Si
186 1678 259 1710 ergo
276 1680 331 1700 nos
355 1670 509 1702 invenisse
526 1671 694 1702 dixerimus
706 1670 826 1711 justum
843 1670 940 1700 virum
967 1676 998 1701 et
1024 1670 1179 1701 civitatem
1191 1669 1323 1710 justam,
1339 1670 1453 1711 quidve
1468 1671 1499 1700 in
1517 1672 1610 1702 urris-

138 1722 337 1763 quejustitia
357 1723 408 1761 sit,
423 1725 506 1755 haud
535 1724 613 1756 forte
641 1725 786 1760 multum,
814 1730 847 1754 ut
871 1724 1009 1760 arbitror,
1026 1724 1147 1755 mentiri
1164 1723 1347 1755 videbimur.
1392 1723 1508 1757 GLAU.
1531 1724 1610 1756 Non

137 1785 194 1817 per
217 1777 342 1808 Jovem.
387 1778 443 1809 So.
468 1777 680 1809 Asserendum
709 1778 827 1820 igitur?
874 1777 988 1808 Grac.
1012 1778 1123 1809 Procul
1152 1778 1262 1810 dubio.
1307 1779 1365 1809 So.
1389 1778 1465 1808 Esto
1490 1778 1610 1820 itaque·

137 1828 305 1862 Enimvero
335 1831 484 1873 deinceps
514 1833 554 1862 de
584 1832 738 1872 injustitia
769 1832 1029 1863 considerandum
1063 1833 1195 1863 videtur.
1246 1832 1361 1863 GLAU.
1391 1832 1504 1864 Plane.
1550 1833 1608 1865 So.

138 1882 334 1929 Seditionem
361 1887 519 1928 quandam
545 1887 653 1917 horum
683 1887 774 1917 trium
804 1886 990 1927 injustitiam
1018 1887 1176 1927 appellare
1204 1887 1308 1926 decet,
1334 1888 1548 1928 cariosamque
1574 1892 1608 1918 et

138 1937 251 1968 variam
269 1938 363 1969 alieni
388 1939 490 1980 operis
514 1940 760 1980 usurpationem,
777 1946 808 1971 et
832 1940 1015 1970 insolentem
1035 1940 1127 1980 partis
1141 1939 1302 1980 cujusdam
1321 1939 1607 1981 praevaricationem

138 1991 285 2023 adversus
301 1998 397 2023 totam
423 1994 556 2024 animam
584 1994 773 2031 rebellantis,
791 1994 1037 2035 insurgentisque
1053 1994 1093 2024 ad
1110 1994 1323 2034 imperandum
1341 1994 1425 2035 regio
1442 1994 1537 2024 animi
1554 2005 1608 2036 ge-

137 2045 216 2085 neri,
230 2046 281 2076 cui
306 2046 418 2078 servire
445 2058 512 2078 eam
535 2053 645 2078 natura
666 2048 770 2088 jubet.
794 2048 867 2078 talia
895 2049 1050 2089 quaedam,
1077 2054 1111 2078 ut
1135 2048 1276 2088 arbitror,
1291 2053 1385 2089 atque
1410 2048 1518 2079 horum
1545 2054 1609 2079 tur-

138 2098 297 2130 bationem
322 2110 515 2142 erroremque
540 2101 723 2142 injustitiam
748 2113 814 2132 esse
831 2103 981 2141 dicemus,
996 2108 1027 2132 et
1054 2102 1335 2143 intemperantiam,
1350 2102 1517 2143 ignasiam,
1533 2103 1608 2134 insi-

139 2151 291 2192 pientiam
317 2158 350 2184 et
376 2155 547 2184 universam
577 2155 712 2196 denique
740 2155 935 2195 pravitatem.
983 2155 1097 2186 Graiu.
1123 2155 1199 2185 Ila-c
1227 2166 1347 2195 prorsus
1373 2156 1463 2186 itase
1481 2157 1610 2187 habent.

139 2204 196 2236 So.
220 2204 336 2236 Nonne
351 2207 424 2237 satis
435 2207 500 2247 jam
517 2208 680 2248 perspicue
697 2213 794 2248 patet,
809 2208 884 2248 quid
900 2214 946 2239 est
969 2206 1208 2249 injustafacere
1226 2215 1255 2238 et
1272 2207 1423 2248 injuriari,
1439 2219 1475 2240 ac
1492 2220 1607 2246 rursus,

139 2259 218 2300 quid
243 2269 334 2300 agere
355 2260 453 2301 justa,
479 2261 733 2302 quandoquidem
757 2261 879 2302 justitia
905 2267 936 2292 et
962 2261 1117 2302 injustitia
1144 2262 1273 2302 patent?
1319 2262 1435 2294 GLAU.
1459 2263 1604 2300 Quonam

140 2313 259 2365 pacto?
304 2313 360 2344 So.
383 2314 466 2351 Quia
483 2315 580 2345 nihilo
604 2325 622 2345 a
638 2315 810 2345 salubribus
825 2321 857 2346 et
873 2315 1078 2346 insalubribus
1093 2316 1253 2345 differunt.
1269 2326 1380 2356 nempe
1399 2323 1431 2347 ut
1445 2318 1511 2348 lraec
1526 2318 1608 2350 circa

141 2367 320 2407 corpus,sic
333 2368 412 2399 circa
423 2369 559 2400 animum
572 2380 604 2400 se
617 2370 731 2399 liabent
746 2376 776 2400 et
791 2369 854 2400 illa.
879 2370 905 2401 G
916 2380 995 2400 Lar.
1010 2370 1082 2406 Qua
1093 2370 1235 2399 ratione?
1258 2370 1314 2400 So.
1329 2371 1468 2402 Salubria
1479 2372 1607 2413 quidam

140 2420 305 2452 sanitatem
322 2422 486 2461 inducunt,
500 2422 666 2453 insalubria
684 2425 833 2453 morbum.
881 2423 997 2454 va.
1016 2423 1125 2454 Plane.
1158 2423 1211 2454 So.
1228 2423 1375 2454 Similiter
1384 2434 1508 2466 quoquc
1519 2425 1608 2467 jusu

142 2484 232 2515 agere
246 2473 397 2514 justitiam
414 2477 513 2518 gignit
532 2477 560 2507 in
574 2478 690 2513 animo,
704 2477 818 2518 injusta
833 2477 932 2508 facere
951 2477 1148 2518 injustitiam.
1176 2477 1291 2508 GLaru
1307 2477 1444 2510 Necesse
1458 2485 1516 2510 est.
1548 2479 1606 2513 So,

140 2526 199 2558 Est
211 2534 313 2559 autem
325 2531 489 2561 sanitatem
506 2531 629 2570 inferre,
639 2531 694 2567 ita,
706 2542 774 2572 quae
785 2531 815 2562 in
827 2542 954 2572 corpore
965 2538 1049 2571 sunt,
1063 2532 1240 2572 disponere,
1254 2537 1286 2561 ut
1300 2533 1471 2563 secundum
1487 2541 1606 2564 natum

140 2579 238 2622 ipsius
263 2584 403 2615 ordinem
429 2586 562 2616 invicem
588 2590 770 2627 superentur
795 2591 827 2616 et
851 2592 1018 2626 superent:
1046 2587 1183 2616 morbum
1208 2591 1311 2616 autem
1335 2586 1482 2617 inducere
1506 2597 1604 2628 usque

141 2634 222 2665 adeo
236 2637 372 2677 corporis
388 2644 490 2679 partes
505 2640 643 2679 inficere,
659 2644 691 2670 ut
707 2645 815 2671 contra
831 2646 947 2670 naturae
963 2640 1061 2681 legem
1080 2640 1278 2670 dominentur
1292 2640 1372 2670 inter
1385 2650 1417 2670 se
1432 2639 1604 2681 subjician-

140 2691 266 2729 turque.
311 2689 424 2722 GLAu.
448 2692 504 2722 Est
530 2693 584 2725 ita.
630 2694 687 2724 So.
711 2693 829 2724 Eadem
859 2694 976 2724 ratione
998 2694 1152 2735 justitiam
1177 2700 1321 2736 praestare
1343 2692 1502 2734 cuiquam,
1526 2695 1604 2726 nihil

140 2746 188 2771 est
213 2741 311 2779 aliud,
334 2754 426 2785 quarn
452 2747 546 2777 animi
574 2754 675 2788 partes
700 2748 732 2778 in
759 2748 899 2779 ordinem
925 2759 1014 2779 suum
1038 2748 1191 2789 digerere,
1207 2753 1241 2778 ut
1267 2747 1307 2778 ad
1325 2753 1441 2778 naturae
1466 2759 1603 2780 normam

140 2802 271 2836 pareant
281 2802 374 2838 atque
391 2798 543 2840 imperent
557 2812 564 2831 ι
587 2801 772 2842 injustitiam
789 2812 872 2837 vero.
892 2808 925 2832 ut
941 2809 1048 2833 contra
1064 2810 1201 2833 naturam
1218 2806 1405 2842 exsuperent
1418 2801 1550 2834 invicem
1567 2813 1605 2835 nc

137 2849 353 2885 succumbant.
398 2851 513 2885 Guu.
536 2854 676 2887 Prorsus.
720 2855 777 2888 So.
801 2854 910 2887 Virtus
927 2856 1031 2898 igitur,
1045 2861 1079 2888 ut
1102 2860 1247 2899 apparet,
1262 2855 1377 2887 sanitas
1390 2856 1534 2898 quaednm
1557 2861 1606 2888 est
