1840 3225
197 260 275 299 488
753 258 1016 298 EPISTOLA
1047 260 1137 299 VII.
1569 262 1664 313 [341

190 362 357 404 sapientiae
381 367 546 398 amatores,
574 362 631 393 sed
658 361 860 403 opinionibus
888 364 1050 395 dumtaxat
1064 364 1259 396 extrinsecus
1271 366 1415 403 colorati,
1430 366 1531 397 instar
1543 376 1664 405 eorum.

190 418 247 458 qui
269 417 327 447 sub
347 417 414 447 sole
432 421 564 447 uruntur
578 422 673 458 atquc
689 417 877 455 colorantur,
894 429 966 449 cum
989 418 1179 456 audiverint,
1197 425 1274 461 quot
1289 419 1442 451 discenda
1456 421 1531 458 sint,
1547 426 1668 462 quanto

190 471 308 507 labore,
335 481 396 512 qua
420 471 601 512 quotidiani
630 471 732 502 victus
760 474 973 513 temperantia
1001 473 1210 515 philosophiae
1241 475 1352 506 studiis
1381 475 1571 511 necessaria,
1600 486 1669 506 rem

187 526 332 568 protinus
360 526 422 556 sibi
445 526 557 556 duram
576 526 870 569 impossibilemque
899 529 968 564 rati,
995 535 1029 559 ut
1054 539 1183 570 operam
1212 530 1291 561 dent
1317 530 1434 561 adduci
1447 541 1510 561 non
1525 537 1671 571 possunt.

189 579 288 622 [341]
314 581 457 622 plerique
472 591 546 611 vero
563 582 692 612 sibimet
706 582 899 623 persuadent
909 582 1101 613 sufficienter
1116 593 1149 614 se
1165 584 1271 614 omnia
1293 584 1358 625 jam
1375 584 1545 620 audivisse,
1560 594 1666 626 neque

188 634 294 665 studio
321 646 447 676 prorsus
472 636 538 666 ullo
565 637 696 667 ulterius
713 637 867 678 indigere.
889 638 957 668 haec
974 638 1084 679 utique
1101 638 1238 668 faciendi
1256 639 1389 680 periculi
1405 639 1485 669 ratio
1504 639 1671 680 perspicua

187 694 237 719 est
251 694 285 719 et
299 690 429 720 minime
445 690 550 727 fallax,
567 691 716 721 adversus
730 702 797 728 eos,
813 692 867 732 qui
882 693 1028 734 prosequi
1047 703 1108 733 prae
1125 693 1261 723 mollitie
1278 699 1442 734 nequeunt
1457 704 1464 723 :
1489 698 1526 723 ut
1548 693 1667 723 crimen

185 743 220 774 in
249 749 480 785 praeceptorem
507 744 640 784 rejicere
668 755 831 785 nunquam
860 747 992 787 possint,
1020 748 1077 777 sed
1103 747 1163 788 ipsi
1193 747 1258 788 jam
1287 758 1319 778 se
1350 747 1438 788 ipsos
1463 747 1504 778 ad
1531 757 1582 783 ea,
1598 757 1668 787 quae

187 798 422 839 philosophiam
448 798 575 835 decent,
600 798 783 839 peragenda
806 800 1012 839 redarguant,
1037 805 1073 830 ut
1087 800 1292 840 impotentes.
1315 801 1374 831 hac
1390 801 1501 841 utique
1518 800 1673 831 examinis

184 853 308 884 ratione
339 852 424 894 apud
451 852 643 894 Dionysium
667 858 743 883 tunc
768 863 844 883 usus
868 863 957 883 sum:
983 856 1099 884 cuncta
1122 864 1196 884 vero
1222 865 1283 885 nec
1309 865 1368 895 ego
1395 855 1534 895 percurri
1564 865 1670 896 neque

188 907 365 949 Dionysius
377 907 568 948 requirebat.
592 917 665 936 nam
679 911 766 937 erant
782 907 940 947 permulta
956 911 989 937 et
1003 907 1150 943 maxima,
1166 907 1199 937 in
1213 907 1329 948 quibus
1342 918 1376 938 se
1389 909 1464 938 satis
1479 908 1610 939 doctum
1625 910 1666 940 ob

186 972 236 998 ea,
254 972 322 1003 quae
335 962 375 993 ab
390 962 458 992 aliis
473 961 648 1003 audiverat,
664 961 836 992 existimari
852 961 1012 992 studebat.
1037 962 1131 992 audio
1147 972 1234 998 vero,
1249 962 1356 1002 ipsum
1372 961 1412 993 de
1428 962 1489 998 his,
1506 972 1575 1003 quae
1592 968 1667 994 tunc

185 1015 319 1053 audivit,
345 1015 507 1057 scripsisse
529 1020 651 1057 postea,
676 1016 766 1057 quasi
790 1022 889 1047 artem
913 1016 1076 1057 propriam
1089 1022 1352 1056 componentem:
1378 1027 1449 1048 curn
1463 1016 1545 1047 nihil
1563 1022 1669 1048 tamen

183 1071 296 1101 horum
320 1081 430 1102 revera
452 1071 596 1112 ipsorum
622 1071 751 1108 inesset,
779 1075 815 1101 ut
829 1070 978 1111 equidem
994 1070 1097 1101 audio.
1119 1070 1159 1101 de
1174 1070 1222 1101 his
1237 1080 1314 1101 vero
1329 1080 1388 1112 ego
1405 1070 1484 1102 nihil
1499 1071 1577 1101 certi
1593 1071 1670 1102 scio.

183 1125 263 1156 alios
288 1130 396 1156 tamen
423 1126 579 1167 quosdam
601 1125 676 1156 novi
701 1124 740 1156 de
763 1125 856 1156 rebus
870 1124 991 1155 eisdem
1009 1125 1182 1166 scriPsisse.
1206 1125 1386 1166 quicunque
1400 1135 1474 1156 vero
1491 1125 1523 1156 hi
1536 1125 1667 1162 fuerint,

184 1189 226 1211 ne
250 1180 312 1222 ipsi
338 1180 469 1221 quidem
497 1190 530 1211 se
559 1180 656 1221 ipsos.
680 1184 805 1210 tantum
820 1190 896 1210 vero
914 1179 1020 1210 dicam
1037 1179 1076 1210 de
1090 1179 1137 1210 his
1150 1180 1308 1216 omnibus,
1325 1179 1380 1221 qui
1395 1184 1450 1211 aut
1466 1179 1664 1221 scripserunt

183 1238 240 1265 aut
253 1234 401 1276 scripturi
415 1240 498 1272 sunt,
515 1245 548 1265 se
563 1235 641 1266 scire
659 1234 859 1271 affirmantes,
878 1244 948 1274 quae
961 1234 1026 1264 sint
1041 1245 1090 1271 ea,
1103 1245 1172 1275 quae
1186 1235 1254 1275 ipse
1265 1240 1416 1276 tanquam
1429 1234 1511 1265 seria
1523 1234 1666 1266 studiose

184 1288 332 1326 meditor,
358 1290 424 1321 sive
447 1300 467 1321 a
491 1300 540 1320 me
566 1289 633 1320 sive
660 1289 700 1320 ab
716 1289 786 1319 aliis
803 1289 993 1325 audiverint,
1011 1289 1077 1320 sive
1095 1294 1243 1330 tanquam
1261 1289 1443 1320 inventores
1457 1290 1520 1331 ipsi
1535 1290 1668 1326 suerint,

182 1342 262 1373 nihil
277 1354 332 1374 eos
346 1344 413 1385 ipsa
428 1344 468 1374 de
483 1353 515 1374 re
530 1353 602 1374 meo
613 1343 736 1384 judicio
748 1343 914 1383 percipere
930 1353 1035 1383 posse.
1059 1353 1120 1374 nec
1137 1343 1224 1373 enim
1238 1342 1277 1374 de
1293 1343 1373 1384 ipsis
1389 1343 1500 1384 scripsi
1525 1353 1666 1385 unquam

182 1407 242 1428 nec
259 1398 405 1429 scribam.
427 1397 462 1429 id
477 1407 613 1439 namque
625 1396 714 1427 nullo
731 1401 825 1438 pacto
839 1396 946 1427 verbis
964 1397 1101 1437 exprimi
1117 1401 1235 1437 potest,
1253 1397 1524 1438 quemadmodum
1552 1404 1668 1429 ceterae

183 1451 361 1494 disciplinae
376 1465 382 1483 :
422 1453 479 1483 sed
506 1463 548 1483 ex
579 1451 729 1482 diuturna
758 1450 840 1482 circa
864 1450 895 1481 id
927 1451 1035 1492 ipsum
1064 1451 1297 1482 consuetudine
1324 1452 1463 1494 vitaeque
1492 1452 1533 1483 ad
1561 1453 1666 1494 ipsum

182 1506 406 1548 conjunctione
430 1507 534 1538 subito
559 1506 699 1542 tandem,
726 1506 816 1546 quasi
841 1505 879 1535 ab
903 1505 977 1547 igne
995 1505 1186 1536 scintillanti
1200 1506 1308 1536 lumen
1324 1506 1494 1548 refulgens,
1511 1506 1545 1537 in
1561 1507 1666 1538 anima

181 1571 215 1592 se
242 1561 346 1602 ipsum
371 1563 437 1604 jam
463 1562 528 1592 alit.
551 1560 640 1602 atqui
664 1565 788 1590 tantum
813 1558 960 1600 equidem
985 1559 1062 1594 scio,
1089 1558 1242 1591 videlicet
1268 1559 1386 1600 scripta
1405 1571 1422 1590 a
1448 1570 1498 1590 me
1514 1561 1565 1592 vel
1581 1560 1667 1592 dicta

181 1615 302 1657 optime
317 1615 498 1646 dicerentur
513 1626 520 1645 :
543 1615 628 1645 male
642 1624 718 1644 vero
735 1612 852 1654 scripta
867 1623 931 1643 non
949 1612 1107 1643 minimam
1123 1613 1203 1643 mihi
1217 1612 1366 1644 afferrent
1378 1613 1567 1644 molestiam.
1582 1614 1667 1656 quod

181 1670 209 1701 si
226 1670 352 1712 scriptis
366 1670 419 1700 vel
431 1679 509 1700 voce
523 1667 713 1710 proferenda
727 1667 805 1698 mihi
820 1667 854 1697 in
867 1668 998 1708 vulgum
1013 1667 1208 1704 viderentur,
1227 1667 1381 1708 quidnam
1396 1667 1560 1709 pulchrius
1573 1668 1667 1698 nobis

179 1724 214 1755 in
238 1725 303 1755 vita
332 1724 402 1754 fieri
426 1729 547 1766 posset,
576 1733 668 1764 quam
691 1733 757 1753 rem
782 1722 1014 1753 valde‘utilem
1039 1722 1221 1752 hominibus
1245 1722 1369 1759 afferre,
1399 1727 1494 1763 atque
1523 1728 1667 1753 naturam

181 1780 330 1810 omnibus
354 1779 494 1820 proferre
517 1778 551 1809 in
575 1777 701 1808 lucem?
740 1782 774 1808 at
795 1787 870 1807 vero
897 1776 1037 1807 studium
1061 1776 1095 1806 in
1123 1777 1172 1806 his
1187 1776 1322 1807 edendis
1336 1777 1414 1807 utile
1430 1787 1500 1807 esse
1516 1787 1579 1808 non
1594 1787 1667 1808 reor

180 1834 374 1871 hominibus,
390 1834 449 1865 nisi
465 1833 636 1864 admodum
649 1831 771 1874 paucis,
789 1831 842 1873 qui
856 1831 1021 1867 videlicet,
1039 1831 1165 1872 exiguis
1181 1839 1254 1862 ante
1270 1831 1419 1872 vestigiis
1430 1831 1666 1869 demonstratis,

141 1925 144 1928 .
181 1889 223 1920 ad
237 1874 467 1920 inveniendum
480 1887 542 1929 ipsi
557 1897 687 1927 sagaces
701 1886 773 1917 sint.
795 1886 874 1917 alios
885 1896 959 1917 vero
975 1885 1091 1927 partim
1108 1891 1295 1927 contemptu
1309 1886 1444 1923 nefario,
1455 1887 1572 1927 partim
1582 1886 1666 1917 elata

182 1954 239 1985 spe
253 1953 397 1984 vanaque
411 1941 623 1983 implevisset,
639 1940 727 1982 quasi
740 1940 890 1981 praeclara
906 1941 1052 1980 quaedam
1072 1940 1137 1981 jam
1154 1940 1350 1971 didicissent.
1374 1940 1506 1982 proinde
1521 1939 1667 1982 longiora

181 1999 223 2029 de
246 1997 325 2039 ipsis
348 1996 454 2028 dicere
482 1995 630 2037 cogitavi.
653 1995 733 2025 forte
756 1994 853 2030 enim,
880 1994 907 2024 si
931 1995 1000 2024 haec
1028 1993 1184 2030 dicantur,
1201 1994 1347 2025 nonnihil
1363 1994 1403 2025 de
1419 1994 1478 2031 his,
1493 2005 1562 2036 quae
1578 1993 1663 2031 dico,

181 2052 294 2083 clarius
310 2049 485 2093 apparebit.
512 2049 610 2091 [342]
637 2055 687 2080 est
704 2059 838 2090 namque
853 2059 956 2080 sermo
973 2048 1102 2090 quidam
1117 2059 1222 2085 verus,
1240 2049 1371 2080 obstans
1384 2048 1434 2079 illi
1448 2048 1503 2090 qui
1516 2049 1556 2080 de
1573 2049 1664 2079 rebus

181 2106 338 2148 ejusmodi
360 2106 438 2137 nihil
464 2104 593 2135 omniuo
615 2104 711 2135 audet
726 2104 862 2135 scribere
876 2115 883 2133 :
908 2114 991 2144 saepe
1006 2103 1133 2145 quidem
1148 2113 1167 2134 a
1182 2113 1233 2134 me
1248 2102 1326 2134 alias
1343 2102 1446 2134 dictus
1460 2108 1494 2134 et
1516 2113 1612 2139 nunc,
1627 2109 1664 2134 ut

178 2160 315 2197 videtur,
338 2159 507 2195 dicendus,
532 2159 703 2199 unicuique
727 2158 879 2199 ipsorum,
907 2169 977 2199 quae
1000 2163 1085 2195 sunt,
1112 2158 1169 2188 tria
1194 2163 1278 2194 sunt,
1302 2168 1343 2188 ex
1359 2157 1473 2199 quibus
1496 2157 1661 2189 scientiam

179 2215 250 2246 fieri
277 2214 495 2246 necessarium
522 2213 574 2246 sit.
597 2218 742 2254 quartum
770 2213 841 2253 ipsa
868 2213 1002 2244 scientia
1030 2219 1098 2243 est:
1124 2213 1268 2253 quintum
1297 2222 1370 2243 vero
1398 2217 1526 2253 oportet
1553 2212 1658 2252 ipsum

179 2280 311 2312 ponere,
329 2269 412 2310 quod
429 2268 560 2310 quidem
585 2267 814 2309 cognoscibile,
831 2266 863 2298 id
880 2272 929 2298 est
945 2267 1030 2308 quod
1045 2267 1174 2308 agnosci
1189 2271 1304 2307 potest,
1323 2271 1418 2307 atque
1434 2276 1508 2297 vere
1522 2266 1658 2298 exsistit.

181 2326 293 2356 horum
307 2335 404 2355 unum
426 2329 474 2355 est
497 2334 625 2360 nomen,
644 2321 816 2354 secundum
832 2323 931 2353 oratio
945 2321 1011 2352 sive
1027 2321 1108 2352 ratio
1124 2321 1281 2362 quaedam,
1297 2321 1420 2351 tertium
1435 2320 1637 2352 simulacrum
1652 2333 1658 2351 ι

179 2379 314 2411 scientia
338 2384 496 2421 quartum.
521 2378 560 2409 de
585 2378 762 2419 unoquovis
785 2378 882 2418 igitur
902 2377 1024 2418 accipe,
1052 2376 1196 2417 cupiens,
1223 2376 1308 2417 quod
1337 2375 1433 2405 modo
1462 2373 1584 2406 dictum
1599 2381 1658 2411 est,

178 2433 325 2465 discere:
350 2435 456 2476 deque
480 2433 626 2465 omnihus
650 2432 795 2463 similiter
819 2433 933 2473 cogita.
959 2432 1093 2463 circulus
1123 2429 1244 2472 aliquid
1272 2429 1399 2466 dicitur,
1425 2429 1478 2460 cui
1493 2439 1609 2460 nomen
1624 2429 1658 2460 id

179 2494 238 2526 est,
256 2488 342 2530 quod.
356 2487 448 2519 modo
464 2487 756 2529 pronuntiabamus.
773 2487 915 2529 sequitur
931 2493 1035 2518 autem
1053 2487 1119 2529 ojus
1135 2485 1233 2516 oratio
1259 2484 1324 2514 sive
1349 2484 1428 2515 ratio
1443 2483 1602 2525 quaedam,
1617 2494 1660 2515 ex

176 2543 360 2573 nominibus
383 2542 551 2583 verbisque
575 2542 760 2583 composita.
791 2541 879 2583 quod
906 2541 990 2572 enim
1021 2541 1061 2571 ab
1087 2540 1237 2571 extremis
1261 2539 1301 2569 ad
1325 2538 1469 2569 medium
1491 2539 1654 2581 aequalitet

179 2596 319 2638 undique
342 2596 451 2638 distat,
474 2596 561 2627 illius
584 2596 666 2626 ratio
692 2604 758 2627 est:
783 2595 870 2637 quod
891 2594 1019 2626 rotundi
1035 2600 1068 2625 et
1083 2594 1343 2626 circumferentiae
1359 2598 1390 2624 et
1404 2593 1512 2624 circuli
1529 2594 1655 2625 nomine

178 2652 391 2692 designamus.
414 2650 541 2681 tertium
565 2661 641 2681 vero
664 2651 798 2687 scilicet,
826 2650 911 2691 quod
930 2650 1036 2691 pictus
1051 2649 1187 2680 circulus
1204 2648 1257 2684 sit,
1272 2648 1324 2678 vel
1340 2648 1476 2684 deletus,
1494 2653 1547 2678 aut
1562 2653 1653 2679 torno

176 2706 290 2742 sactus,
316 2706 368 2735 vel
391 2705 583 2737 destructus.
606 2715 737 2746 quorum
760 2705 835 2735 nihil
860 2706 929 2746 ipse
954 2704 1100 2738 circulus.
1128 2704 1210 2734 circa
1235 2714 1326 2744 quem
1342 2704 1408 2733 haec
1424 2702 1550 2743 singula
1564 2708 1649 2739 sunt,

177 2760 306 2803 patitur,
334 2764 444 2796 utpote
470 2760 554 2790 aliud
570 2760 719 2801 quiddam
735 2760 902 2790 exsistens.
926 2765 1069 2801 quartum
1084 2764 1190 2789 autem
1213 2757 1347 2788 scientia
1360 2761 1411 2787 est
1425 2761 1458 2786 et
1471 2756 1655 2787 intellectus

177 2821 272 2857 atque
286 2824 360 2844 vera
374 2814 456 2844 circa
471 2814 538 2844 hirc
554 2814 674 2855 opinio.
697 2815 755 2844 hoc
772 2824 873 2844 rursus
886 2818 985 2844 totum
1001 2818 1149 2853 tauquam
1171 2823 1266 2842 unum
1289 2817 1337 2841 est
1358 2809 1553 2851 ponendum,
1569 2809 1656 2851 quod

177 2880 237 2901 nec
259 2868 291 2899 in
316 2867 448 2898 vocibus
471 2877 527 2898 nce
550 2868 581 2897 in
607 2878 775 2908 corporum
802 2867 909 2909 liguris
923 2874 982 2902 est,
1000 2866 1057 2897 sed
1071 2865 1186 2896 animis
1204 2877 1210 2895 :
1236 2865 1372 2906 ideoque
1387 2863 1592 2895 manifestum
1606 2870 1656 2894 est

176 2923 261 2955 aliud
288 2933 368 2956 esse,
396 2932 488 2963 quam
512 2921 551 2951 sit
578 2922 647 2963 ipsa
662 2922 767 2953 circuli
785 2928 904 2958 natura,
923 2931 1088 2962 rursusque
1103 2920 1190 2951 aliud
1206 2930 1301 2960 quam
1316 2918 1375 2949 tria
1389 2918 1457 2955 illa,
1471 2929 1542 2960 qua·
1555 2929 1652 2960 supra

176 2977 325 3010 diximus.
347 2977 458 3007 horum
482 2986 555 3007 vcro
579 2987 619 3007 cx
649 2987 779 3008 numero
810 2977 995 3008 intellectus
1025 2974 1213 3017 cognatione
1243 2973 1514 3014 similitudineque
1542 2972 1654 3014 quinto
