1840 3225
271 221 349 260 416
864 218 1124 259 PLATONiS
1626 222 1722 273 [898

269 326 378 367 possit.
402 325 495 357 tutius
510 324 593 356 enim
609 323 794 360 videbimus,
811 324 836 355 si
853 323 894 356 ad
907 325 1079 367 imaginem
1093 324 1162 366 ejus
1185 323 1398 366 respiciamus.
1443 323 1521 356 Cu.
1537 324 1610 362 Quo
1632 328 1726 365 pacto

269 378 347 410 dicis
362 379 374 409 ?
419 379 556 411 ATHEN.
581 378 766 415 Videamus,
783 377 833 409 cui
851 379 1044 420 potissimum
1059 379 1170 410 decem
1184 379 1309 409 illarum
1323 379 1530 420 agitationum
1551 378 1663 409 similis
1684 378 1727 409 sit

266 434 456 471 intellectus,
474 439 509 464 ut
520 439 667 474 tanquam
682 433 820 474 imagine
835 434 893 464 hac
908 439 1040 464 utamur.
1055 444 1124 464 eam
1140 444 1198 474 ego
1214 433 1245 464 in
1261 434 1444 464 memoriam
1464 433 1549 464 vobis
1565 432 1724 468 reducam,

268 492 299 519 et
315 499 372 530 pro
384 488 527 519 omnibus
541 487 750 528 respondebo.
795 486 872 518 Cu.
896 487 1036 528 Optime.
1083 487 1221 518 amm.
1244 487 1431 519 Meminisse
1447 492 1570 528 oportet
1588 491 1622 517 et
1646 485 1726 516 illud

267 551 286 572 a
302 543 391 573 nobis
405 543 439 573 in
454 542 660 584 superion'bus
676 553 742 573 esse
754 542 884 578 dictum,
901 543 1051 579 omnium,
1066 552 1135 583 quae
1149 547 1232 579 sunt,
1246 542 1308 573 alia
1324 548 1417 578 stare,
1432 542 1494 572 alia
1505 552 1578 572 vero
1590 541 1723 572 moveri.

267 595 344 626 CLr.
366 595 416 627 Sic
432 596 548 626 dictum
564 596 635 626 fm't.
679 596 775 637 [898]
800 596 936 626 Arm-:ixx
955 597 1040 632 Quin
1057 596 1150 626 etiam
1167 606 1283 632 comm,
1299 607 1368 637 quae
1383 600 1558 634 moventur,
1572 595 1725 625 nonnulla

263 660 328 680 uno
345 650 376 679 in
398 649 477 686 loco,
502 650 653 680 nonnulla
680 651 712 680 in
735 650 875 691 pluribus
905 651 1026 691 agitari.
1071 651 1146 681 CLr.
1171 650 1239 681 Hoc
1269 661 1406 691 quoque.
1451 650 1592 680 Arnim.
1613 649 1725 679 Motus

264 708 381 740 autem,
396 705 449 745 qui
465 715 587 745 semper
598 705 632 735 in
649 716 709 735 uuo
725 705 773 745 fit,
794 705 970 736 necessario
997 705 1077 736 circa
1105 704 1239 735 medium
1268 705 1395 746 aliquod
1420 704 1532 745 agitur,
1563 708 1594 734 et
1617 703 1725 734 circuli

261 762 352 789 torno
365 759 500 789 confecti
524 759 634 789 similis
658 764 726 789 est:
753 759 889 800 ideoque
905 760 1020 789 mentis
1044 759 1206 790 circuitum
1232 770 1287 800 pro
1318 759 1432 790 viribus
1452 758 1600 789 imitatur.
1645 755 1724 787 Cu.

265 813 433 849 Quomodo
443 813 478 843 id
503 813 606 844 dicis?
652 813 788 844 A‘rnEN.
811 813 873 844 Per
902 813 1010 844 eadem
1041 818 1137 850 certe,
1165 813 1278 844 eodem
1302 814 1405 850 modo,
1431 813 1464 843 in
1492 813 1614 848 eodem,
1639 812 1724 842 circa

262 866 384 903 eadem,
401 868 440 898 ad
457 867 577 904 eadem,
593 878 656 898 una
668 867 790 898 ratione
806 873 838 898 et
853 868 962 898 ordine
979 878 1042 898 uno
1054 868 1127 898 ferri
1152 867 1284 908 utra'que
1310 878 1424 898 assero.
1446 877 1560 907 nempe
1583 867 1610 896 si
1635 865 1723 896 dica-

261 931 329 951 mus
343 926 480 952 mentem
495 926 687 962 motumque,
703 922 757 962 qui
772 921 806 951 in
822 932 885 951 uno
902 921 946 957 fit,
963 922 1091 961 spbaerae
1106 927 1197 952 torno
1221 921 1372 952 confectae
1398 921 1568 952 lationibus
1593 920 1722 955 similes,

259 984 420 1016 nunquam
447 974 541 1005 rudes
565 975 714 1005 bonarum
743 975 918 1016 imaginum
947 975 1077 1016 opifices
1103 976 1230 1008 erimus.
1291 975 1369 1006 Cu.
1406 975 1510 1005 Recte
1540 973 1721 1005 admodum.

259 1027 398 1061 ΑΤΗΕΝ.
423 1029 540 1060 Contra
554 1040 627 1070 ergo
639 1034 752 1064 motus,
769 1029 821 1070 qui
834 1039 995 1070 nunquam
1009 1030 1160 1066 similiter,
1175 1041 1234 1061 nec
1249 1040 1306 1071 per
1319 1030 1441 1065 eadem,
1456 1039 1516 1059 nec
1542 1029 1575 1059 in
1596 1029 1720 1068 eodem,

258 1093 361 1124 neque
377 1084 460 1114 circa
474 1083 598 1119 eadem,
614 1093 718 1124 neque
747 1083 788 1113 ad
811 1084 933 1119 eadem,
949 1093 1052 1124 neque
1077 1084 1112 1114 in
1132 1094 1196 1114 uno
1216 1084 1314 1114 fertur
1337 1094 1397 1114 nec
1422 1083 1530 1114 ordine
1555 1088 1588 1112 et
1610 1087 1721 1113 ornatu

257 1138 438 1178 rationeque
464 1137 578 1178 aliqua,
608 1138 693 1167 omni
723 1138 863 1178 profecto
892 1138 1037 1168 amentiae
1063 1144 1215 1179 cognatus
1245 1143 1303 1169 est.
1355 1137 1433 1168 Cu.
1468 1137 1583 1168 Procul
1613 1135 1718 1167 dubio.

258 1191 396 1223 ATHEN.
419 1191 440 1222 J
442 1201 492 1222 am
504 1202 577 1233 ergo
593 1196 700 1232 aperte
714 1201 878 1231 possumus
892 1191 1038 1227 clamare,
1054 1203 1125 1223 cum
1140 1194 1179 1222 ab
1193 1193 1298 1223 anima
1310 1197 1424 1223 cuncta
1439 1192 1720 1225 circumducantur,

256 1245 466 1277 necessarium
479 1255 561 1281 esse,
576 1245 647 1275 coeli
662 1245 821 1276 circuitum
836 1255 854 1275 a
868 1251 1053 1286 procurante
1067 1252 1303 1287 exornanteque
1318 1247 1421 1277 anima
1434 1245 1637 1281 circumduci,
1653 1246 1719 1276 sive

256 1300 375 1342 optima
390 1300 445 1330 illa
461 1299 590 1340 quidem
602 1299 666 1329 sive
684 1299 847 1331 contraria.
895 1299 973 1330 Cm.
997 1299 1054 1336 At,
1071 1301 1197 1341 hospes,
1212 1311 1249 1331 ex
1266 1300 1359 1331 dictis
1379 1300 1449 1342 jam
1473 1300 1616 1342 appami't
1629 1300 1721 1330 nefas

257 1364 327 1386 esse
341 1354 433 1384 aliter
447 1353 563 1390 dicere,
579 1364 673 1395 quam
688 1353 727 1384 ab
745 1354 849 1384 anima
865 1354 951 1384 omni
967 1354 1079 1384 virtute
1099 1355 1225 1392 referta,
1240 1355 1306 1385 sive
1330 1365 1393 1385 una
1409 1365 1464 1385 seu
1485 1354 1636 1395 pluribus,
1652 1355 1720 1384 haec

256 1406 362 1436 omnia
373 1407 554 1448 circumagi.
600 1408 735 1438 Amas.
760 1407 890 1449 Optime
906 1413 951 1444 tu,
967 1409 1083 1445 Clinia,
1098 1409 1223 1450 citoque
1249 1410 1317 1439 haec
1340 1409 1536 1440 intellexisti.
1559 1409 1615 1439 sed
1639 1408 1718 1439 illud

256 1460 351 1493 adde.
396 1461 472 1493 Cu.
498 1462 680 1498 Quidnam?
728 1461 868 1492 Arm-m.
891 1463 922 1493 Si
936 1463 1045 1499 solem,
1061 1464 1167 1494 lunam
1190 1469 1357 1505 ceteraque
1384 1463 1487 1494 sidera
1507 1463 1609 1494 anima
1631 1462 1720 1492 ducit

256 1519 380 1551 cuncta,
404 1526 510 1546 nonne
535 1516 659 1557 singula
684 1516 832 1557 quoque?
880 1515 957 1547 Cu.
981 1516 1126 1553 Quidni?
1173 1517 1311 1548 Aruns.
1336 1517 1388 1548 De
1416 1527 1479 1548 uno
1505 1518 1598 1558 igitur
1623 1517 1719 1547 verba

253 1567 418 1605 faciamus,
447 1580 516 1611 quae
531 1570 620 1600 astris
650 1570 796 1600 omnibus
825 1576 959 1611 possunt
983 1571 1224 1602 accommodari.
1270 1572 1347 1603 Cu.
1370 1571 1422 1602 De
1447 1571 1532 1612 quo?
1578 1570 1718 1601 Arnen.

253 1621 336 1653 Solis
352 1623 480 1664 quidem
495 1634 610 1664 corpus
632 1634 741 1654 omnes
764 1624 906 1655 homines
930 1624 1053 1661 vident,
1081 1626 1219 1656 animam
1245 1636 1358 1656 nemo:
1382 1636 1443 1656 nec
1466 1625 1562 1656 etiam
1590 1625 1716 1655 alterius

254 1677 433 1707 animalium
448 1678 595 1718 corporis,
618 1689 676 1708 nec
691 1678 755 1708 vivi
784 1688 845 1709 nec
870 1679 995 1710 mortui.
1017 1679 1114 1721 idque
1136 1690 1235 1721 genus
1258 1691 1328 1711 cum
1351 1681 1438 1711 nullo
1462 1680 1598 1722 corporis
1623 1690 1717 1710 sensu

253 1731 455 1773 percipiatur,
469 1733 533 1763 sola
550 1737 656 1762 mente
669 1732 960 1774 comprehenditur.
983 1744 1077 1774 quare
1092 1739 1125 1765 et
1140 1745 1196 1765 nos
1210 1736 1250 1765 de
1267 1736 1336 1776 ipso
1352 1736 1411 1766 hoc
1427 1734 1493 1766 sola
1508 1735 1717 1776 intelligentia

253 1786 424 1826 capiamus.
469 1787 546 1819 CLr.
571 1787 757 1824 Quidnam?
803 1787 943 1818 Anum.
967 1788 1049 1819 Cum
1063 1789 1161 1819 solem
1184 1789 1288 1820 anima
1305 1795 1436 1826 moveat,
1452 1791 1479 1820 si
1492 1789 1585 1820 trium
1609 1790 1716 1819 modo-

251 1840 441 1881 rum'aliquo
456 1842 494 1871 ab
511 1851 550 1871 ea
565 1841 632 1871 fieri
648 1842 706 1872 hoc
718 1842 894 1878 asserimus,
922 1842 1053 1873 fortasse
1077 1853 1141 1874 non
1167 1844 1386 1875 aberrabimus.
1430 1844 1506 1876 cm.
1529 1845 1617 1881 Quos
1637 1844 1717 1874 dicis

252 1893 383 1924 modos?
428 1894 567 1927 ATHEN.
599 1896 695 1933 Quod
721 1897 772 1926 vel
803 1896 886 1927 intus
906 1897 939 1926 in
967 1898 1025 1928 hoc
1054 1898 1186 1929 rotundo
1214 1909 1341 1940 corpore
1366 1899 1459 1936 inest,
1484 1904 1602 1939 et‚quo
1628 1898 1715 1933 libet,

250 1947 353 1988 ipsum
375 1950 542 1987 transfert;
571 1950 832 1991 quemadmodum
861 1961 920 1981 nos
940 1952 1045 1982 anima
1066 1958 1183 1989 nostra,
1206 1963 1268 1994 quo
1293 1953 1379 1989 libet,
1410 1952 1514 1984 ducit:
1541 1952 1637 1994 [1399]
1661 1952 1713 1982 vel

249 2001 319 2042 ipsa
334 2002 406 2033 foris
417 2003 547 2045 quidem
562 2010 620 2040 est,
637 2010 671 2035 et
685 2016 796 2046 corpus
813 2005 941 2047 aliquod
953 2006 1036 2047 ignis
1053 2007 1102 2037 vel
1119 2009 1199 2038 aeris
1214 2013 1318 2045 nacta,
1341 2012 1376 2038 ut
1389 2007 1514 2049 quidam
1537 2007 1636 2042 aiunt,
1657 2016 1714 2047 per

250 2056 315 2087 vim
326 2068 439 2098 corpus
455 2069 581 2099 corpore
595 2059 710 2100 pellit:
739 2061 789 2091 vel
803 2060 906 2097 tertio,
920 2062 1063 2102 quamvis
1079 2062 1148 2103 ipsa
1169 2063 1255 2093 nuda
1280 2073 1408 2104 corpore
1429 2062 1481 2097 sit,
1507 2061 1581 2104 quia
1605 2066 1713 2091 tamen

250 2110 327 2141 alias
344 2112 423 2142 vires
434 2123 527 2153 supra
540 2114 670 2143 modum
691 2114 852 2145 mirabiles
878 2116 982 2151 habet,
1008 2116 1101 2146 facile
1129 2117 1226 2147 ducit.
1272 2117 1349 2148 Cu.
1374 2116 1468 2148 Certe
1492 2126 1555 2146 uno
1585 2115 1711 2146 istorum

249 2165 414 2196 modorum
428 2166 467 2196 ab
478 2167 582 2197 anima
597 2167 707 2207 agitari
723 2176 836 2199 cuncta
851 2179 982 2200 necesse
1006 2177 1064 2200 cst.
1110 2170 1250 2202 Arnen.
1276 2171 1409 2202 Praestat
1433 2175 1549 2205 autem,
1577 2176 1622 2204 ut,
1646 2170 1710 2199 sive

251 2228 338 2249 curru
353 2220 489 2260 quodam
501 2221 689 2251 intrinsecus
715 2227 823 2252 teneat
850 2234 961 2265 corpus
986 2224 1066 2254 iliud
1091 2225 1159 2266 ejus
1183 2225 1297 2261 anima,
1326 2224 1495 2266 lumenque
1520 2226 1563 2254 ita
1592 2224 1713 2254 cunctis

249 2273 404 2311 effundat,
432 2274 496 2305 sive
522 2275 596 2305 foris
623 2276 674 2311 sit,
706 2286 761 2306 seu
789 2277 1069 2319 quomodocunque
1098 2279 1166 2319 quis
1194 2279 1359 2320 excogitet,
1387 2278 1493 2309 Deum
1515 2288 1581 2309 csse
1609 2278 1712 2319 ipsam

251 2337 359 2359 omnes
375 2328 567 2360 arbitremur.
591 2340 629 2360 an
656 2330 769 2361 aliter?
817 2332 893 2363 CLr.
916 2332 965 2362 Ita
982 2339 1078 2368 certe,
1105 2333 1164 2363 nisi
1181 2333 1251 2374 quis
1266 2339 1401 2363 extrema
1423 2333 1583 2363 dementia
1603 2338 1711 2362 tenea·

248 2386 310 2412 tur.
338 2381 491 2413 ‚Arriam
514 2383 565 2414 De
580 2384 732 2415 universis
746 2391 895 2426 praeterea
918 2387 1018 2417 stellis
1042 2393 1075 2417 ot
1103 2387 1186 2423 luna,
1213 2389 1315 2424 annis,
1345 2387 1503 2418 mensibus
1528 2386 1710 2428 cunctisque

248 2436 449 2478 temporibus,
481 2437 558 2479 quid
585 2437 671 2468 aliud
702 2449 792 2480 quam
823 2440 882 2470 hoc
912 2441 1018 2481 ipsum
1048 2441 1213 2472 dicemus?
1259 2442 1407 2483 quoniam
1437 2442 1540 2472 anima
1566 2448 1619 2471 aut
1644 2442 1711 2472 aui-

250 2500 308 2521 mae
330 2491 473 2522 omnibus
497 2492 665 2523 virtutibus
690 2492 829 2534 praeditae
858 2495 967 2525 horum
990 2496 1130 2526 omnium
1155 2506 1257 2526 causae
1280 2496 1499 2527 demonstratae
1515 2502 1599 2531 sunt,
1622 2495 1710 2526 Deos

249 2554 318 2575 esse
335 2555 388 2575 eas
404 2545 632 2582 affirmabimus,
655 2547 722 2578 sive
737 2547 769 2578 in
787 2548 966 2589 corporibus
981 2549 1043 2579 sint
1065 2556 1095 2580 et
1112 2555 1259 2592 tanquam
1276 2550 1423 2581 animalia
1437 2549 1579 2591 quadarn
1595 2550 1709 2582 coelum

248 2602 349 2629 totum
377 2606 540 2636 exornent,
567 2601 634 2631 sive
662 2601 944 2644 quomodocunque
971 2603 1062 2634 aliter
1087 2615 1180 2645 agere
1207 2605 1237 2635 id
1255 2604 1410 2636 dicantur.
1455 2603 1532 2634 CLr.
1556 2603 1707 2634 Omnino.

249 2652 388 2683 Arnim.
411 2653 461 2684 Ita
485 2664 559 2695 ergo
586 2655 653 2686 istis
676 2657 844 2693 concessis,
874 2659 1028 2698 poteritne
1057 2659 1169 2700 aliquis
1195 2669 1322 2700 negare,
1339 2659 1434 2700 plena
1449 2657 1589 2688 Deorum
1604 2659 1709 2688 omnia

249 2707 345 2737 esse?
391 2707 466 2739 Cu.
489 2708 602 2740 Nullus
619 2711 698 2741 adeo
715 2716 820 2742 mente
837 2719 947 2753 captus
962 2719 1020 2749 est,
1037 2714 1163 2754 hospes.
1208 2714 1344 2744 Arnen.
1368 2713 1406 2743 Ei
1429 2722 1514 2753 ergo,
1542 2711 1597 2753 qui
1620 2711 1708 2742 Deos

249 2770 320 2791 esse
337 2767 444 2802 negat,
459 2762 571 2802 positis
589 2764 740 2801 terminis,
756 2776 775 2796 o
788 2765 895 2797 Clinia
910 2774 943 2797 et
955 2767 1101 2808 Megillo,
1117 2778 1290 2798 sermonem
1303 2767 1369 2809 jam
1382 2767 1608 2808 relinquamus.
1630 2766 1708 2797 Cu.

252 2814 339 2851 Quos
363 2815 514 2846 terminos
541 2817 760 2859 imponemus?
805 2820 942 2852 Arum.
967 2821 1023 2855 Ut,
1037 2822 1087 2853 vel
1112 2823 1224 2853 doceat
1238 2833 1295 2853 nos
1309 2832 1371 2852 non
1386 2827 1470 2852 recte
1485 2819 1619 2861 opinari,
1635 2830 1706 2851 cum

250 2869 387 2900 animam
414 2871 646 2911 generationem
672 2874 803 2914 primam
830 2875 968 2906 omnium
985 2875 1138 2913 dicimus;
1163 2880 1328 2918 ceteraque
1345 2886 1362 2906 a
1377 2875 1467 2906 nobis
1480 2881 1706 2915 consequenter

251 2921 335 2953 dicta
350 2932 424 2954 vera
438 2934 501 2955 non
517 2935 603 2955 esse:
632 2926 679 2957 vel
696 2927 722 2958 si
739 2928 814 2960 nihil
829 2929 940 2962 melius
956 2940 1047 2972 quam
1065 2941 1122 2962 nos
1135 2932 1239 2962 dicere
1251 2936 1364 2971 potest,
1378 2929 1468 2961 nobis
1481 2929 1599 2966 credat,
1615 2933 1648 2960 et
1661 2929 1704 2959 ita
