1840 3225
120 245 214 296 391]
525 242 597 280 DE
628 237 934 279 REPUBLICA
967 237 1064 276 LIB.
1098 238 1169 275 ΙΙΙ.
1502 238 1572 274 117

117 349 150 380 ἰη
164 347 290 379 civitate
306 345 506 377 mentientem
522 354 558 375 ex
574 353 677 374 eorum
695 352 817 383 genere,
833 341 886 382 qui
903 340 1038 371 artifices
1054 345 1138 380 sunt,
1155 344 1254 371 vatem
1270 338 1415 370 videlicet
1432 339 1478 368 vel
1496 349 1575 369 mor-

118 403 225 432 borum
242 401 394 432 medicum
409 399 457 430 vel
473 398 636 439 lignarium
652 396 786 436 fabrum,
801 406 871 425 eum
890 395 1000 435 punito
1016 400 1163 435 tanquam
1180 405 1242 424 rem
1257 394 1414 434 quandam
1441 393 1575 423 inferen-

120 461 196 494 tem,
211 466 246 485 ex
263 464 324 496 qua
344 452 478 484 civitatis
506 451 615 492 ipsius,
633 450 728 481 veluti
756 449 854 484 navis,
869 447 1037 479 submersio
1062 454 1094 478 et
1120 447 1272 489 pernicies
1295 448 1445 488 sequitur.
1491 448 1573 476 Ani.

118 509 169 539 Sic
185 509 278 550 plane
295 508 462 549 agendum,
478 505 503 536 si
531 505 656 546 quidem
685 514 825 534 sermone
851 513 944 544 opera
969 507 1170 542 peraguntur.
1214 501 1269 532 So.
1294 501 1379 538 Quid
1407 500 1576 541 praeterea?

119 573 225 593 nonne
241 561 445 603 temperantia
469 559 581 590 nostris
606 558 858 589 adolescentibus
883 567 963 598 opus
988 556 1066 586 erit?
1111 555 1195 586 Am.
1220 555 1349 595 Absque
1372 555 1478 585 dubio.
1525 554 1578 584 So.

117 615 344 658 Temperantiae
361 619 463 644 autem
480 623 583 643 nonne
599 613 665 643 haee
682 613 755 643 talia
770 612 875 653 quoad
890 611 1031 641 subditos
1048 610 1179 640 maxima
1194 615 1277 649 sunt,
1292 615 1325 638 ut
1351 609 1496 639 videlicet
1521 608 1577 638 ob-

122 674 295 710 temperent
312 667 560 708 magistratibus:
586 666 690 707 quoad
706 665 790 706 ipsos
805 670 908 695 autem
925 663 1094 704 principes.
1116 669 1151 694 ut
1176 664 1216 693 ad
1245 672 1442 693 venet-eorum
1471 661 1577 702 epula-

119 732 248 763 rumque
277 726 310 751 et
336 720 518 762 poculorum
547 730 636 750 usum
665 721 862 750 continentes
891 718 974 748 sint?
1021 717 1103 749 Anr.
1134 717 1218 747 Mihi
1243 726 1317 747 sane
1343 716 1476 746 videtur.
1520 715 1577 745 So.

120 775 199 806 Haec
215 775 318 816 itaque
334 774 406 804 talia
421 774 500 804 bene
514 773 599 804 dicta
613 773 868 812 asseverabimus,
882 771 985 813 qualia
1008 772 1092 812 apud
1118 771 1287 801 Homerum
1314 770 1487 800 Diomedes
1513 769 1556 799 ait
1570 779 1577 797 ε

121 830 195 866 Eia,
208 839 281 869 age,
293 828 419 860 silencio
429 827 566 866 conside,
578 837 614 858 ac
631 827 708 858 meis
724 826 827 858 verbis
841 826 1027 866 obtempera.
1049 831 1079 856 et
1095 825 1156 854 alia
1172 824 1217 854 his
1227 823 1358 855 similia:
1382 823 1476 854 Ibant
1488 822 1582 853 robur

120 884 261 925 efflantes
267 882 385 914 Achivi
395 882 634 922 sitmhostuces
645 881 802 912 timentes.
819 885 850 909 et
861 879 933 918 alia,
941 889 1136 920 quaecunque
1146 878 1178 908 in
1187 879 1268 908 hanc
1276 876 1462 907 sententiam
1471 875 1582 906 dicun-

120 944 181 967 tur.
210 936 291 967 on.
306 936 420 967 Probe.
464 935 521 966 So.
537 934 623 971 Quid
640 939 743 964 autem
759 933 844 965 haec?
874 933 1046 972 Vinolente,
1058 931 1146 963 canis
1159 931 1261 963 oculos
1275 930 1400 971 habens,
1414 939 1467 960 cor
1476 933 1582 961 aulem

121 991 205 1022 cervi
230 989 326 1032 [390]
352 995 384 1020 et
397 994 510 1025 cetera,
526 999 596 1029 quae
613 993 795 1030 sequuntur,
811 986 953 1027 nunquid
971 992 1052 1017 recte
1067 987 1077 1016 ?
1101 992 1133 1017 et
1146 986 1206 1016 alia
1217 984 1581 1026 hujuscemodiipsorum

122 1045 309 1086 privatorum
324 1043 356 1074 in
371 1042 543 1084 superiores
559 1042 691 1083 superbe
707 1041 804 1079 dicta,
817 1040 881 1071 sive
896 1040 965 1082 quis
980 1039 1081 1070 soluta
1095 1040 1128 1070 in
1146 1039 1285 1070 oratione
1300 1038 1364 1069 sive
1377 1036 1523 1079 poemate
1535 1036 1581 1066 in-

123 1103 214 1135 serat,
232 1108 271 1128 an
285 1103 366 1128 recte
380 1096 552 1128 dicuntur?
598 1094 681 1127 Am.
706 1094 927 1136 Nequaquam.
973 1094 1029 1124 So.
1052 1093 1126 1123 Non
1151 1093 1234 1123 enim
1258 1091 1399 1123 existimo
1425 1092 1464 1121 ad
1488 1090 1581 1131 juve-

123 1162 198 1182 num
214 1150 448 1192 temperantiam
462 1151 542 1185 haec,
559 1155 594 1180 ut
609 1149 788 1186 audiantur,
802 1148 953 1179 conferre.
978 1147 1053 1178 nihil
1081 1152 1184 1178 autem
1211 1147 1331 1183 mirum,
1347 1144 1373 1175 si
1399 1155 1462 1186 quo
1487 1145 1580 1175 modo

123 1205 292 1236 delectent.
316 1204 365 1235 vel
394 1204 551 1245 quomodo
580 1203 634 1234 tibi
663 1202 808 1232 videtur?
854 1201 936 1232 ADr.
959 1201 1018 1232 Ita.
1065 1201 1123 1232 So.
1148 1200 1235 1237 Quid
1262 1205 1364 1230 autem
1382 1199 1392 1228 ?
1417 1197 1580 1229 videturne

122 1259 179 1290 tibi
194 1258 342 1289 idoneum
358 1268 424 1288 esse
441 1258 500 1288 hoc
510 1256 621 1297 juveni
647 1256 686 1286 ad
714 1255 939 1286 continentiam
966 1255 1231 1295 consequendam,
1246 1253 1271 1283 si
1297 1253 1423 1294 quando
1448 1252 1582 1283 audierit

121 1312 218 1342 virum
236 1310 497 1352 sapientissimum
513 1310 597 1351 apud
615 1309 740 1351 poe'tam
757 1309 798 1340 ita
817 1309 1009 1350 loquentem,
1027 1308 1279 1340 Pulcherrimum
1293 1307 1429 1338 omnium
1443 1315 1509 1337 esse
1522 1305 1581 1336 mi-

122 1366 155 1397 Ιιὶ
170 1366 306 1405 videtur,
321 1375 390 1396 cum
401 1366 502 1406 plenoe
515 1365 630 1396 adsunt
646 1373 761 1395 mensoe
775 1363 908 1404 dapibus
933 1362 1147 1403 carnibusque,
1163 1362 1270 1393 vinum
1292 1364 1396 1392 autem
1421 1370 1436 1391 e
1462 1363 1584 1391 cratere

123 1419 271 1451 hauriens
279 1419 426 1460 pincerna
432 1418 552 1459 poculis
565 1417 704 1456 infundit
716 1421 810 1457 atque
823 1417 1022 1455 circumfert?
1039 1416 1085 1446 vel
1099 1416 1418 1453 illud‚Miserrimum
1427 1414 1585 1452 essefamc

121 1473 226 1514 perire
240 1477 270 1504 et
285 1476 400 1504 sortem
411 1473 513 1504 subire
524 1473 707 1503 adversam?
730 1472 792 1502 sive
805 1482 874 1502 cum
889 1471 1001 1502 dicitur
1009 1470 1029 1502 J
1032 1481 1119 1501 ovem
1129 1471 1238 1501 ceteris
1249 1476 1312 1501 turn
1326 1469 1397 1501 Diis
1407 1475 1471 1500 tum
1486 1469 1584 1500 homi-

123 1527 216 1558 nibus
225 1526 459 1563 dormientibus,
468 1525 697 1567 omnium,quae
709 1525 868 1566 vigilando
882 1530 1075 1561 tractaverat,
1087 1524 1187 1556 coitus
1198 1524 1372 1566 cupiditate
1384 1523 1525 1559 oblitum¹
1535 1534 1584 1554 us-

123 1591 186 1621 que
197 1580 276 1611 adeo
293 1579 422 1610 libidine
438 1579 612 1621 perculsum
629 1590 706 1616 esse,
723 1585 758 1610 ut
769 1579 872 1620 quoad
886 1579 1100 1620 cubileipsum
1114 1579 1306 1619 ascenderet,
1318 1589 1381 1608 non
1393 1578 1583 1615 sustinuerit,

124 1635 178 1665 sed
195 1634 310 1672 ibidem
325 1633 411 1664 humi
426 1634 577 1675 congredi
592 1633 695 1663 statim
712 1633 856 1669 voluerit,
873 1633 982 1664 dicens
998 1632 1220 1664 vehementiori
1235 1643 1267 1662 se
1288 1632 1437 1673 cupidine
1460 1632 1584 1662 inflam-

125 1688 198 1718 mari
215 1698 307 1728 quarn
323 1687 409 1724 olim,
424 1697 494 1718 cum
510 1687 641 1729 primum
658 1698 743 1718 caros
759 1687 890 1717 latentes
915 1686 1071 1728 genitores
1095 1686 1227 1717 invicem
1254 1686 1410 1727 congressi
1434 1685 1558 1717 suerunt
1572 1687 1583 1716 ?

127 1742 191 1772 sive
216 1752 287 1773 cum
312 1747 459 1777 narratur,
475 1731 738 1783 quemadmodum
762 1742 925 1772 Vulcanus
941 1741 1075 1772 Martem
1103 1752 1138 1772 ac
1165 1741 1320 1771 Venerem
1347 1745 1496 1771 coeuntes
1521 1746 1584 1770 rete

127 1796 386 1837 comprehendit?
434 1795 516 1826 Aor.
540 1795 613 1826 Non
630 1806 685 1837 per
699 1796 809 1827 Jovem
826 1794 900 1825 mihi
916 1795 1037 1825 videtur
1061 1795 1219 1826 idoneum.
1263 1794 1318 1827 So.
1342 1793 1459 1825 Verum
1485 1793 1583 1825 sicubi

127 1850 266 1880 modeste
279 1854 312 1879 et
325 1854 504 1880 constanter
519 1849 649 1879 virorum
666 1849 883 1880 excellentium
899 1849 981 1878 facta
1008 1848 1055 1879 vel
1081 1847 1166 1878 dicta
1191 1853 1363 1887 narrantur,
1389 1847 1583 1877 animadver-

127 1903 223 1934 tenda
237 1908 269 1934 et
284 1903 439 1934 audienda
455 1904 520 1933 haec
535 1909 618 1934 sunt.
643 1903 736 1933 veluti
752 1914 821 1933 cum
839 1902 963 1938 dicitur,
981 1903 1097 1934 Pectus
1107 1901 1284 1942 percutiens
1296 1901 1585 1941 increpuit‚dicens,

124 1961 294 1998 perpetere,
310 1967 326 1987 o
341 1967 414 1988 cor:
438 1967 509 1988 nam
523 1958 614 1997 longe
628 1958 708 1988 alias
721 1957 870 1996 graviora
885 1955 998 1988 tulisti.
1044 1955 1122 1986 Am.
1146 1955 1284 1985 Omnino
1298 1955 1342 1985 sic
1357 1959 1404 1985 est
1417 1955 1584 1995 agendum.

129 2011 185 2042 So.
207 2010 321 2052 Neque
337 2010 428 2041 etiam
445 2011 622 2041 muneribus
638 2011 790 2052 cor'rmnpi
808 2010 890 2051 ipsos
905 2010 987 2040 cives
1010 2009 1248 2050 permittendum
1275 2013 1333 2044 est,
1349 2018 1453 2048 neque
1477 2018 1584 2037 avaros

128 2074 206 2094 esse.
229 2063 309 2095 Anr.
326 2063 423 2094 Nullo
436 2071 538 2104 pacto.
561 2063 618 2095 So.
635 2064 708 2094 Non
721 2064 794 2105 ipsis
806 2064 898 2104 igitur
910 2064 1098 2102 canendum,
1110 2062 1353 2101 IlIunera,crede
1361 2061 1448 2097 mihi,
1459 2062 1583 2101 placant

129 2118 324 2158 hominesque
348 2119 477 2159 deosque
493 2129 504 2149 :
527 2128 628 2159 neque
653 2118 827 2148 laudandus
853 2116 984 2147 Phoenix
1011 2116 1142 2146 Achillis
1167 2120 1351 2157 praeccptor,
1377 2115 1464 2156 quasi
1490 2115 1584 2156 probe

128 2172 250 2203 locutus
266 2171 370 2212 fuerit,
385 2172 458 2202 dum
474 2172 649 2203 consuleret
663 2171 722 2212 ipsi
745 2181 871 2201 munera
894 2170 1062 2210 accipienti
1086 2169 1217 2201 Achivis
1242 2170 1390 2200 auxilium
1416 2169 1505 2207 ferre,
1522 2179 1585 2198 non

129 2225 295 2267 accipienti
311 2236 382 2256 vero
396 2226 434 2256 ab
450 2226 493 2256 ira
509 2236 704 2267 nequaquam
722 2225 877 2256 recedere.
899 2234 1001 2265 neque
1028 2235 1127 2254 rursus
1152 2224 1305 2254 Achillem
1328 2224 1431 2265 ipsum
1455 2223 1583 2263 dignum

131 2279 386 2316 existimabimus,
401 2279 692 2320 consentiemusque
707 2280 786 2310 adeo
804 2278 946 2319 pecuniae
973 2278 1122 2319 cupidum
1149 2288 1216 2308 esso
1240 2278 1364 2312 debere,
1381 2282 1415 2306 ut
1434 2277 1472 2307 ab
1498 2276 1583 2316 Aga-

130 2343 295 2364 memnone
310 2332 441 2374 recipiat
462 2344 599 2369 munera,
615 2339 708 2373 atque
736 2338 769 2363 ut
796 2333 941 2363 Hectoris
965 2333 1098 2362 cadaver
1122 2331 1219 2373 [391]
1243 2331 1309 2361 sine
1336 2330 1434 2371 pretio
1458 2330 1586 2360 reddere

132 2387 221 2416 nolit.
265 2385 347 2416 Am.
371 2386 463 2417 Certe
483 2386 556 2416 talia
581 2386 704 2416 laudare
731 2397 794 2416 non
820 2387 922 2416 decet.
967 2385 1022 2416 So.
1049 2385 1167 2415 Vereor
1192 2385 1335 2426 equidem
1362 2384 1464 2415 dicere
1479 2396 1485 2413 ι
1510 2394 1587 2424 quo-

133 2440 216 2471 niam
232 2439 278 2470 fas
294 2450 355 2469 non
371 2445 418 2469 est
431 2439 600 2470 Homerum
617 2441 683 2471 haec
700 2439 883 2482 praedicasse
900 2440 939 2470 de
963 2439 1098 2474 Achille,
1115 2439 1220 2469 aliisve
1247 2438 1422 2469 dicentibus
1450 2438 1587 2467 credere.

134 2500 166 2524 et
180 2493 314 2524 eundem
330 2503 431 2523 rursus
446 2494 591 2523 adversus
607 2493 789 2534 Apollinem
804 2493 930 2528 dixisse,
950 2493 1125 2524 Perdidisti
1139 2502 1196 2528 me,
1212 2491 1334 2533 Apollo,
1352 2492 1492 2522 Deorum
1517 2501 1588 2531 per-

134 2547 338 2579 niciosissime
352 2546 510 2577 omnium:
533 2557 623 2587 quem
637 2551 720 2579 certe
737 2548 910 2583 ulciscerer,
927 2547 953 2577 si
975 2547 1049 2577 milri
1063 2549 1201 2586 potestus
1222 2546 1355 2576 adesset.
1379 2549 1472 2584 atque
1496 2550 1529 2573 ut
1549 2544 1587 2573 ad

134 2601 262 2631 fluvium
295 2601 399 2631 Deum
429 2600 627 2641 pervicaciter
652 2610 684 2631 se
710 2601 862 2637 habuerit,
888 2601 980 2632 etiam
1011 2609 1147 2640 pugnare
1172 2604 1304 2639 paratus,
1335 2598 1458 2639 quodve
1488 2597 1590 2638 inquit

135 2664 239 2685 comas
256 2654 403 2696 Sperchio
420 2653 539 2683 flumini
555 2659 763 2691 consecratas,
778 2655 920 2684 daturum
937 2665 968 2685 se.
985 2664 1087 2684 comas
1104 2653 1179 2683 ferre
1198 2652 1340 2683 Patroclo
1356 2651 1441 2682 heroi
1457 2657 1588 2686 mortuo,

135 2708 317 2749 dicaturque
332 2708 362 2737 id
379 2708 490 2749 egisse,
506 2718 700 2749 nequaquam
715 2709 915 2739 credendum.
942 2714 1056 2738 tractus
1077 2713 1178 2737 autem
1205 2705 1349 2737 Hectoris
1374 2705 1455 2736 cirea
1482 2705 1590 2735 Patro-

135 2762 175 2792 cli
192 2761 378 2803 sepulcrum,
394 2767 424 2791 et
436 2760 650 2802 jugulationes
666 2761 858 2802 captivorum
875 2772 965 2802 supra
978 2771 1098 2801 rogum,
1113 2765 1287 2800 cunctaque
1301 2759 1478 2799 hujusmodi
1491 2769 1592 2799 neque

137 2826 207 2845 vera
222 2826 288 2845 esse
305 2815 520 2845 affirmabimus
536 2825 636 2855 neque
653 2815 787 2845 sinernus
804 2815 914 2846 nostris
932 2814 1119 2856 persuaderi,
1135 2814 1218 2855 quod
1243 2813 1377 2844 Achilles
1406 2812 1483 2842 Deae
1511 2813 1592 2841 lilius

138 2874 168 2899 et
182 2869 267 2899 Pelei
284 2869 530 2909 temperatissimi
547 2869 600 2899 viri
629 2875 660 2899 et
686 2871 725 2899 ab
754 2870 833 2900 Jove
861 2869 954 2906 tertii,
971 2880 987 2898 :i
1015 2869 1151 2900 Chirone
1178 2867 1404 2908 sapientissimo
1430 2866 1594 2899 educatus.

135 2927 221 2953 tauta
236 2924 468 2964 perturbatione
484 2923 617 2964 agitatus
633 2923 684 2961 sit,
701 2928 733 2954 ut
748 2924 869 2955 duobus
885 2922 1044 2955 contrariis
1062 2922 1171 2953 morbi:
1199 2921 1294 2952 ariimi
1320 2919 1513 2958 laboraverit,
1532 2918 1590 2948 illi-
