1840 3225
214 214 289 252 398
784 210 1061 277 -PLA'roms
1572 219 1669 271 [862

213 316 316 348 Recte
331 316 422 347 nobis
436 315 519 358 loqui
535 314 664 351 videris,
681 315 805 356 hospes.
827 319 949 356 oportet
964 316 1048 347 enim
1065 316 1196 347 alterum
1210 316 1250 347 de
1266 317 1386 349 duobus
1399 328 1457 350 nos
1470 318 1573 350 facere
1587 330 1594 349 :
1619 320 1672 351 vel

211 382 274 402 non
291 371 394 402 dicere
417 370 519 401 nullas
533 369 662 410 injurias
676 375 788 411 sponte
805 369 869 400 fieri
884 381 894 410 ;
918 371 979 405 vel,
1007 375 1175 412 antequam
1190 370 1231 401 ad
1245 371 1308 402 alia
1321 382 1497 413 pergamus,
1511 373 1674 414 quomodo

211 430 296 456 recte
313 425 345 455 id
357 424 490 460 dicatur,
506 434 674 466 exponere.
717 423 856 456 Arum«.
880 424 1005 455 Horum
1019 434 1078 465 ego
1091 424 1221 455 alterum
1235 425 1364 457 minime
1379 426 1492 468 patiar,
1509 432 1544 458 ut
1557 427 1674 459 videli-

211 483 273 515 cet,
290 479 372 520 quod
388 479 434 509 ita
447 489 514 509 esse
531 478 685 514 existimo,
701 487 826 519 negem.
848 488 905 509 nec
920 478 1014 509 officii
1038 478 1101 508 mei
1117 477 1148 508 id
1165 484 1258 515 esset,
1275 488 1377 520 neque
1391 480 1488 520 pium.
1513 480 1671 521 quomodo

211 537 314 564 autem
331 533 410 569 haec,
425 533 450 563 si
466 533 499 563 in
514 543 564 568 eo,
575 532 658 573 quod
676 537 724 562 est
738 536 850 573 sponte
864 532 932 563 fieri
945 537 977 563 et
990 542 1055 562 non
1071 537 1193 573 sponte,
1209 533 1339 564 minime
1354 532 1512 570 differant,
1523 533 1586 565 duo
1595 534 1671 569 sint,

208 592 250 624 et,
280 597 344 628 quo
368 586 432 618 alio
459 587 616 623 differant,
647 586 876 628 quodammodo
907 586 1027 627 aperire
1053 596 1216 618 conemur.
1260 587 1336 619 Cm.
1359 587 1434 619 Non
1456 588 1548 619 aliter
1572 593 1671 624 certe,

209 641 331 682 hospes,
361 641 420 673 ista
443 651 502 672 nos
528 641 702 682 intelligere
717 651 891 682 possumus.
937 639 1077 672 Aram.
1100 640 1152 671 Ita
1166 641 1231 672 fiet.
1253 651 1312 682 age
1328 641 1434 682 igitur,
1451 652 1558 673 nonne
1573 642 1670 674 multa

206 695 290 726 inter
305 696 387 727 cives
401 697 434 727 in
451 696 694 726 commutatione
709 694 996 736 consuetudineque
1012 695 1127 725 damna
1142 700 1175 726 et
1188 695 1388 726 incommoda
1403 696 1493 732 fiunt,
1508 695 1542 727 in
1555 696 1670 738 quibus

206 750 414 781 voluntarium
425 759 456 781 et
469 750 708 780 involuntarium
723 749 882 780 abundare
895 749 1042 779 videntur
1059 749 1071 779 ?
1116 748 1194 781 Chr.
1218 749 1364 787 Quidni?
1410 750 1549 783 Aruns.
1565 749 1672 782 Nemo

207 815 292 842 vero,
319 815 388 836 cum
418 804 616 836 incommoda
639 810 888 844 nocumentaque
914 803 1043 845 injurias
1064 808 1166 845 putet,
1189 804 1350 845 duplicem
1369 814 1494 846 quoque
1523 804 1557 835 in
1590 804 1670 846 ipsis

205 869 273 891 esse
302 859 446 901 injuriam
472 859 652 890 arbitretur:
677 868 740 888 non
754 863 866 899 sponte
882 859 1022 893 alteram,
1039 858 1169 888 alteram
1182 864 1296 898 sponte
1318 859 1526 890 commissam.
1549 859 1667 889 damna

206 913 289 944 enim
305 913 441 944 omnium
458 923 521 943 non
536 917 648 953 sponte
664 912 759 946 facta,
774 922 834 942 nec
860 922 991 942 numero
1021 921 1081 942 nec
1105 911 1321 952 magnitudine
1347 912 1463 943 minora
1492 912 1557 943 illis
1585 918 1669 949 sunt,

204 977 274 1008 quae
291 972 404 1008 sponte
422 967 510 996 fiunt.
534 967 630 1007 [862]
655 965 711 996 sed
734 966 942 1001 considerate,
960 976 1078 1006 qureSO,
1093 972 1195 996 utrum
1210 966 1361 1007 deinceps
1374 967 1438 997 veri
1453 966 1573 1008 aliquid
1590 966 1668 997 affe-

203 1031 281 1057 ram,
294 1031 334 1051 an
348 1021 475 1062 penitus
490 1020 580 1050 nihil.
601 1030 660 1061 ego
677 1019 771 1055 enim,
786 1031 804 1050 υ
819 1018 925 1051 Clinia
936 1025 968 1050 et
985 1019 1129 1059 Megille,
1145 1020 1170 1049 si
1187 1019 1257 1060 quis
1271 1020 1418 1060 cuiquam
1432 1025 1528 1051 nocet
1541 1020 1668 1058 nolens,

203 1075 305 1105 dicam
330 1074 470 1116 injuriari
497 1075 670 1110 nolentem,
693 1084 797 1114 neque
821 1079 998 1114 propterea,
1023 1073 1111 1114 quasi
1125 1073 1271 1115 injuriam
1285 1084 1349 1104 non
1364 1080 1477 1115 sponte
1491 1073 1621 1110 factam,
1635 1074 1669 1105 in

202 1129 325 1170 legibus
336 1128 422 1160 istud
438 1139 561 1169 ponam.
585 1128 681 1158 immo
697 1128 818 1158 nullam
842 1127 874 1158 id
900 1127 1047 1158 damnum
1072 1127 1220 1169 injuriam
1243 1128 1358 1164 dicam,
1381 1128 1448 1159 sive
1475 1128 1576 1170 majus
1600 1129 1670 1160 sive

203 1184 306 1213 minus
322 1184 372 1213 sit.
394 1193 477 1224 saepe
493 1183 590 1213 etiam
604 1192 687 1219 eum,
704 1182 758 1223 qui
769 1182 940 1213 utilitatem
955 1183 1056 1212 minus
1069 1188 1154 1213 recte
1171 1182 1314 1219 eontulit,
1328 1182 1466 1224 injuriari
1481 1183 1628 1220 dicimus,
1641 1183 1669 1214 si

202 1239 270 1269 haec
291 1237 420 1268 minime
442 1243 578 1278 superat.
602 1247 676 1267 nam
698 1237 806 1271 ferme,
822 1247 840 1267 0
856 1237 960 1272 amici,
974 1247 1034 1267 nec
1047 1237 1073 1267 si
1089 1237 1158 1278 quis
1170 1237 1322 1272 conferat,
1337 1247 1397 1268 nec
1413 1237 1439 1268 si
1454 1242 1563 1268 contra
1577 1237 1668 1278 quic-

202 1302 298 1333 quam
312 1292 443 1328 auferat,
458 1301 514 1332 par
530 1296 578 1322 est
591 1296 626 1321 ut
633 1291 735 1333 justus
750 1296 803 1321 aut
817 1291 954 1332 injustus
968 1291 1010 1320 ita
1026 1291 1209 1330 simpliciter
1223 1292 1411 1332 appelletur.
1433 1301 1498 1322 nou
1513 1291 1608 1332 igitur
1619 1290 1668 1327 id,

202 1347 257 1378 sed
284 1347 309 1377 si
338 1346 440 1386 probis
466 1345 602 1376 moribus
627 1345 775 1386 justoque
803 1345 894 1374 modo
921 1345 1021 1385 prosit
1048 1345 1144 1375 alicui
1170 1345 1220 1375 vel
1248 1345 1339 1380 obsit,
1352 1355 1396 1386 'an
1412 1351 1532 1385 contra,
1547 1346 1607 1376 hoc
1619 1349 1668 1375 est

200 1401 399 1442 legumlatori
414 1399 675 1431 considerandum
692 1411 699 1428 :
724 1404 756 1429 et
779 1398 820 1429 ad
841 1399 909 1429 haec
931 1399 993 1429 duo
1006 1399 1053 1429 illi
1069 1399 1315 1440 respiciendum,
1331 1399 1371 1429 ad
1388 1398 1533 1440 injuriam
1548 1399 1619 1430 dico
1635 1404 1669 1429 et

201 1460 441 1485 nocumentum:
457 1454 501 1484 ita
511 1459 545 1484 ut
560 1453 600 1484 ad
614 1453 794 1483 indemnem
805 1453 1023 1493 integ-rumque
1034 1459 1149 1483 statum
1162 1463 1217 1493 pro
1230 1453 1346 1483 viribus
1358 1463 1489 1494 quaeque
1502 1452 1668 1493 perducat,

202 1509 350 1540 amissum
363 1508 556 1544 restituatur,
570 1507 653 1547 quod
669 1507 798 1542 decidit,
811 1517 915 1537 rursus
926 1513 1102 1548 consurgat,
1119 1507 1258 1538 occisum
1274 1506 1529 1548 vulneratumque
1542 1516 1666 1548 repare-

199 1569 248 1594 tur
266 1574 272 1593 :
298 1573 482 1604 semperque
499 1562 688 1597 conandum,
709 1567 744 1592 ut
765 1561 932 1592 discordiae
947 1561 1144 1592 nocumentis
1161 1561 1318 1592 suscitatae
1335 1571 1392 1602 per
1405 1561 1493 1602 leges
1506 1561 1539 1591 in
1554 1561 1663 1592 amici-

198 1617 276 1647 tiam
304 1616 493 1657 redigantur.
537 1616 614 1646 Cnr.
638 1615 738 1646 Probe
768 1616 828 1646 ista
855 1615 1013 1646 dicuntur.
1068 1616 1206 1645 Aruns.
1240 1614 1364 1655 Injusta
1404 1615 1511 1655 itaquo
1548 1614 1666 1646 damna

199 1671 484 1711 emolumentaque‚
512 1670 539 1700 si
563 1670 639 1711 quid
669 1670 748 1700 forte
778 1680 818 1700 ex
845 1669 957 1710 injur-ia
983 1676 1129 1711 sequatur
1156 1669 1245 1705 lucri,
1267 1670 1359 1710 quasi
1378 1669 1500 1700 morbos
1514 1669 1624 1705 animi,
1639 1669 1666 1700 si

198 1725 348 1756 sanabilia
363 1730 445 1760 sunt,
462 1734 570 1755 curare
587 1729 719 1765 oportet.
742 1734 816 1754 cura
832 1734 905 1754 vero
921 1723 1085 1764 injustitiae
1109 1724 1186 1754 illuc
1210 1723 1340 1754 feratur.
1385 1723 1463 1755 Cu.
1488 1723 1637 1760 Quonam
1654 1723 1666 1754 ?

198 1779 335 1810 Amen.
360 1779 402 1810 Ut
433 1779 571 1820 quisquis
598 1778 728 1820 injurias
753 1789 809 1809 seu
835 1788 965 1820 magnas
992 1779 1056 1809 sive
1086 1788 1198 1820 parvas
1225 1778 1394 1814 commisit,
1419 1788 1476 1819 per
1491 1778 1664 1809 doctrinam

202 1833 371 1874 corrigatur
385 1833 496 1874 alege,
513 1839 703 1874 cogaturque
719 1834 859 1869 omnino,
882 1838 918 1863 ut
939 1834 989 1863 vel
1011 1843 1171 1874 nunquam
1193 1832 1328 1873 amplius
1354 1832 1417 1862 tale
1444 1831 1521 1873 quid
1550 1832 1667 1863 audeat

198 1894 309 1929 sponte
333 1888 525 1918 committere
549 1887 599 1918 vel
627 1887 723 1918 rarius
750 1886 932 1923 admodum,
961 1898 1061 1928 poenae
1090 1887 1294 1928 impositione
1319 1886 1498 1917 deterritus.
1521 1886 1662 1927 profecto

199 1942 303 1983 legum
317 1942 502 1982 optimarum
518 1942 651 1973 officium
667 1952 733 1972 esse
749 1941 895 1977 dicimus,
910 1942 956 1972 ita
971 1942 1093 1972 animos
1115 1941 1276 1972 hominum
1291 1941 1464 1977 instituere,
1479 1947 1515 1971 ut
1539 1940 1665 1971 oderint

199 1996 382 2037 injustitiam
398 2008 405 2027 ε
427 1995 505 2037 justi
520 2006 593 2026 vero
617 2002 758 2026 naturam
775 1997 824 2027 vel
840 1996 976 2037 diligant
992 1997 1041 2027 vel
1057 1997 1165 2027 saltem
1182 2006 1245 2027 non
1260 1996 1385 2026 oderint
1402 2007 1409 2025 :
1433 1995 1499 2026 sive
1514 1995 1665 2037 operibus

198 2060 252 2081 seu
268 2050 371 2081 verbis
386 2050 543 2091 legislator
558 2051 588 2081 id
605 2056 798 2091 assequatur,
814 2061 869 2081 seu
885 2051 1046 2092 voluptate
1062 2051 1126 2081 sive
1142 2050 1260 2086 dolore,
1273 2051 1324 2081 vel
1341 2051 1456 2082 honore
1472 2050 1523 2080 vel
1533 2049 1664 2081 infamia

198 2110 253 2135 aut
270 2105 403 2145 pecunia
417 2105 598 2135 mulctando
612 2110 666 2135 aut
681 2104 783 2140 donis,
795 2111 849 2135 aut
865 2104 925 2135 alio
941 2105 1054 2146 quovis
1067 2104 1165 2135 modo
1182 2104 1216 2135 id
1231 2105 1337 2136 faciat.
1360 2115 1438 2146 quos
1455 2115 1526 2135 vero
1535 2104 1664 2135 insana-

199 2158 276 2188 biles
291 2159 452 2198 legislator
467 2169 534 2188 esse
551 2159 693 2194 senserit,
706 2159 816 2189 ultimo
831 2159 987 2199 supplicio
1001 2160 1056 2189 lios
1073 2158 1200 2198 afficiet,
1215 2169 1278 2188 nou
1295 2159 1440 2200 ignorans
1467 2158 1563 2188 satius
1585 2159 1664 2196 sore,

196 2212 255 2249 his,
284 2212 338 2254 qui
363 2212 552 2243 insanabiles
576 2217 659 2248 sunt,
684 2213 762 2242 mori
777 2222 869 2252 quam
887 2213 991 2242 vivere
1006 2223 1014 2241 ε
1038 2222 1074 2243 ac
1090 2213 1118 2242 si
1134 2213 1198 2243 vita
1212 2213 1386 2253 privantur,
1403 2212 1573 2253 dupliciter
1587 2222 1662 2253 pro-

198 2267 288 2298 desse
317 2267 438 2298 ceteris.
459 2277 533 2297 nam
559 2267 668 2297 horum
696 2267 842 2307 exemplo
872 2276 891 2296 a
919 2271 1053 2307 peccato
1079 2266 1174 2297 ceteri
1204 2266 1411 2302 deterrentur,
1449 2271 1482 2296 et
1511 2265 1662 2307 improbis

198 2321 375 2351 hominibus
389 2322 498 2352 civitas
512 2321 581 2362 ipsa
595 2320 773 2351 mundatur.
798 2320 895 2362 [863]
921 2322 978 2351 hae
1003 2321 1043 2351 de
1072 2330 1166 2351 causa
1192 2320 1384 2351 insanabiles
1398 2320 1542 2350 homines
1558 2325 1660 2351 morte

197 2374 275 2416 legis
303 2374 445 2406 conditor
475 2375 612 2416 plectet:
638 2375 699 2405 alia
722 2375 859 2406 minime.
905 2375 982 2407 Cu.
1004 2373 1170 2405 Moderate
1188 2375 1359 2405 admodum
1374 2375 1440 2405 haec
1457 2375 1512 2405 abs
1525 2379 1557 2405 te
1572 2374 1661 2405 dicta.

199 2428 354 2459 videntur.
377 2428 433 2459 sed
448 2429 560 2459 iterum
574 2429 692 2470 injuriae
709 2429 877 2470 damnique
902 2429 1125 2466 differentiani,
1157 2434 1190 2460 et
1211 2429 1370 2470 quomodo
1399 2434 1512 2470 sponte
1539 2432 1572 2459 et
1595 2438 1659 2459 uon

198 2488 310 2523 sponte
326 2483 413 2519 fiant,
427 2484 542 2514 clarius
555 2489 586 2513 te
602 2483 761 2514 dicentem
777 2483 907 2514 libenter
923 2483 1111 2515 audiremus.
1156 2483 1297 2514 Aruns.
1326 2483 1368 2514 Et
1390 2483 1494 2514 facere
1521 2482 1660 2514 conabor

198 2542 231 2567 et
246 2537 361 2574 dicere,
377 2537 550 2580 utjubetis.
572 2544 695 2568 constat
708 2549 794 2573 sane,
811 2538 894 2579 quod
908 2539 948 2569 de.
964 2538 1068 2569 anima
1083 2539 1164 2569 inter
1190 2549 1245 2568 vos
1271 2537 1460 2568 disserentes
1488 2537 1547 2568 hoc
1574 2546 1663 2577 saepe

199 2590 303 2621 dicitis
319 2599 351 2622 ct
365 2592 493 2627 auditis,
506 2603 604 2623 unum
619 2593 650 2622 in
666 2603 703 2623 ea
720 2594 867 2624 affectum
883 2594 947 2623 sive
962 2600 1084 2634 partem
1099 2599 1210 2623 natura
1220 2592 1332 2627 inesse,
1347 2601 1442 2632 quam
1463 2590 1657 2622 iracundiam

199 2644 343 2681 dicimus,
358 2647 583 2677 contentiosam
597 2652 689 2688 atque
705 2647 875 2683 difficilem,
892 2658 960 2689 quae
979 2647 1208 2678 inconsiderata
1230 2646 1260 2676 vi
1290 2647 1391 2676 multa
1413 2644 1536 2676 evertit.
1581 2642 1661 2674 Cu.

199 2698 313 2730 Procul
342 2701 447 2731 dubio.
492 2701 629 2732 Arni-*lxm
653 2701 857 2742 Voluptatem
884 2708 987 2733 autem
1013 2713 1077 2733 non
1100 2702 1235 2732 eandem
1246 2710 1319 2732 cum
1331 2700 1374 2730 ira
1391 2697 1606 2734 dicimus‚sed
1619 2708 1659 2729 ex

199 2753 352 2784 contraria
391 2755 532 2794 potentia
570 2755 787 2787 dominantem
801 2768 808 2786 z
841 2767 911 2798 quae
938 2757 1138 2798 persuasione
1169 2755 1258 2786 simul
1289 2753 1490 2786 etoviolenta
1518 2751 1656 2794 quadam

199 2807 383 2848 deceptione
398 2809 569 2850 compellit,
584 2816 629 2845 ut,
645 2809 794 2852 quicquid
807 2811 875 2852 ipsa
891 2811 977 2847 velit,
994 2811 1052 2842 hoc
1066 2821 1208 2853 peragas.
1253 2809 1330 2841 Cu.
1354 2808 1396 2839 Et
1424 2807 1560 2838 maxime
1586 2806 1657 2848 qui-

198 2861 282 2892 dem.
326 2861 465 2892 Arum.
487 2863 625 2894 Tertiam
654 2865 861 2906 delinquendi
887 2876 1010 2897 causam
1038 2865 1177 2907 quisquis
1207 2863 1414 2906 ignorantiam
1429 2861 1579 2904 posuerit,
1592 2871 1657 2892 uon

196 2915 306 2946 errabit
341 2916 395 2947 scd
421 2917 473 2957 qui
500 2918 580 2950 hauc
596 2918 742 2961 bipartito
757 2919 943 2957 distinxerit,
960 2920 1145 2961 legumlator
1162 2919 1270 2951 melior
1294 2917 1370 2950 erit:
1394 2917 1523 2949 alteram
1537 2915 1656 2958 quippe
