1840 3225
169 214 264 264 588]
592 213 664 251 DE
696 212 1001 250 REPUBLICA
1034 213 1131 251 LlB.
1162 214 1233 252 IX.
1552 213 1630 249 219

164 318 266 358 quoad
295 328 397 349 earum
424 323 532 349 natura
558 327 694 349 verarum
722 317 918 357 voluptatum
945 321 993 347 est
1018 326 1129 358 capax,
1153 316 1366 358 adipiscentur
1381 327 1386 346 :
1413 315 1530 357 quippe
1553 325 1625 346 cum

164 379 292 412 pareant
308 373 440 410 veritati,
465 383 502 403 ac
525 372 651 413 insuper
674 370 732 401 sibi
757 370 895 411 proprias
918 370 1096 412 voluptates
1120 370 1318 412 percipiant:
1345 370 1371 401 si
1393 369 1519 411 quidem
1535 369 1624 410 quod

160 425 275 467 cuique
287 427 451 468 optimum,
467 427 499 457 id
516 430 548 457 et
559 425 691 455 maxime
704 424 874 465 proprium.
910 423 1025 456 GLAU.
1051 425 1216 466 Proprium
1228 425 1370 456 maxime.
1412 423 1469 455 So.
1486 422 1625 460 Quando

161 479 257 520 igitur
272 486 354 511 totus
369 480 488 511 animus
503 490 574 511 cum
599 489 637 510 ea
654 484 753 520 parte,
767 478 800 509 in
816 488 879 520 qua
894 483 942 509 est
955 479 1166 521 philosophia,
1184 480 1290 521 procul
1316 480 1355 510 ab
1370 478 1452 508 omni
1469 476 1624 508 seditione

160 534 330 575 conspirat,
346 538 420 565 tunc
435 533 550 574 evenit,
567 538 603 563 ut
617 543 752 574 quaeque
777 543 844 574 pars
860 532 963 564 officio
986 544 1042 564 suo
1065 533 1214 575 fungatur
1227 539 1259 564 et
1271 533 1356 574 justa
1373 533 1424 569 sit,
1441 538 1472 563 et
1488 531 1535 562 sui
1551 541 1624 572 pro·

159 586 242 627 prias
258 587 435 630 voluptates
449 592 543 627 atque
560 586 704 628 optimas,
721 586 814 623 adde,
831 591 863 617 et
876 587 980 628 quoad
995 586 1062 618 fieri
1077 592 1194 629 potest,
1220 587 1317 629 [587]
1342 586 1526 622 verissimas,
1546 595 1624 616 con·

157 647 312 683 sequatur.
359 641 471 673 GLAu.
493 641 607 672 Valde.
652 641 709 671 So.
732 640 777 670 At
791 651 862 671 vero
879 651 950 672 cum
966 641 1100 682 partium
1117 641 1303 682 reliquarum
1319 640 1423 682 aliqua
1439 644 1575 680 superat,
1590 639 1623 670 id

157 696 297 736 protinus
312 695 430 735 evenit,
445 700 480 725 ut
495 706 598 736 neque
613 696 680 736 ipsa
696 694 742 725 sui
754 695 909 735 propriam
923 695 1055 736 reperiat
1067 696 1274 737 voluptatem,
1284 699 1316 725 et
1330 700 1432 736 partes
1444 693 1520 724 alias
1530 698 1626 734 cogat

155 748 287 780 alienam
315 749 502 791 minimeque
530 759 631 780 veram
659 748 852 789 voluptatem
882 749 981 790 sequi.
1027 748 1143 780 Gmu.
1167 749 1220 780 Sic
1251 749 1378 780 accidit.
1423 748 1480 779 So.
1503 747 1622 778 Nonne

153 811 224 843 quae
240 803 417 844 longissime
431 813 449 833 a
465 803 663 844 philosophia
678 802 860 843 rationeque
883 802 1013 838 distant,
1037 802 1168 833 maxime
1193 802 1267 833 talia
1290 802 1434 844 quaedam
1456 793 1622 832 efficiunt-³

154 856 266 889 GLAv.
291 858 431 890 Prorsus.
476 857 530 889 So.
556 857 751 898 Longissime
767 862 869 887 autern
886 857 982 888 distat
996 867 1015 887 a
1029 857 1161 893 ratione,
1184 857 1268 899 quod
1286 862 1318 887 et
1333 867 1351 886 a
1365 856 1434 897 lege
1450 860 1482 886 et
1496 855 1618 886 ordine.

153 910 270 943 GLAu.
292 911 460 944 Videlicet.
505 912 561 942 So.
585 911 782 952 Longissimo
798 916 901 942 autem
919 911 1082 942 intervallo
1099 911 1251 952 sejunctae
1262 922 1329 942 esse
1342 911 1414 941 visae
1427 909 1618 951 cupiditates

151 965 215 996 illae
230 977 333 997 amore
348 967 492 998 ardentes
515 972 608 1006 atque
626 966 810 1008 tyrannicae.
857 965 972 997 GLAU.
997 964 1147 997 Omnino.
1194 966 1249 996 So.
1274 965 1411 995 Minimo
1435 969 1538 995 autem
1553 963 1617 994 dis-

151 1031 276 1061 crepare
291 1026 501 1062 apparuerunt
515 1021 607 1062 regiae
622 1020 833 1062 appetitiones
856 1025 888 1052 et
903 1020 1081 1051 moderatae.
1127 1020 1244 1051 GLAu.
1267 1019 1329 1050 Ita.
1374 1019 1430 1050 So.
1453 1018 1618 1060 Tyrannus

151 1074 246 1116 igitur
261 1086 280 1105 a
296 1086 367 1106 vera
382 1081 414 1107 et
430 1076 555 1117 propria
570 1075 730 1116 voluptate
747 1075 854 1116 procul
871 1075 1037 1106 admodum
1056 1074 1114 1106 erit
1129 1087 1135 1104 :
1162 1085 1213 1105 rex
1228 1080 1332 1105 autem
1343 1073 1390 1104 illi
1405 1083 1498 1114 quam
1514 1072 1617 1114 proxi·

151 1139 229 1160 mus.
275 1129 389 1162 GLAu.
411 1130 561 1161 Necesse.
607 1131 662 1160 So.
687 1129 919 1160 Amarissimam
945 1141 1018 1171 ergo
1051 1134 1203 1172 tyrannus
1228 1128 1322 1159 vitam
1347 1132 1438 1169 aget:
1463 1137 1514 1157 rex
1542 1136 1614 1156 vero

150 1183 372 1216 dulcissimam.
418 1185 534 1216 GLAU.
558 1184 695 1216 Necesse
723 1185 752 1214 id
780 1196 911 1225 prorsus.
957 1184 1012 1215 So.
1036 1185 1158 1221 Scisne,
1183 1188 1301 1225 quanto
1318 1182 1394 1212 vivit
1410 1181 1522 1211 tristior
1543 1191 1616 1221 rege

150 1240 324 1279 tyrannus?
371 1238 485 1270 Gmm.
509 1239 610 1270 Sciam
628 1243 722 1274 certe,
739 1238 763 1268 si
780 1238 904 1270 dixeris,
948 1238 1004 1269 So.
1029 1239 1108 1269 Cum
1125 1243 1185 1268 tres
1208 1236 1398 1278 cupiditates
1411 1236 1484 1271 sint,
1500 1240 1533 1266 et
1554 1245 1616 1265 una

148 1292 274 1333 quidem
291 1293 428 1334 legitima
442 1293 493 1330 sit,
509 1293 657 1323 adulterae
672 1294 754 1330 duae,
771 1293 980 1323 adulterarum
997 1298 1149 1335 tyrannus
1172 1301 1315 1333 suprema
1331 1290 1456 1321 sortitus
1479 1288 1614 1330 fastigia,

148 1348 223 1378 dum
240 1347 339 1390 legem
354 1348 436 1390 fugit
450 1353 483 1379 et
498 1349 660 1385 rationem,
677 1349 769 1378 servis
786 1348 972 1389 quibusdam
996 1352 1027 1378 et
1042 1346 1227 1378 satellitibus
1250 1344 1464 1386 voluptatibus
1480 1355 1513 1374 se
1529 1353 1616 1374 corn·

147 1401 274 1433 miscet:
298 1408 332 1433 et
359 1413 452 1444 quam
480 1402 660 1444 longissimo
687 1403 849 1433 intervallo
877 1413 895 1433 a
920 1403 1080 1444 voluptate
1108 1401 1247 1443 legitima
1273 1400 1312 1430 sit
1337 1399 1512 1441 sejunctus,
1527 1398 1612 1428 haud

145 1455 238 1487 facile
255 1455 356 1497 aliter,
370 1456 430 1488 nisi
445 1457 573 1488 forsitan
590 1458 673 1488 hunc
687 1457 720 1488 in
740 1458 877 1492 modum,
893 1456 1021 1499 exprimi
1039 1461 1153 1499 potest.
1177 1455 1293 1487 GLAU.
1311 1453 1584 1491 Quemadmodum
1601 1452 1612 1482 ?

145 1509 200 1542 So.
223 1509 277 1541 Ab
303 1511 430 1543 homine
447 1522 615 1553 paucorum
641 1512 761 1554 imperii
785 1513 903 1554 cupido
928 1512 1035 1543 tertius
1060 1510 1206 1553 apparuit
1219 1520 1286 1541 esse
1302 1514 1466 1551 tyrannus.
1488 1507 1612 1538 medius

145 1574 279 1606 namque
305 1565 433 1596 istorum
461 1566 620 1608 popularis
643 1566 688 1596 vir
716 1566 829 1597 extitit.
875 1565 990 1598 GLAU.
1014 1565 1064 1596 Ita
1095 1570 1152 1595 est.
1198 1564 1254 1595 So.
1279 1562 1360 1594 Cum
1387 1562 1478 1593 tertio
1504 1562 1612 1602 itaque

146 1618 327 1660 voluptatis,
342 1630 404 1662 quo
421 1621 460 1650 ad
486 1621 646 1652 veritatem
671 1620 834 1652 simulacro
850 1626 921 1662 post
936 1620 1025 1651 illum
1043 1618 1256 1660 congreditur,
1270 1618 1295 1648 si
1311 1627 1381 1648 vera
1396 1617 1429 1647 in
1444 1615 1609 1657 superiori-

145 1672 202 1703 bus
212 1672 356 1705 diximus.
401 1673 519 1705 GLAu.
543 1674 594 1705 Sic
606 1679 653 1705 est
662 1674 842 1706 dicendum.
888 1674 943 1705 So.
969 1673 1055 1712 Quin
1068 1674 1161 1705 etiam
1176 1683 1344 1715 paucorum
1357 1671 1507 1713 potenliae
1520 1670 1611 1701 dedi-

145 1730 194 1757 tus
210 1727 316 1758 tertius
331 1732 378 1758 est
399 1739 418 1759 a
440 1739 523 1770 rege,
539 1728 566 1760 si
589 1729 620 1759 in
637 1729 748 1760 eodem
776 1728 912 1759 locamus
936 1729 1117 1769 optimatem
1142 1738 1178 1758 ac
1194 1737 1307 1768 regem.
1353 1725 1467 1756 GLAo.
1489 1724 1611 1755 Tertius

144 1780 262 1823 utique.
307 1781 361 1813 So.
384 1782 492 1824 Triplo
509 1782 603 1824 igitur
618 1794 746 1814 numero
760 1784 930 1814 secundum
949 1783 1033 1824 tripli
1049 1782 1198 1814 rationem
1215 1782 1311 1812 distat
1326 1791 1344 1811 a
1361 1790 1430 1811 vera
1446 1779 1609 1820 voluptate

143 1839 306 1876 tyrannus.
350 1835 467 1868 Gmu.
489 1837 642 1879 Apparet.
687 1838 744 1869 So.
769 1838 902 1869 Planum
918 1837 1024 1879 itaque
1041 1837 1238 1868 simulacrum
1254 1832 1609 1874 secundumlongitudi-

142 1889 190 1920 nis
206 1900 367 1922 numerum
391 1891 563 1933 tyrannicae
587 1892 758 1934 voluptatis
775 1892 912 1924 exsistet.
959 1891 1073 1922 Gmlu.
1097 1891 1212 1922 Valde.
1257 1890 1313 1920 So.
1336 1888 1514 1920 Secundum
1537 1897 1608 1917 vero

143 1944 314 1983 potentiam
340 1950 372 1975 et
398 1946 521 1976 tertium
547 1952 760 1987 augmentum,
785 1946 981 1977 manifestum
1010 1951 1069 1987 est,
1096 1951 1214 1988 quanto
1250 1944 1406 1985 discrepat
1434 1941 1607 1973 intervallo.

143 1995 258 2028 GLAU.
281 1997 488 2029 Manifestum
503 1999 630 2040 quidem
656 2000 875 2041 computatori.
920 2001 975 2031 So.
999 2000 1031 2030 Si
1055 2000 1125 2041 quis
1147 2010 1295 2031 converso
1319 1998 1438 2033 ordine,
1455 2001 1605 2038 quantum

141 2050 314 2092 voluptatis
331 2052 458 2083 veritate
475 2059 601 2094 superat
616 2064 666 2085 rex
691 2061 870 2096 tyrannum,
887 2054 1077 2097 quaesiverit,
1093 2059 1218 2095 peracta
1242 2052 1503 2093 multiplicatione
1518 2051 1606 2081 inve-

140 2103 205 2134 niet
221 2114 323 2146 regem
340 2106 410 2136 vitae
427 2106 594 2138 dulcedine
611 2118 754 2148 superare
772 2113 938 2150 tyrannum
955 2113 986 2138 et
1003 2113 1169 2149 tyrannum
1185 2107 1256 2139 vitae
1271 2106 1477 2137 amaritudine
1492 2115 1607 2146 regem,

140 2158 283 2198 gradibus
298 2158 409 2200 viginti
424 2170 535 2191 novem
558 2166 590 2191 ct
605 2161 822 2202 septingentis.
870 2161 986 2192 GLAU.
1010 2161 1158 2193 Mirabile
1181 2162 1309 2192 nimium
1334 2159 1528 2191 intervallum
1546 2159 1606 2190 hoc

138 2211 308 2253 interjusti
332 2213 429 2254 [588]
453 2220 485 2245 et
498 2214 608 2256 injusti
625 2216 681 2246 viri
696 2216 789 2246 vitam
806 2216 910 2258 quoad
928 2216 1121 2257 voluptatem
1133 2221 1229 2257 atque
1243 2216 1381 2246 dolorem
1398 2213 1606 2245 cumulavisti.

139 2265 195 2297 So.
222 2265 322 2297 Verus
338 2267 388 2298 hic
405 2275 487 2299 certe
503 2276 534 2300 et
550 2269 740 2301 conveniens
758 2270 826 2300 vitis
840 2270 1000 2300 hominum
1024 2280 1170 2300 numerus
1184 2281 1191 2298 ι
1218 2269 1242 2299 si
1257 2269 1383 2310 quidem
1401 2267 1475 2309 ipsis
1490 2277 1605 2298 conve-

139 2319 230 2350 niunt
245 2321 324 2361 dies,
337 2330 444 2353 noctes
460 2334 642 2366 mensesque
657 2330 689 2355 et
704 2325 790 2355 anni.
835 2324 952 2355 GLAv.
977 2323 1181 2356 Conveniunt
1197 2324 1337 2365 quidem.
1382 2323 1439 2353 So.
1463 2321 1563 2362 Atqui
1580 2320 1605 2351 si

140 2378 259 2404 tantum
275 2376 435 2416 voluptate
452 2378 551 2409 bonus
570 2379 737 2420 justusque
766 2379 808 2409 vir
833 2379 947 2409 malum
971 2383 1003 2409 et
1025 2378 1176 2419 injustum
1193 2382 1369 2419 exsuperat,
1394 2377 1503 2407 mirum
1520 2380 1604 2406 certe

139 2433 198 2464 est,
213 2434 330 2469 quanto
345 2430 436 2461 etiam
453 2434 548 2473 magis
565 2439 759 2470 ornamento,
774 2434 887 2465 decore
902 2434 1077 2475 virtuteque
1092 2432 1302 2474 exsuperabit.
1348 2430 1463 2462 Gniu.
1485 2429 1604 2459 Mirum

138 2488 232 2514 certe.
280 2482 335 2513 So.
361 2484 403 2513 At
418 2485 498 2515 enim
518 2493 680 2528 postquam
699 2489 757 2518 huc
774 2488 964 2529 disputando
981 2487 1175 2524 devenimus,
1191 2491 1462 2527 repetamus‚quae
1479 2494 1497 2513 a
1519 2483 1604 2524 prin·

139 2535 224 2577 cipio
241 2537 325 2568 dicta
340 2543 422 2575 sunt,
446 2550 482 2569 ex
499 2541 611 2581 quibus
628 2543 665 2571 ad
695 2542 752 2572 ista
769 2542 862 2573 delati
879 2553 995 2574 sumus.
1040 2541 1170 2572 Dictum
1194 2540 1383 2581 quandoque
1399 2538 1470 2574 suit,
1486 2537 1603 2578 injuste

139 2599 229 2631 agere
244 2591 286 2621 illi
306 2593 461 2632 prodesse,
478 2595 543 2635 qui,
559 2605 628 2625 cum
645 2596 771 2627 omnino
794 2596 929 2638 injustus
946 2597 996 2632 sit,
1009 2595 1114 2637 justus
1137 2600 1240 2625 tamen
1255 2592 1458 2624 existimatur.
1481 2602 1520 2622 an
1537 2602 1601 2622 non

139 2644 181 2674 ita
197 2645 338 2676 dictum?
385 2646 500 2678 GLAU.
523 2648 584 2681 Ita.
629 2649 684 2680 So.
710 2650 760 2680 Ad
778 2652 842 2682 liaec
869 2651 964 2692 igitur
987 2651 1030 2681 ita
1052 2650 1084 2680 in
1109 2648 1272 2691 praesentia
1295 2648 1490 2682 disseramus,
1514 2651 1600 2687 post-

140 2707 232 2738 quam
249 2710 311 2730 una
326 2701 540 2739 convenimus,
555 2714 646 2744 quam
666 2705 723 2734 vim
739 2710 771 2735 et
782 2705 868 2746 justa
884 2711 916 2736 et
928 2704 1043 2746 injusta
1058 2704 1171 2734 habeat
1186 2702 1338 2744 operatio.
1384 2702 1500 2733 GLAu.
1526 2701 1599 2737 Quo

140 2753 257 2791 pacto?
303 2754 358 2785 So.
381 2755 552 2796 Imaginem
581 2757 690 2788 animae
716 2759 892 2799 figuremus,
911 2765 954 2796 ut,
971 2760 1023 2800 qui
1048 2759 1101 2788 illa
1124 2757 1216 2792 dixit,
1233 2756 1338 2798 qualia
1353 2755 1474 2791 dixerit,
1490 2764 1599 2794 recog-

140 2813 258 2836 noscat.
292 2808 407 2840 GLAU.
431 2810 563 2847 Qualem
578 2812 589 2841 ?
623 2812 679 2842 So.
700 2812 806 2844 Talem
823 2814 972 2855 aliquam,
988 2812 1095 2854 quales
1111 2812 1268 2853 quondam
1286 2815 1493 2842 memorantur
1503 2808 1597 2838 fuisse

143 2864 258 2890 natura:
275 2860 436 2894 Chimaerae
462 2864 571 2906 ipsius,
584 2867 698 2908 Scyllae
716 2873 747 2897 et
762 2868 888 2899 Cerberi
904 2874 935 2899 ct
958 2868 1027 2898 aliae
1044 2867 1162 2902 ruultae,
1178 2867 1210 2897 in
1226 2865 1337 2907 quibus
1354 2864 1491 2895 seruntur
1506 2861 1597 2891 variae

138 2913 170 2942 in
191 2915 300 2946 codem
317 2916 420 2947 forma»,
437 2920 623 2961 congenitae.
669 2920 783 2953 GLAu.
806 2921 956 2953 Feruntur
971 2921 1109 2962 quidem.
1155 2921 1212 2951 So.
1238 2920 1335 2960 finge
1350 2919 1454 2958 itaque
1471 2916 1597 2956 figuram
