1840 3225
194 255 274 293 448
785 249 1049 290 PLATONIS
1551 253 1648 304 [965

196 357 293 401 poeta
307 356 461 399 quispiam
476 360 530 386 aut
546 354 724 397 juventutis
746 355 903 396 magister,
932 356 1039 386 urbem
1064 365 1167 397 nuper
1191 355 1360 397 ingressus,
1387 366 1426 387 eo
1454 357 1650 398 praestantior

191 413 393 456 judicabitur,
407 411 461 453 qui
490 410 576 441 omni
591 420 623 440 se
638 409 754 440 virtute
779 410 931 441 excellere
948 410 1110 451 profitetur
1124 411 1135 440 ?
1166 415 1198 440 et
1212 410 1327 442 deinde
1342 410 1456 442 mirum
1478 410 1649 447 videbitur,

194 468 219 499 si
245 477 283 498 ea
307 467 432 502 civitas,
459 465 510 495 ubi
538 463 686 495 custodes
710 464 835 494 virtutis
865 474 978 494 nomen
1006 463 1220 505 rationemque
1249 474 1314 495 non
1349 470 1470 500 teuent,
1498 470 1649 505 tanquam

192 522 317 552 deserta
331 520 472 555 custode,
488 518 595 559 eadem
612 518 761 559 patiatur,
777 529 845 558 quae
862 524 894 549 et
909 518 976 548 aliae
989 519 1096 548 multae
1111 518 1205 549 hodie
1229 519 1412 559 patiuntur?
1459 519 1534 550 Cu.
1557 517 1650 549 Nihil

192 580 276 606 certe
291 575 412 605 mirum.
457 573 594 603 Aram.
622 571 670 602 Ad
685 572 743 602 hoc
767 572 873 612 itaque
894 572 1122 603 incumbamus.
1146 574 1302 613 quomodo
1330 574 1425 614 igitur
1448 571 1592 604 custodes
1614 572 1649 602 in

191 629 305 660 virtute
320 628 432 659 ceteris
448 634 509 657 tarn
521 636 554 656 re
571 636 666 667 quam
680 626 773 656 verbo
788 626 1004 666 exquisitiores
1018 627 1202 657 reddemus?
1219 627 1267 657 vel
1283 637 1343 668 quo
1355 633 1447 668 pacto
1458 626 1646 668 prudentum

193 683 290 723 capiti
316 688 409 723 atque
433 681 578 711 sensibus
605 680 716 711 similis
740 680 849 710 civitas
871 686 976 711 nostra
1002 687 1129 722 propter
1159 681 1338 722 hujusmodi
1365 681 1540 713 custodiam
1570 680 1648 711 fiet?

194 737 272 768 Cm.
308 737 455 774 Quonam
483 740 575 776 pacto
601 735 692 771 hanc,
719 744 738 765 o
762 735 886 775 hospeS,
918 734 1159 766 similitudinem
1187 736 1360 766 faciemus?
1419 735 1556 766 Arnzx.
1586 734 1650 765 Pa-

191 797 246 828 tet,
272 791 346 832 quia
370 790 479 821 civitas
504 789 615 830 capitis
634 788 779 830 quaedam
804 787 961 828 capacitas
972 790 1050 819 erit:
1080 789 1228 819 custodes
1247 795 1353 820 autem
1362 789 1505 832 juniores
1520 799 1648 830 sagaces

190 847 397 886 sollertesque
430 854 575 885 supremo
596 843 629 873 in
657 842 773 871 vertice
800 842 1044 877 collocabuntur,
1067 843 1151 872 unde
1177 843 1286 873 urbem
1312 848 1408 874 totam
1435 844 1649 885 circumspici-

190 905 255 936 ent,
283 905 315 931 et
338 898 555 933 custodiendo,
571 907 640 938 quae
656 895 805 931 sentiunt,
820 895 976 926 memoriae
992 897 1268 934 commendabunt,
1281 898 1446 939 omniaque
1474 898 1648 929 senioribus

190 954 396 985 nuntiabunt:
421 952 475 994 qui
498 951 614 982 mentis
636 951 676 980 ob
697 959 801 979 rerum
826 949 992 980 multarum
1014 950 1224 990 cognitionem
1243 951 1416 992 persimiles
1431 952 1552 982 civitati
1572 962 1649 983 con-

191 1009 307 1044 sulent,
336 1007 490 1048 juvenum
514 1003 688 1035 ministerio
714 1003 775 1033 usi.
800 1003 896 1045 [965]
923 1008 1016 1044 atque
1047 1004 1090 1034 ita
1112 1004 1231 1045 utrique
1257 1005 1463 1035 communiter
1487 1005 1648 1036 civitatem

190 1073 317 1093 omnem
333 1060 572 1093 conservabunt.
594 1059 690 1094 sicne,
721 1068 760 1087 an
773 1057 875 1093 aliter,
905 1057 990 1097 ipsos
1017 1059 1240 1098 praeparandos
1256 1059 1426 1099 putamus?
1453 1069 1493 1089 an
1514 1059 1649 1100 aequales

189 1127 297 1148 omnes
311 1115 471 1147 habendos
485 1124 552 1144 esse
568 1123 742 1148 censemuS,
758 1122 818 1142 nec
834 1112 1029 1152 exquisitiori
1043 1113 1163 1142 ratione
1179 1112 1303 1143 educari
1314 1113 1491 1154 erudirique
1513 1114 1650 1144 nonnul-

188 1172 235 1202 los
251 1171 404 1206 volumus,
420 1178 536 1210 eosque
552 1167 666 1198 ceteris
681 1166 855 1207 anteponi?
880 1165 957 1197 Cu.
983 1167 1028 1196 At
1042 1166 1073 1196 id
1091 1166 1231 1208 quidem,
1249 1177 1267 1198 o
1281 1168 1411 1198 mirifice
1428 1168 1487 1204 vir,
1503 1167 1648 1209 impossi-

188 1226 252 1256 bile
267 1230 324 1256 est.
353 1224 492 1255 Arnim.
515 1221 567 1253 Ad
581 1221 813 1263 exquisitiorem
830 1230 902 1261 ergo
915 1220 1125 1261 disciplinam,
1140 1231 1234 1261 quam
1251 1221 1392 1262 superior
1406 1222 1461 1252 illa
1474 1221 1524 1258 sit,
1541 1222 1648 1253 venia·

188 1290 267 1311 mus.
309 1278 390 1311 Cu.
413 1278 464 1309 Sic
479 1277 587 1307 ferme.
631 1276 768 1306 Arum.
791 1274 894 1316 Atqui
909 1285 948 1305 ea
961 1274 1052 1311 forte,
1068 1285 1162 1316 quam
1176 1276 1272 1306 modo
1295 1275 1466 1316 tetigimus,
1490 1276 1557 1307 haec
1579 1275 1650 1317 ipsa

187 1339 247 1370 est,
270 1344 364 1375 quarn
398 1332 577 1374 quaerImus.
622 1330 698 1362 CLI.
722 1330 869 1360 Omnino.
914 1328 1052 1359 ATHEN.
1078 1329 1273 1360 Dicebamus
1309 1334 1415 1361 autem
1453 1330 1649 1372 praecipuum

186 1389 221 1420 in
246 1389 379 1430 singulis
394 1387 537 1428 opificem
551 1391 647 1426 atque
663 1383 825 1416 custodem
844 1393 906 1413 non
924 1383 1024 1414 solum
1049 1390 1203 1425 oportere,
1232 1390 1267 1414 ut
1294 1385 1394 1414 multa
1420 1394 1546 1415 cernere
1575 1395 1648 1426 pos-

185 1443 238 1480 sit,
261 1443 317 1474 sed
340 1448 374 1473 ut
389 1443 428 1473 ad
443 1451 540 1472 unum
556 1440 651 1470 etiam
675 1437 796 1475 tendat,
819 1437 962 1479 illudque
992 1442 1171 1478 cognoscat,
1187 1443 1304 1469 etcum
1326 1439 1517 1479 cognoverit,
1534 1444 1648 1470 cuncta

186 1498 253 1534 illo,
284 1508 354 1538 quae
378 1495 540 1538 perspicit,
568 1494 693 1535 dirigat.
752 1493 828 1524 CLr.
869 1491 985 1522 Recte.
1041 1491 1180 1522 ATHEN.
1219 1492 1317 1522 Estne
1343 1493 1438 1532 igitur
1464 1492 1647 1533 exquisitior

187 1550 397 1582 consideratio
411 1551 472 1580 alia
483 1559 596 1584 rerum,
612 1558 703 1589 quam
718 1552 753 1577 ut
768 1546 871 1588 possis
886 1548 924 1577 ad
937 1556 1032 1577 unam
1061 1556 1100 1577 ex
1120 1546 1229 1577 multis
1254 1546 1520 1588 dissimilibusque
1544 1546 1645 1577 ideam

187 1605 349 1647 aspicere?
396 1604 472 1635 CLr.
494 1603 652 1633 Fortasse.
698 1600 835 1632 Arman-
866 1600 930 1636 Ne,
957 1600 1102 1637 fortasse,
1116 1600 1203 1632 dicas
1218 1613 1224 1631 :
1243 1601 1299 1631 sed
1313 1611 1434 1638 revera,
1450 1611 1469 1632 o
1485 1601 1575 1632 beate
1588 1601 1646 1637 vir,

185 1670 279 1691 nemo
293 1659 454 1691 certiorem
481 1658 541 1688 hac
556 1657 638 1686 viam
663 1655 879 1696 rationemque
903 1665 1044 1696 unquam
1073 1655 1210 1685 habebit.
1256 1656 1332 1686 Cn.
1356 1655 1432 1685 Tuis
1459 1654 1648 1691 rationibus,

185 1715 312 1755 hospes,
328 1721 495 1755 persuasus
509 1711 670 1742 concedo:
696 1719 792 1751 quare
822 1710 867 1740 ita
895 1719 1126 1750 prosequamur.
1172 1708 1310 1741 ArusN.
1333 1708 1554 1750 Compellendi
1573 1719 1646 1750 ergo

185 1768 300 1799 divinae
326 1766 507 1809 reipublicae
537 1765 686 1796 custodes
710 1764 801 1794 nobis
829 1769 914 1798 sunt,
945 1769 980 1794 ut
1009 1771 1118 1795 exacte
1142 1763 1322 1804 inspiciant,
1346 1763 1481 1804 primum
1506 1762 1583 1804 quid
1611 1763 1644 1794 in

186 1823 327 1853 omnibus
342 1826 474 1863 quatuor
488 1819 576 1850 idem
598 1819 648 1855 sit,
666 1817 751 1859 quod
767 1828 839 1848 cum
860 1818 892 1848 in
909 1818 1106 1859 fortitudine,
1133 1818 1350 1859 temperantia,
1364 1817 1502 1858 justitia,
1525 1822 1557 1847 et
1573 1827 1645 1858 pru-

186 1876 294 1908 dentia
315 1876 400 1911 i'nsit,
417 1885 480 1905 uno
501 1873 624 1904 virtutis
649 1873 776 1903 nomine
794 1872 866 1913 jure
891 1873 1038 1903 volumus
1061 1872 1223 1914 appellari.
1247 1872 1290 1908 id,
1320 1883 1338 1902 o
1354 1871 1458 1908 amici,
1482 1872 1510 1902 si
1539 1872 1647 1907 vultis,

185 1931 280 1962 modo
295 1930 434 1971 apprime
459 1934 632 1963 teneamus,
659 1937 700 1957 ne
729 1927 934 1963 dimittamus,
958 1932 1129 1968 antequam
1152 1927 1227 1957 satis
1252 1931 1370 1968 pateat,
1398 1925 1548 1967 quidnam
1563 1926 1644 1956 illud

184 1986 235 2022 sit,
260 1985 300 2016 ad
325 1983 419 2026 quod,
445 1984 509 2014 sive
533 1982 622 2023 quasi
654 1981 695 2011 ad
719 1991 814 2011 unum
844 1981 908 2011 sive
939 1981 1030 2021 quasi
1053 1981 1093 2011 ad
1115 1986 1218 2011 totum
1240 1981 1305 2011 sive
1336 1979 1377 2010 ad
1406 1987 1547 2021 utraque,
1577 1979 1642 2010 sive

186 2040 466 2081 quomodocunque
489 2047 522 2067 se
549 2037 674 2072 habeat,
695 2034 928 2075 respiciendum
949 2035 997 2065 sit.
1021 2045 1061 2064 an
1083 2040 1242 2075 putamus,
1270 2035 1297 2064 si
1322 2035 1382 2065 hoc
1406 2044 1464 2064 nos
1488 2033 1645 2075 effugerit,

186 2094 263 2124 satis
278 2093 369 2124 nobis
395 2097 516 2133 patere,
543 2101 612 2131 quae
637 2089 677 2120 ad
700 2089 842 2119 virtutem
868 2089 1046 2130 pertinent?
1070 2089 1110 2119 de
1133 2098 1195 2128 qua
1209 2099 1268 2119 nec
1283 2088 1310 2118 si
1322 2089 1423 2118 multa
1437 2098 1496 2118 nec
1519 2088 1545 2118 si
1567 2098 1645 2129 qua-

186 2154 256 2178 tuor
286 2156 344 2176 nec
372 2146 399 2175 si
424 2155 522 2175 unum
551 2144 601 2179 sit,
628 2143 795 2183 explanare
825 2143 991 2183 possimus.
1015 2147 1069 2173 aut
1096 2143 1200 2183 igitur,
1230 2142 1256 2173 si
1286 2148 1393 2173 nostro
1415 2142 1548 2173 consilio
1577 2152 1644 2173 cre-

186 2201 271 2238 ditis,
286 2200 409 2231 modurn
427 2198 607 2228 adinvenire
622 2196 813 2232 conabimur,
834 2206 897 2237 quo
911 2196 944 2226 id
959 2197 992 2227 in
1008 2196 1136 2228 civitate
1160 2196 1251 2227 nobis
1273 2197 1394 2226 aderit:
1422 2201 1486 2231 aut,
1512 2196 1540 2226 si
1555 2195 1643 2226 vide-

184 2256 280 2292 bitur,
297 2255 465 2285 mittemus.
513 2251 588 2283 CLr.
611 2250 759 2286 Minime,
783 2260 840 2290 per
863 2250 1053 2290 hospitalem
1081 2250 1199 2286 Deum,
1225 2260 1244 2280 o
1270 2251 1394 2291 hospes,
1421 2249 1643 2280 dimittendum

183 2312 243 2342 hoc
269 2315 327 2341 est.
349 2307 522 2339 rectissime
548 2315 683 2346 namque
703 2304 735 2334 id
752 2304 857 2335 dicere
872 2303 998 2334 videris.
1020 2304 1075 2334 sed
1091 2315 1151 2344 quo
1177 2309 1271 2345 pacto
1297 2304 1368 2344 quis
1396 2304 1456 2334 hoc
1481 2303 1642 2334 inveniet?

185 2365 281 2407 [966]
302 2362 438 2394 Arnen.
455 2359 615 2395 Nondum,
632 2358 787 2400 quomodo
799 2358 965 2400 agendum,
981 2358 1141 2389 dicamus:
1163 2359 1219 2388 sed
1234 2357 1454 2399 primuininter
1464 2366 1535 2393 noe,
1548 2367 1642 2399 opor-

185 2423 252 2450 teat
267 2427 379 2453 necne,
395 2414 628 2447 conveniamus.
652 2413 729 2444 CL1.
745 2413 879 2454 Oportet
893 2412 1023 2448 certe‚si
1034 2412 1181 2454 possibile
1193 2417 1252 2442 est.
1296 2412 1434 2442 Arnen.
1450 2411 1536 2448 Quid
1553 2422 1645 2453 porro

186 2473 226 2504 de
242 2473 374 2502 honesto
386 2480 423 2500 ac
430 2469 536 2500 bono?
555 2466 758 2509 utrum,quod
767 2467 961 2498 solummodo
972 2466 1069 2497 multa
1079 2467 1151 2503 sint,
1160 2467 1307 2497 custodes
1320 2465 1409 2497 nobis
1425 2466 1642 2507 cognoscent?

185 2536 226 2557 an
252 2526 359 2561 etiam,
388 2522 544 2565 quomodo
572 2533 679 2558 unum,
709 2521 920 2563 cognoscent?
967 2521 1043 2552 Cu.
1066 2520 1290 2552 Necessarium
1315 2519 1449 2556 videtur,
1476 2525 1511 2550 ut
1535 2520 1642 2556 etiam,

184 2579 342 2621 quomodo
368 2588 461 2609 unum
489 2582 574 2613 sunt,
597 2576 788 2618 intelligant.
833 2575 972 2607 Arum«.
1005 2574 1094 2612 Quid
1118 2575 1259 2605 deinde?
1290 2574 1510 2615 intelligerene
1538 2575 1642 2606 solum

185 2633 316 2670 debent,
351 2631 491 2662 oratione
520 2636 624 2662 autem
656 2630 814 2662 declarare
842 2640 905 2661 non
933 2638 1037 2671 posse,
1057 2629 1140 2670 quod
1157 2628 1358 2670 intellig-unt?
1407 2628 1484 2660 Cn.
1506 2627 1579 2665 Quo
1607 2628 1642 2659 id

186 2687 304 2729 pacto?
345 2686 466 2717 servilis
489 2685 573 2715 enim
598 2685 722 2716 habitus
748 2691 843 2716 esset.
889 2684 1028 2714 Aruns.
1050 2683 1139 2714 Num
1168 2683 1264 2713 etiam
1293 2681 1334 2713 de
1363 2681 1508 2713 omnibus
1535 2681 1643 2713 studio

187 2741 290 2782 dignis
311 2741 422 2770 eadem
436 2740 516 2770 ratio
531 2746 590 2775 est,
610 2748 645 2770 ut
673 2750 739 2776 eos,
763 2739 817 2780 qui
839 2738 903 2770 veri
927 2737 1074 2769 custodes
1094 2737 1189 2768 futuri
1212 2742 1296 2773 sunt,
1311 2741 1454 2777 oporteat
1476 2736 1640 2766 veritatem

187 2796 293 2837 legum
308 2794 426 2835 optime
441 2793 628 2835 intelligere,
649 2793 851 2835 orationeque
867 2792 1054 2823 sufficienter
1068 2801 1235 2833 exponere,
1260 2795 1293 2821 et
1321 2789 1464 2831 operibus
1492 2789 1641 2830 assequi3

187 2860 257 2891 quae
272 2854 357 2879 recte
386 2847 475 2883 fiunt,
506 2858 575 2888 quae
604 2858 678 2884 non,
708 2848 882 2879 secundum
912 2852 1055 2877 naturam
1080 2844 1315 2886 dijudicantes?
1362 2843 1440 2875 Cu.
1465 2843 1529 2874 Cur
1556 2843 1642 2874 non?

187 2905 325 2935 Anum.
347 2901 462 2933 Nonne
481 2911 542 2932 uua
556 2901 596 2932 de
611 2903 704 2933 rebus
717 2902 844 2943 optimis
866 2906 916 2932 est
939 2911 990 2937 ea,
1014 2899 1053 2931 de
1076 2910 1138 2941 qua
1157 2909 1250 2940 supra
1277 2897 1358 2929 serio
1388 2896 1638 2938 disputavimus?

187 2957 253 2994 ubi,
269 2955 353 2998 quod
368 2956 429 2988 sint
445 2955 501 2987 Dii
524 2961 556 2987 et
579 2956 665 2997 quod
681 2956 759 2988 vires
773 2956 923 2988 maximas
952 2955 1097 2991 habeant,
1129 2952 1426 2990 demonstraviuius5
1458 2950 1554 2992 idque
1582 2960 1643 2993 pro
