1840 3225
153 245 225 296 99]
620 247 691 284 DF,
724 246 899 283 ΑΝΙΜΑ
934 246 1137 287 MUNDl.
1538 251 1617 286 465

148 358 200 380 sus
210 353 243 378 et
259 354 345 380 ortus
362 355 502 390 generat,
516 356 608 391 prout
622 350 692 381 coeli
705 349 845 380 inedium
858 350 980 381 orbium
997 350 1122 381 illorum
1140 350 1193 391 qui
1219 350 1374 391 ὁρίζοντες
1395 349 1444 391 [.i.
1456 350 1620 392 finientes]

150 408 314 439 vocantur,
341 404 431 445 quasi
453 404 699 435 abscissionibus
723 403 886 435 dividitur.
910 404 954 435 sic
970 405 1053 435 enim
1070 414 1108 435 ex
1126 404 1211 435 vario
1226 411 1316 434 terrae
1334 411 1465 446 aspectu
1480 415 1536 436 eos
1562 405 1621 435 cir-

151 456 388 488 cumscribimus
411 463 506 499 atque
532 458 711 488 definimus.
756 458 1025 499 Antiquissimum
1049 469 1123 488 vero
1154 463 1202 488 est
1224 458 1365 489 omnium
1395 470 1466 499 quae
1498 459 1532 490 in
1562 460 1622 490 hae

151 510 354 542 universitate
381 517 466 548 sunt,
492 522 615 552 corpus.
639 522 741 552 neque
771 511 855 542 enim
872 511 967 553 Aqua
982 517 1058 542 nata
1069 516 1119 542 est
1131 512 1199 542 sine
1217 517 1309 548 terra,
1323 522 1426 553 neque
1454 523 1526 542 vero
1555 512 1624 543 Αὲι·

149 563 218 594 sine
239 565 379 596 humido.
423 565 511 606 Ignis
528 571 630 596 autem
647 565 788 602 humido,
818 566 919 596 veluti
944 565 1077 597 materia
1105 576 1168 607 qua
1196 566 1416 602 inflammetur,
1441 565 1623 602 destitutus,

150 618 394 660 haudquaquam
409 619 509 660 possit
529 619 712 650 consistere.
735 620 882 660 quocirca
895 621 1033 650 omnium
1048 619 1136 650 radix
1162 625 1194 650 et
1221 620 1448 650 firmamentum
1475 620 1619 656 aliorum,

145 672 242 703 Terra
257 673 371 703 eodem
387 678 545 703 momento
571 673 693 703 firmata
708 679 767 704 est.
813 673 933 705 Rerum
958 674 1051 715 igitur
1077 680 1262 710 creatarum,
1289 680 1324 704 ut
1355 673 1546 714 subjectum,
1577 679 1626 704 est

150 726 309 756 Materia:
333 726 432 756 veluti
449 731 554 756 autem
576 726 657 757 ratio
672 728 895 768 proportioque
912 727 1030 763 formae,
1056 733 1106 757 est
1130 728 1220 758 Idea.
1243 730 1355 757 harum
1379 732 1485 758 autem
1516 727 1624 764 foetus,

150 779 311 821 Corpora:
351 780 495 810 nimirum
522 780 631 816 Terra,
659 780 765 821 Aqua,
789 780 869 817 Aer,
900 781 1000 822 Ignis.
1022 791 1154 822 quorum
1180 781 1255 822 [98]
1281 781 1411 822 quidem
1441 780 1625 821 hujusmodi

148 840 197 863 est
227 834 389 874 generatio
412 839 507 874 atque
536 833 715 874 productio·
753 833 859 864 Omne
882 843 994 874 corpus
1021 844 1058 864 ex
1087 834 1191 874 planis
1219 839 1364 864 constat:
1399 835 1458 864 hoc
1482 844 1557 865 vero
1587 844 1627 864 ex

147 886 348 928 Triangulis:
376 897 506 928 quorum
523 888 603 918 alter
614 887 745 929 quidem
759 893 807 918 est
831 898 870 918 ex
897 887 992 918 rectis
1016 888 1141 928 angulis
1166 887 1334 928 aequalium
1357 888 1503 924 laterum,
1531 887 1626 919 semi-

149 941 403 982 quadrangulus:
439 941 520 972 alter
545 947 652 972 autem
680 941 882 982 inaequalium
913 941 1057 978 laterum,
1080 941 1137 983 qui
1166 942 1264 972 habet
1294 941 1443 982 majorem
1473 943 1624 983 angulum

148 995 293 1035 potentia
305 995 434 1036 triplum
465 995 607 1028 minoris.
630 996 778 1026 minimus
803 1006 876 1026 vero
897 995 931 1026 in
956 995 1026 1036 ipso
1058 995 1203 1036 angulus,
1232 995 1328 1026 tertia
1352 995 1430 1026 recti
1456 1005 1529 1037 pars
1551 1001 1622 1026 est:

150 1048 242 1090 hujus
254 1054 360 1080 autem
374 1049 517 1090 duplum,
535 1050 659 1080 medius
675 1055 735 1081 est.
758 1048 809 1080 hic
826 1050 913 1079 enim
927 1049 1058 1079 duarum
1084 1050 1243 1080 tertiarum
1272 1050 1409 1090 partium
1433 1055 1495 1080 est:
1529 1050 1628 1080 maxi-

150 1113 217 1134 mus
234 1108 336 1134 autem
352 1108 458 1134 rectus
481 1105 519 1134 ad
549 1104 685 1134 mediam
712 1103 951 1144 sesquialteram
978 1103 1210 1144 propoltionem
1231 1104 1346 1134 habet:
1379 1100 1494 1144 triplus'
1519 1108 1627 1134 antem

151 1162 200 1187 est
226 1157 266 1187 ad
287 1157 463 1188 minimum.
509 1157 571 1189 Hic
598 1158 693 1198 igitur
721 1157 908 1198 triangulus,
939 1157 1255 1198 semiquadrangulus
1281 1161 1340 1193 est,
1370 1163 1527 1198 quatenus
1556 1168 1628 1187 cum

154 1211 336 1252 aequilatero
362 1212 519 1253 triangulo
550 1217 761 1252 comparatur,
793 1211 1023 1253 perpendiculo
1054 1211 1197 1242 bifariam
1226 1211 1364 1241 abscisso
1396 1221 1414 1241 a
1439 1211 1556 1242 vertice
1587 1211 1628 1242 ad

152 1265 262 1301 imum,
286 1267 319 1297 in
349 1272 454 1307 partes
481 1266 630 1307 aequales.
654 1266 717 1296 duo
747 1265 845 1306 igitur
869 1265 992 1307 utrique
1023 1271 1096 1295 sunt
1122 1265 1319 1306 rectanguli:
1348 1270 1381 1296 at
1409 1265 1442 1296 in
1467 1275 1540 1301 uno,
1567 1265 1630 1296 dno

152 1320 281 1360 quidem
310 1322 421 1357 latera,
450 1331 521 1362 quae
551 1320 678 1361 quidem
706 1321 739 1350 in
761 1326 848 1350 recto
879 1324 965 1356 sunt,
990 1320 1124 1361 aequaIIa
1150 1325 1224 1350 sunt
1246 1324 1381 1356 tantum,
1407 1319 1441 1350 in
1457 1319 1557 1350 altero
1574 1329 1630 1350 au-

154 1380 216 1404 tem
247 1377 352 1406 omnia
380 1375 440 1406 tria
472 1375 653 1416 inaequalia.
712 1374 792 1405 Haec
821 1384 896 1404 vero
935 1374 1035 1414 figura
1064 1373 1205 1415 obliqua
1233 1378 1372 1404 vocetur.
1430 1373 1491 1404 Ille
1523 1379 1629 1404 autem

153 1429 468 1471 semiquadrangulus
482 1428 691 1470 primordium
715 1428 775 1459 fuit
797 1427 1027 1459 constituendae
1052 1433 1153 1458 terrae.
1179 1438 1252 1458 nam
1274 1427 1509 1469 quadrangulus
1524 1438 1562 1457 ex
1584 1428 1632 1457 his

152 1488 287 1524 quatuor
301 1484 452 1515 videlicet
467 1484 690 1525 quadrangulis
713 1483 923 1524 componitur.
945 1493 982 1513 ex
1001 1482 1221 1524 quadrangulo
1243 1492 1317 1513 vero
1332 1481 1432 1513 cubus
1449 1487 1631 1523 generatur,

153 1538 295 1569 omnium
309 1548 473 1580 corporum
490 1538 701 1569 firmissimum
715 1542 749 1568 et
763 1537 898 1569 maxime
914 1537 1087 1573 statarium,
1104 1543 1139 1567 ut
1160 1537 1282 1567 nullam
1305 1536 1339 1567 in
1361 1542 1485 1578 partem
1511 1536 1631 1566 moveri

155 1593 278 1633 possit:
308 1598 420 1634 utpote
436 1593 521 1633 quod
537 1603 591 1623 sex
606 1593 717 1628 latera,
732 1598 803 1623 octo
828 1598 934 1623 autem
958 1591 1073 1622 habeat
1098 1591 1243 1631 angulos.
1288 1591 1359 1621 Hac
1380 1591 1527 1621 nimirum
1555 1601 1631 1621 con-

155 1645 320 1677 stitutione
335 1646 430 1676 Terra
440 1647 630 1677 elementum
647 1652 695 1677 est
721 1652 753 1677 et
779 1646 999 1687 gravissimum
1028 1651 1061 1676 et
1086 1644 1256 1676 difficulter
1285 1644 1422 1675 mobile:
1447 1643 1630 1685 hujusmodi

155 1700 283 1741 quidem
296 1706 381 1730 certe
391 1706 426 1730 ut
439 1701 473 1730 in
487 1700 573 1730 aliud
588 1710 703 1741 corpus
719 1700 919 1730 transmutari
933 1700 1022 1730 nullo
1040 1699 1134 1729 modo
1149 1699 1261 1740 possit,
1279 1699 1363 1739 quod
1381 1698 1503 1728 nullam
1516 1697 1632 1728 habeat

156 1764 226 1785 cum
244 1754 309 1785 ullo
326 1755 547 1795 triangulorum
565 1764 679 1795 genere
695 1754 964 1784 communitatem.
990 1753 1055 1783 sola
1070 1753 1156 1783 enim
1182 1758 1261 1782 terra
1286 1752 1450 1793 proprium
1474 1751 1570 1782 habet
1599 1756 1634 1782 et

153 1808 312 1849 peculiare
337 1809 540 1844 elementum,
567 1807 918 1849 Semiquadrangulum.
979 1807 1050 1837 Hoc
1080 1817 1169 1848 porro
1196 1807 1390 1837 elementum
1419 1811 1468 1836 est
1498 1805 1629 1836 aliorum

155 1872 319 1904 corporum
335 1862 434 1903 Ignis,
462 1862 555 1899 aeris,
577 1872 678 1903 aquae.
701 1862 804 1893 sex-ies
829 1862 912 1892 enim
937 1861 1112 1902 composito
1133 1861 1428 1902 semiquadrangulo
1457 1860 1632 1901 triangulus

155 1928 192 1948 ex
209 1916 279 1957 ipso
295 1917 469 1958 aequalibus
489 1917 524 1946 fit
540 1916 700 1948 cruribus:
732 1926 769 1946 ex
788 1926 851 1956 quo
881 1915 1033 1958 pyramis,
1062 1925 1132 1956 quae
1157 1921 1292 1956 quatuor
1318 1915 1411 1945 bases
1437 1919 1470 1944 et
1494 1914 1633 1955 aequales

156 1972 289 2012 angulos
304 1971 410 2006 habet,
427 1970 636 2012 componitur,
651 1971 775 2012 species
791 1970 873 2011 ignis
886 1970 1017 2000 maxime
1030 1969 1155 2000 mobilis
1167 1974 1200 2000 et
1212 1969 1470 2000 tenuissimarum
1484 1968 1632 2010 partium.

159 2025 237 2056 Post
252 2026 312 2055 hoc
325 2030 441 2061 autem,
457 2025 491 2055 id
506 2024 592 2066 quod
607 2031 678 2055 octo
694 2029 819 2055 constat
834 2023 973 2059 sedibus,
985 2028 1056 2055 octo
1073 2023 1201 2064 quidem
1212 2023 1317 2060 bases,
1328 2029 1400 2053 octo
1414 2032 1488 2053 vero
1499 2021 1632 2063 angulos

161 2079 294 2116 habens,
311 2084 359 2110 est
380 2078 478 2110 Aeris
501 2079 706 2110 elementum.
751 2078 897 2110 Tertium
922 2084 1027 2110 autem
1051 2077 1136 2119 quod
1157 2077 1272 2119 viginti
1293 2077 1386 2108 sedes
1411 2077 1517 2114 habet,
1543 2077 1634 2107 bases

160 2132 290 2173 quidem
318 2133 443 2174 viginti,
471 2134 605 2175 angulos
636 2139 740 2165 autem
771 2133 952 2169 duodecim,
989 2133 1092 2174 Aquae
1116 2132 1307 2163 clementum
1335 2137 1395 2168 est,
1430 2130 1636 2173 plurimarum

162 2187 301 2229 partium
316 2193 410 2229 atque
424 2188 686 2230 gravissimarum.
733 2189 761 2219 H
767 2199 811 2219 aec
830 2188 925 2229 igitur
936 2187 974 2218 ab
987 2187 1100 2218 eodem
1113 2187 1272 2217 elemento
1287 2185 1471 2227 composita,
1496 2185 1580 2216 inter
1602 2195 1637 2216 se

165 2247 407 2273 commutantur.
451 2242 498 2273 At
512 2242 545 2273 id
558 2242 643 2284 quod
658 2242 826 2274 duodecim
842 2247 964 2273 constat
991 2241 1130 2277 sedibus,
1155 2240 1324 2282 imaginem
1343 2240 1492 2271 Universi
1514 2239 1638 2275 statuit,

166 2296 288 2338 quippe
311 2297 395 2338 quod
424 2297 464 2328 ad
493 2297 678 2339 sphaericam
704 2297 837 2340 figuram
864 2297 1005 2338 proxime
1031 2296 1172 2326 accedat.
1216 2294 1303 2336 Ignis
1318 2294 1414 2334 igitur
1437 2294 1477 2325 ob
1502 2294 1638 2335 partium

166 2351 353 2381 tenuitatem
369 2361 426 2392 per
441 2345 548 2382 omnia
561 2357 705 2393 penetrat
722 2363 728 2381 τ
754 2351 822 2383 Αὲι·
838 2353 912 2382 item
927 2361 983 2392 per
995 2350 1057 2381 alia
1072 2351 1241 2385 elementa,
1265 2354 1400 2389 excepto
1422 2349 1496 2389 igne
1510 2359 1518 2378 :
1542 2348 1641 2389 Aqua

167 2408 285 2440 autem,
307 2414 365 2445 per
387 2409 512 2435 terram.
557 2405 675 2437 Omnia
696 2406 791 2447 igitur
817 2407 913 2447 plena
933 2410 1018 2440 sunt,
1043 2414 1104 2434 nec
1127 2403 1219 2434 vacui
1244 2403 1414 2444 quicquam
1442 2402 1639 2444 relinquunt.

170 2457 299 2498 Rapido
322 2463 428 2488 autem
457 2458 513 2489 illo
541 2459 679 2490 universi
713 2468 796 2490 motu
827 2459 1093 2500 circumaguntur,
1122 2463 1155 2487 et
1181 2457 1304 2487 firmata
1333 2462 1478 2487 teruntur
1509 2456 1638 2497 quidem

168 2511 317 2547 vicissim,
344 2512 577 2543 indesinentem
593 2523 668 2543 vero
684 2513 903 2544 alterationem
919 2512 960 2543 ad
975 2516 1060 2543 ortus
1075 2516 1107 2542 et
1121 2511 1265 2542 interitus
1290 2509 1471 2552 perficiunt.
1518 2509 1640 2540 Horum

172 2566 350 2597 ministerio
377 2571 411 2597 et
437 2576 534 2607 opera
562 2571 653 2597 utens
682 2566 756 2609 [99]
789 2566 878 2598 Deus
908 2567 990 2597 lmnc
1021 2565 1175 2598 mundum
1202 2565 1395 2596 construxit:
1431 2564 1485 2604 qui
1511 2564 1642 2605 quidem

171 2621 307 2651 mundus
321 2625 451 2662 propter
466 2626 579 2651 terram
596 2622 682 2662 tangi
697 2626 810 2663 potest,
829 2621 927 2652 videri
943 2627 1051 2652 autem
1073 2624 1204 2662 propter
1233 2619 1359 2660 ignem:
1385 2628 1456 2659 quas
1481 2617 1544 2649 duo
1570 2624 1644 2648 sunt

170 2680 324 2705 extrema.
368 2674 433 2705 Per
457 2674 564 2706 aerem
596 2686 668 2706 vero
698 2681 732 2706 et
755 2686 882 2718 aquam,
905 2675 1074 2706 firmissimi
1097 2673 1262 2716 cujusdam
1284 2673 1402 2703 vinculi
1429 2672 1643 2714 proportione,

174 2729 329 2759 mundum
354 2728 527 2770 colligavit,
542 2739 604 2770 qua
631 2734 663 2760 et
684 2731 755 2771 ipsa
777 2735 809 2760 ct
830 2740 899 2771 quae
927 2740 983 2771 per
1008 2729 1110 2770 ipsam
1133 2728 1451 2769 comprehenduntur,
1472 2725 1645 2767 constringi

176 2782 395 2823 continerique
412 2784 546 2824 possint.
577 2783 610 2814 Si
634 2783 729 2826 igitur
738 2783 772 2814 id
781 2784 864 2825 quod
876 2783 1056 2825 colligatur,
1069 2783 1200 2824 planum
1210 2781 1315 2817 fuerit,
1324 2791 1389 2812 una
1401 2780 1557 2812 medietas
1570 2780 1646 2810 satis

175 2840 239 2865 est:
265 2835 313 2866 sin
330 2845 403 2867 vero
415 2836 561 2874 solidum,
575 2837 696 2869 duobus
711 2838 845 2879 indiget.
890 2837 1023 2869 Duobus
1040 2836 1135 2878 igitur
1158 2834 1271 2866 mediis
1296 2834 1360 2865 duo
1382 2843 1522 2866 extrema
1547 2832 1645 2874 adap-

182 2888 271 2924 tavit,
289 2893 323 2919 ut
337 2896 454 2928 essent,
471 2892 570 2923 veluti
584 2892 666 2934 ignis
681 2891 720 2923 ad
737 2892 856 2927 aerem,
869 2891 925 2924 ae'r
938 2890 979 2922 ad
992 2900 1118 2932 aquam,
1142 2900 1220 2931 aqua
1236 2888 1275 2920 ad
1300 2895 1414 2920 terram
1431 2901 1436 2917 :
1455 2894 1486 2918 et
1498 2887 1646 2922 vicissim,

186 2947 220 2972 ut
233 2942 316 2983 iguis
331 2942 371 2972 ad
387 2953 512 2985 aquam,
529 2946 582 2977 atis
598 2946 638 2977 ad
659 2952 784 2978 terram.
806 2952 838 2978 et
866 2945 1017 2983 vicissim,
1043 2943 1142 2975 veluti
1172 2949 1256 2975 terra
1281 2942 1322 2974 ad
1349 2952 1472 2983 aquam,
1501 2951 1581 2982 aqua
1609 2939 1647 2970 ad

276 2996 363 3028 Plat.
385 2997 440 3028 Tr.
933 2999 982 3030 II·
1503 2998 1521 3027 3
1540 2995 1570 3025 N
