1840 3225
203 223 301 275 978]
810 223 1094 264 E121N0M1S.
1593 228 1674 266 453

197 326 271 363 erit,
289 327 345 358 sed
361 327 490 369 sapiens
513 328 680 369 bonusque
705 332 832 369 propter
855 328 956 369 ipsam
973 328 1063 363 civis,
1080 328 1308 369 modestusque
1326 328 1466 359 civitatis
1482 329 1632 370 princeps
1645 337 1679 361 et

197 381 358 413 subditus.
382 383 462 413 hanc
477 381 575 423 igitur
591 382 722 423 primam
737 381 957 423 inspiciamus,
975 392 1046 422 quae
1062 392 1102 412 ex
1119 382 1267 413 omnibus
1282 383 1428 413 humanis
1443 383 1563 414 artibus
1578 383 1624 414 ita
1640 395 1675 414 se

195 436 303 473 habet,
319 442 367 473 ut,
381 436 408 467 si
424 437 491 467 baec
507 446 571 467 una
585 441 797 471 semoveatur,
815 436 1034 466 amentissima
1057 442 1089 467 et
1114 436 1379 477 insipientissima
1402 437 1539 468 hominis
1562 443 1677 469 natura

194 489 355 522 reddatur.
378 501 442 521 non
459 496 509 521 est
519 495 628 521 autem
642 490 702 521 hoc
716 489 852 520 inventu
865 489 1006 520 difficile.
1029 500 1103 520 nam
1119 490 1142 521 si
1160 490 1216 520 uni
1233 501 1329 521 unam
1344 491 1500 527 conseres,
1517 492 1584 528 illa,
1603 502 1676 532 quae

191 553 361 576 numerum
386 545 569 576 mortalium
597 544 706 585 generi
733 544 834 581 dedit,
858 544 889 574 id
917 543 1059 585 profecto
1086 543 1213 575 efficiet.
1259 544 1368 575 Deum
1398 551 1506 576 autem
1535 546 1676 587 aliquem

193 599 296 641 magis
323 609 420 640 quam
442 599 601 629 fortunam
628 599 668 630 ad
695 599 832 629 salutem
857 604 1000 629 nostram
1025 599 1084 629 1100
1111 608 1228 628 11101105
1248 598 1336 629 nobis
1349 598 1480 629 arbitror
1492 601 1676 631 contulisse.

192 663 288 694 quem
302 663 378 684 vero
391 653 500 684 Deum
513 658 636 693 putem,
653 652 745 683 vobis
758 652 873 688 dicam,
891 652 1018 683 etiamsi
1031 652 1188 683 absurdus
1200 653 1330 684 videbor
1342 658 1375 683 et
1389 663 1496 683 rursus
1507 654 1602 685 modo
1613 654 1675 685 alio

190 717 254 738 non
268 706 434 738 absurdus.
455 716 530 737 nam
541 706 644 747 ipsum
660 706 816 737 bonorum
833 706 976 738 omnium
992 712 1166 743 auctorem,
1184 717 1240 738 cur
1252 717 1315 738 non
1332 707 1429 738 etiam
1442 707 1573 738 maximi
1585 708 1675 747 boni,

191 761 289 803 [977]
313 761 492 802 prudentias
503 760 586 798 dico,
601 771 730 792 causam
742 761 963 792 arbitrabimur
976 762 987 792 ἓ
1011 772 1108 802 quem
1121 772 1195 792 vero
1210 762 1318 792 Deum
1331 761 1489 798 laudibus,
1506 772 1525 793 ο
1539 762 1676 803 Megillo.

188 819 223 846 et
249 814 365 852 Clinia,
388 815 510 846 effero?
535 815 649 847 coelum
669 816 789 846 ferme:
817 817 900 856 quod
925 826 982 857 par
1007 821 1071 852 est,
1094 817 1177 847 sicut
1207 816 1370 847 daemones
1385 816 1440 846 alii
1456 816 1549 847 simul
1565 827 1675 849 omnes

189 869 352 910 ceterique
378 869 444 901 Dei
469 870 601 907 faciunt,
629 880 687 901 nos
709 880 836 912 quoque
863 870 1034 902 honoribus
1061 871 1166 902 colere
1193 881 1229 901 ac
1243 871 1403 912 praecipue
1421 869 1561 902 adorare.
1585 872 1675 912 atqui

188 928 367 955 ceterorum
394 925 537 957 omnium
565 926 723 956 bonorum
755 935 883 956 causam
913 925 1005 956 nobis
1035 926 1151 956 coelum
1180 925 1280 956 fuisse
1306 936 1416 956 omnes
1432 925 1672 957 confiterentur.

185 977 311 1009 dedisse
334 985 488 1020 praeterea
510 990 691 1016 numerum,
718 985 815 1021 atque
843 979 952 1016 etiam,
979 979 1006 1010 si
1032 980 1103 1020 quis
1130 981 1297 1011 observare
1324 980 1413 1017 velit,
1439 979 1598 1017 daturum,
1613 990 1674 1012 nos

189 1033 391 1064 affirmamus.
415 1034 500 1075 quod
517 1034 648 1075 quidem
661 1034 690 1064 is
707 1039 906 1075 assequetur,
922 1034 976 1075 qui
992 1034 1024 1064 in
1042 1039 1163 1065 rectam
1189 1034 1258 1076 ejus
1287 1034 1539 1075 speculationem
1563 1045 1674 1066 ascen-

190 1085 283 1123 derit,
311 1087 377 1118 sive
404 1089 562 1119 mundum
591 1089 659 1119 sive
687 1088 863 1130 Olympum
889 1088 956 1118 sive
983 1090 1097 1119 coelum
1122 1088 1155 1119 id
1181 1088 1282 1119 libeat
1311 1089 1484 1129 appellare,
1501 1089 1675 1121 dummodo

189 1141 361 1172 varietates
389 1142 493 1183 ipsius
521 1143 713 1180 consideret,
739 1148 773 1174 et
797 1142 960 1185 quomodo
987 1142 1130 1174 anfractu
1155 1143 1355 1183 circuituque
1379 1148 1532 1174 astrorum
1547 1143 1675 1175 diversa

189 1195 306 1226 efficiat
322 1202 478 1237 tempora,
495 1197 712 1238 alimentaque
739 1197 929 1228 animalibus
944 1197 1105 1239 largiatur,
1121 1208 1158 1228 ac
1175 1198 1363 1238 sapientiam
1378 1207 1441 1228 una
1456 1208 1527 1229 cum
1542 1209 1674 1229 1111111010

187 1250 367 1291 ceterisque
379 1251 480 1288 bonis,
494 1251 675 1282 hominibus
683 1252 813 1282 tribuat.
821 1251 855 1282 id
865 1262 940 1283 vero
951 1252 1127 1282 maximum
1135 1259 1193 1287 est,
1205 1253 1232 1282 si
1249 1251 1331 1292 quiS,
1345 1262 1546 1283 numerorum
1563 1263 1674 1283 munus

188 1304 227 1335 ab
243 1315 282 1335 eo
299 1304 490 1347 susdpiens,
508 1316 636 1337 omnem
652 1311 817 1347 percurrat
831 1306 1010 1338 circuitum.
1033 1306 1089 1337 sed
1112 1306 1265 1337 memoria
1285 1310 1469 1347 repetamus
1492 1306 1623 1343 dictum,
1641 1311 1674 1337 et

186 1359 362 1389 rectissime
379 1360 521 1400 quidem,
533 1360 568 1390 in
581 1359 799 1401 superioribus
815 1370 834 1391 a
849 1360 941 1391 nobis
956 1360 1064 1397 fuisse,
1083 1360 1110 1390 si
1126 1360 1197 1402 quis
1205 1361 1245 1391 ab
1256 1360 1416 1390 hominum
1433 1365 1547 1391 natura
1560 1371 1672 1392 nurne-

184 1423 257 1443 rum
287 1414 419 1449 auferat,
444 1424 604 1455 nunquam
627 1415 802 1454 prudentes
824 1424 884 1445 nos
911 1414 988 1444 fore.
1011 1425 1171 1454 nunquam
1199 1414 1286 1445 enim
1300 1414 1397 1445 ferme
1415 1414 1559 1445 animalis
1576 1415 1671 1456 liujus

186 1467 292 1498 anima
303 1467 452 1498 virtutem
467 1478 591 1498 omnem
609 1468 781 1509 percipiet,
794 1478 813 1498 a
829 1478 891 1508 quo
906 1468 1058 1498 rationem
1076 1468 1245 1498 abstuleris
1260 1480 1266 1497 :
1291 1479 1350 1499 nec
1367 1469 1496 1504 animal,
1510 1470 1595 1510 quod
1609 1471 1673 1500 duo

184 1527 217 1552 et
242 1522 311 1558 tria,
335 1526 367 1552 et
390 1532 448 1563 par
473 1527 507 1553 et
527 1522 641 1563 impar,
667 1531 704 1553 ac
729 1531 892 1553 numerum
911 1532 1037 1563 prorsus
1054 1521 1188 1563 ignorat,
1206 1522 1357 1552 rationem
1375 1522 1415 1553 de
1431 1522 1521 1553 rebus
1539 1524 1672 1554 reddere

184 1586 325 1617 unquam
341 1577 471 1617 poterit,
487 1586 566 1617 quas
582 1586 678 1607 sensu
695 1576 796 1607 solum
813 1580 909 1617 atque
928 1577 1074 1606 memoria
1092 1577 1240 1617 percipit.
1254 1576 1410 1617 reliquam
1424 1587 1496 1607 vero
1508 1577 1673 1613 virtutem,

182 1629 402 1661 fortitudinem
418 1630 490 1661 dico
508 1635 540 1661 et
558 1630 810 1671 temperantiam,
824 1631 940 1661 habere
957 1631 1033 1661 1111111
1051 1631 1205 1671 prohibet.
1230 1631 1287 1672 qui
1303 1636 1410 1661 autem
1437 1641 1518 1661 verse
1542 1632 1673 1662 rationis

184 1690 234 1714 est
245 1694 369 1726 expers,
385 1684 412 1714 is
428 1683 589 1725 quomodo
606 1685 732 1725 sapiens
745 1695 888 1726 unquam
904 1685 1038 1715 evadet?
1064 1684 1116 1715 cui
1130 1695 1205 1715 vero
1221 1684 1322 1716 deerit
1333 1685 1501 1725 sapientia,
1513 1686 1671 1716 universae

182 1739 309 1769 virtutis
322 1749 394 1780 pars
409 1738 558 1774 maxima,
569 1738 606 1774 is,
624 1748 696 1769 cum
708 1739 812 1769 bonus
824 1738 968 1769 absolute
978 1749 1047 1769 csse
1060 1749 1124 1769 non
1137 1739 1249 1780 possit,
1260 1749 1425 1780 nunquam
1438 1739 1671 1770 beatitudinem

185 1798 381 1834 assequetur.
404 1793 448 1824 ita
472 1803 604 1824 necesse
628 1798 676 1823 est
699 1793 828 1824 omnino
851 1804 1015 1824 numerum
1043 1803 1309 1834 praesupponere:
1335 1794 1432 1834 idque
1458 1794 1672 1825 necessarium

182 1857 262 1884 esse,
280 1847 424 1888 pluribus
438 1847 536 1878 etiarn
550 1847 722 1878 rationibus
738 1848 909 1878 monstrari
925 1848 1012 1878 licet.
1036 1849 1091 1878 sed
1109 1853 1196 1878 recte
1213 1858 1297 1878 nunc
1314 1847 1434 1878 ratione
1451 1848 1509 1878 hac
1529 1848 1674 1878 ostendi·

182 1906 242 1937 tur,
259 1901 347 1942 quod
371 1907 487 1932 ccterae
510 1906 604 1938 artes,
630 1912 710 1943 quas
735 1912 846 1932 01111105
873 1903 969 1943 paulo
997 1906 1070 1933 ante
1097 1902 1362 1938 enumeravimus,
1388 1901 1513 1932 sublato
1542 1912 1672 1932 numero

183 1956 312 1996 penitus
327 1962 530 1986 evanescent.
553 1956 635 1986 sorte
651 1966 737 1992 vero,
754 1956 809 1997 qui
825 1956 865 1986 de
884 1957 1004 1987 artibus
1018 1956 1181 1997 cogitabit,
1198 1966 1301 1997 pauca
1317 1966 1387 1986 esse
1411 1955 1623 1992 arbitrabitur,
1637 1957 1670 1987 in

183 2009 299 2050 quibus
323 2011 492 2040 humanum
519 2020 622 2052 genus
647 2020 781 2041 numero
804 2010 949 2051 indiget;
974 2012 1116 2051 quamvis
1141 2016 1173 2040 et
1200 2011 1257 2041 1100
1272 2020 1423 2051 magnum
1441 2011 1491 2040 sit.
1515 2021 1622 2040 verum
1640 2011 1670 2042 si

182 2064 262 2104 quis,
281 2064 365 2105 quod
383 2065 527 2095 divinum
542 2065 576 2094 in
593 2064 800 2106 generatione
815 2069 848 2095 et
861 2064 946 2105 quod
962 2065 1095 2094 mortale
1111 2071 1168 2099 est.
1188 2064 1374 2105 inspexerit,
1391 2075 1455 2105 qua
1468 2065 1500 2094 in
1514 2075 1548 2095 re
1564 2065 1670 2105 pietas

181 2127 256 2158 erga
286 2118 374 2149 Deos
403 2125 436 2148 et
463 2129 555 2149 verus
581 2128 732 2149 numerus
759 2125 989 2159 cognoscetur,
1018 2117 1115 2160 [978]
1142 2119 1166 2148 is
1198 2119 1340 2159 profecto
1371 2119 1514 2149 inveniet
1542 2120 1668 2150 nullum

182 2177 298 2208 vatem,
312 2178 439 2213 quantae
457 2173 580 2203 virtutis
595 2183 690 2204 causa
707 2173 798 2204 nobis
809 2183 956 2204 numerus
973 2173 1024 2213 sit,
1043 2173 1067 2203 si
1082 2172 1178 2203 modo
1194 2174 1360 2204 universus
1373 2173 1509 2210 affuerit,
1525 2184 1668 2215 compre—

182 2226 321 2256 hendere
347 2237 454 2267 posse.
479 2237 551 2257 narn
583 2232 615 2257 et
642 2232 710 2258 tota
734 2227 856 2257 musica
882 2232 986 2257 motus
1014 2232 1046 2257 et
1071 2237 1184 2257 vocum
1213 2237 1343 2257 numero
1364 2226 1499 2267 indiget.
1523 2232 1555 2257 et
1581 2227 1667 2267 quod

180 2281 352 2311 maximum
367 2286 428 2317 est,
446 2282 596 2312 bonorum
612 2281 742 2322 quidem
757 2280 910 2316 omnium,
929 2281 1001 2311 mali
1020 2291 1090 2311 vero
1114 2281 1232 2311 nullius
1255 2290 1381 2311 causam
1406 2290 1478 2310 esse
1501 2291 1665 2312 numerum

181 2334 254 2364 111110
276 2334 370 2365 facile
393 2345 585 2375 cognoscere
613 2345 791 2377 possumus,
816 2334 902 2376 quod
918 2335 1108 2365 irrationalis
1123 2342 1152 2366 et
1168 2335 1356 2370 inordinata,
1376 2334 1538 2371 deformis,
1556 2335 1668 2376 inepta

183 2387 438 2429 inconcinnaque
466 2389 606 2430 agitatio,
639 2389 747 2420 omnia
773 2390 921 2431 denique,
947 2390 980 2419 in
1011 2391 1126 2431 quibus
1159 2390 1231 2420 mali
1261 2389 1428 2431 quippiam
1453 2390 1549 2425 inest,
1580 2390 1666 2420 omni

183 2451 312 2472 numero
337 2447 458 2474 carent.
481 2444 567 2484 quod
585 2454 672 2479 sane,
698 2443 752 2484 qui
780 2443 891 2475 beatus
910 2443 1040 2474 tandem
1056 2444 1176 2474 futurus
1191 2450 1253 2483 est,
1265 2444 1409 2484 ignorare
1422 2453 1486 2473 non
1503 2444 1611 2475 debet.
1634 2449 1668 2475 et

181 2496 234 2536 qui
246 2495 379 2537 justum,
391 2497 521 2537 honum,
533 2498 701 2528 honestum
711 2502 879 2539 ceteraque
889 2498 1065 2540 hujusmodi
1077 2498 1281 2539 ignoraverit,
1294 2509 1353 2528 nec
1364 2508 1470 2528 veram
1481 2497 1663 2538 opinionem

184 2550 224 2580 de
252 2550 302 2581 his
331 2550 502 2593 acceperit,
519 2551 558 2581 ad
577 2562 611 2581 se
627 2552 730 2593 ipsum
749 2557 783 2583 et
799 2553 878 2584 alios
891 2552 1131 2594 persuadendos
1145 2552 1265 2583 numeri
1281 2552 1476 2593 rationisque
1494 2552 1524 2582 vi
1537 2552 1584 2582 uti
1601 2562 1664 2583 non

180 2605 307 2645 poterit.
343 2605 400 2635 sed
437 2604 673 2636 consideremus
707 2606 788 2647 jam,
828 2606 987 2648 quomodo
1019 2617 1149 2638 numero
1180 2607 1224 2637 uti
1259 2606 1439 2637 didicimus.
1478 2616 1548 2647 age,
1579 2607 1663 2637 unde

180 2669 274 2689 unum
288 2664 322 2689 et
336 2658 401 2689 duo
417 2659 640 2701 percepimus?
663 2666 700 2691 ut
714 2660 793 2691 illud
811 2661 1142 2697 animadverteremus,
1170 2660 1212 2691 ad
1232 2660 1319 2701 quod
1343 2661 1603 2701 cognoscendum
1625 2660 1664 2691 ab

178 2714 326 2744 universo
354 2718 499 2745 naturam
527 2713 654 2755 vimque
684 2715 880 2756 accepimus.
916 2715 1058 2756 profecto
1103 2726 1177 2746 cum
1206 2715 1315 2746 multis
1342 2714 1525 2745 animalium
1554 2720 1664 2744 natura

177 2768 352 2809 negaverit,
383 2778 423 2799 ne
454 2778 473 2799 a
502 2773 590 2809 patre
617 2775 737 2809 queant
765 2779 855 2799 usum
885 2770 1006 2800 numeri
1037 2770 1171 2804 discere,
1201 2769 1293 2800 nobis
1327 2768 1362 2800 id
1388 2769 1522 2810 primum
1548 2768 1665 2798 indidit

182 2821 282 2858 Deus,
308 2827 343 2853 ut
368 2823 525 2864 possimus
549 2824 582 2853 in
606 2833 655 2858 eo,
682 2822 768 2864 quod
794 2823 983 2859 ostenditur,
1011 2833 1178 2854 numerum
1200 2823 1390 2865 intelligere.
1415 2822 1530 2854 deinde
1556 2827 1661 2852 osten-

183 2876 229 2907 dit
244 2877 393 2918 apertius,
410 2877 558 2920 idemque
575 2878 700 2909 assidue
718 2878 803 2909 sacit.
827 2877 857 2908 in
874 2887 938 2919 qua
953 2878 1166 2919 explicatione
1184 2888 1283 2909 rerum
1301 2878 1380 2909 nihil
1397 2877 1494 2912 aliud,
1515 2877 1540 2907 51
1563 2887 1658 2908 unum
