1840 3225
143 222 249 272 ⁴562]
575 217 649 257 DE
679 215 985 256 REPUBLICA
1016 216 1115 255 Llss.
1146 213 1260 254 VIII.
1533 214 1611 251 205

140 325 231 360 „clam
248 325 388 366 serpunt,
405 332 550 365 magnum
567 322 749 353 excrescunt
764 320 797 350 in
814 329 988 351 numerum.
1033 319 1114 349 Ant.
1139 318 1225 355 Quid
1242 317 1386 359 prohibet
1401 316 1411 347 ?
1449 315 1505 346 So.
1529 314 1612 345 Tan—

147 379 219 410 dem
232 378 383 420 juvenilis
398 378 492 409 animi
507 387 607 408 arcem
622 379 790 415 occupant,
803 373 1040 415 praesentientes
1053 383 1182 404 vacuam
1198 383 1264 404 esse
1274 371 1483 403 doctrinarum
1499 370 1612 400 hones-

149 437 314 474 torumque
329 433 498 464 officiorum
509 436 541 462 et
552 440 691 461 verarum
704 428 831 469 insuper
841 428 994 458 rationum
1008 439 1014 457 :
1039 427 1093 469 qui
1104 437 1177 457 sane
1194 426 1306 468 optimi
1319 425 1455 456 omnium
1467 423 1613 454 custodes

148 491 380 528 servatoresque
395 486 427 516 in
442 485 601 515 hominum
615 483 736 525 piorum
753 482 908 512 mentibus
924 487 1056 512 exstant.
1092 480 1176 513 Am.
1201 480 1415 520 Summopcre.
1440 478 1496 508 So.
1513 476 1611 508 Falsae

150 550 225 570 vero
240 545 272 571 et
287 540 428 580 superbae
445 537 684 579 petulantesque
698 535 834 566 rationes
858 539 901 565 et.
915 534 1080 575 opiniones
1106 544 1210 564 eorum
1226 533 1259 563 in
1278 533 1380 564 locum
1396 531 1612 564 succedentes,

145 594 284 624 eundem
300 593 369 624 talis
382 592 518 622 hominis
533 591 636 621 locum
652 589 807 621 obtinent.
852 588 936 619 Am.
958 588 1110 619 Maxime.
1155 588 1211 618 So.
1233 586 1350 617 Nonne
1366 586 1477 616 iterum
1494 585 1534 615 ad
1558 584 1613 614 de-

148 646 259 678 licatos
274 646 342 677 illos
358 646 523 682 accedens,
541 644 702 675 manifeste
729 643 872 674 habitat?
907 653 944 674 ac
968 643 991 673 si
1008 652 1026 672 a
1042 641 1220 672 domesticis
1244 640 1460 681 adjumentum
1483 638 1613 679 aliquod

149 701 324 742 praebeatur
339 699 470 740 parciori
487 698 582 729 animi
597 698 695 739 ipsius
705 696 876 733 affectioni,
887 696 1011 738 superbi
1030 696 1267 737 petulantesque
1283 704 1452 729 sermones,
1463 692 1612 724 clauden-

150 759 196 785 tes
210 754 284 794 regii
299 754 332 784 in
347 764 387 785 eo
405 753 481 783 muri
499 757 618 794 portas,
633 761 737 792 neque
752 749 929 792 praesidium
957 750 1060 791 ipsum
1085 749 1267 789 admittunt,
1289 757 1392 788 neque
1416 746 1535 787 legatos
1552 746 1614 786 pri—

149 812 290 838 vatorum
312 817 421 838 senum
437 806 573 837 monitus
587 805 760 847 excipiunt,
777 804 830 835 sed
858 804 919 845 ipsi
941 803 1050 845 proelio
1073 808 1241 844 superant:
1265 807 1297 833 et
1320 801 1470 843 pudorem
1486 799 1612 841 quidem

144 861 347 903 vappellantes
360 860 535 892 fatuitatem
552 860 583 890 in
599 859 740 890 exsilium
756 858 887 899 turpiter
908 869 979 889 eum
1003 858 1188 900 expellunt:
1213 855 1448 898 temperantiam
1471 863 1544 884 vero
1567 852 1614 893 ig-

149 915 272 946 naviam
295 915 491 946 nominantes
505 915 768 956 reprobantesque
782 913 935 954 ejiciunt:
961 913 1145 943 modestiam
1167 922 1295 955 quoque
1316 912 1349 941 in
1373 909 1507 940 moribus
1530 912 1562 938 et
1580 907 1614 936 in

148 969 324 1010 sumptibus
340 969 596 1004 moderationem,
613 974 760 1009 tanquam
776 968 977 998 rusticitatem
992 973 1024 998 et
1039 967 1289 1002 illiberalitatem,
1306 964 1430 1006 penitus
1456 963 1615 993 detestan-

150 1028 200 1053 tur
228 1028 260 1054 et
285 1023 396 1064 fugant
413 1034 422 1053 z
456 1028 489 1054 et
515 1023 574 1064 ipsi
599 1033 661 1053 una
686 1032 758 1052 cum
784 1021 887 1052 multis
917 1021 1122 1063 futilibusque
1146 1020 1374 1062 cupiditatibus
1394 1014 1614 1047 invalescunt?

91 1111 97 1116 ,
151 1076 236 1108 Am.
259 1077 468 1119 Magnopere.
513 1077 569 1108 So.
594 1077 672 1108 Cum
690 1077 757 1107 haec
773 1075 962 1117 depulerunt
984 1086 1021 1106 ex
1034 1075 1102 1116 ejus
1126 1075 1243 1114 animo,
1258 1084 1350 1115 quem
1374 1075 1570 1112 occuparunt
1584 1073 1617 1099 et

149 1137 333 1172 purgarunt,
348 1132 590 1173 ingentibusque
608 1131 795 1162 initiationis
810 1130 987 1161 muneribus
1012 1130 1196 1168 affecerunt,
1218 1134 1292 1169 post
1314 1128 1380 1157 haec
1397 1124 1615 1167 petulantiam,

146 1184 321 1222 licentiam,
349 1185 616 1227 prodigalitatem,
643 1185 880 1226 impudentiam,
908 1184 1089 1224 splendidas
1114 1183 1211 1213 multo
1235 1193 1306 1213 cum
1332 1181 1426 1212 choro
1453 1179 1616 1209 deducunt

153 1245 327 1276 coronatas,
342 1240 527 1271 extollentes
543 1239 855 1281 applaudentesque:
881 1238 954 1268 dum
979 1237 1182 1278 petulantiam
1209 1237 1377 1277 ingenuam
1394 1232 1613 1264 educationem

152 1292 328 1330 nominant,
344 1293 502 1324 licentiam
528 1293 714 1332 libertatem,
736 1291 985 1333 prodigalitatem
1010 1291 1285 1332 magnificentiam,
1312 1287 1538 1329 impudentiam
1554 1285 1616 1316 for-

151 1346 331 1379 titudinem.
357 1347 455 1389 [561]
481 1358 521 1378 an
533 1358 596 1378 non
607 1347 649 1377 ita
660 1347 892 1388 quodammodo
900 1345 1026 1387 juvenis
1038 1345 1148 1376 transit
1161 1355 1198 1375 ex
1214 1342 1362 1374 innutrita
1376 1339 1616 1372 necessariarum

145 1401 361 1442 cupiditatum
377 1401 545 1433 affectione
563 1402 593 1431 in
609 1401 775 1432 resolutam
799 1400 958 1431 licentiam
989 1410 1053 1430 non
1079 1398 1318 1430 necessariarum
1344 1396 1545 1435 futiliumque
1562 1404 1616 1423 vo-

152 1455 333 1497 luptatum?
379 1456 464 1488 Am.
487 1456 588 1487 Plane
603 1456 635 1486 id
651 1460 785 1487 constat.
830 1455 887 1487 So.
913 1453 999 1485 Vivit
1020 1454 1170 1495 deinceps
1193 1453 1274 1488 talis,
1299 1456 1332 1482 ut
1353 1451 1495 1488 arbitror,
1517 1447 1615 1478 nihilo

153 1509 252 1550 magis
276 1511 515 1541 necessariarum
542 1521 636 1552 quam
663 1519 921 1552 supervacuarum
944 1509 1140 1550 voluptatum
1168 1507 1265 1549 gratia
1293 1515 1423 1546 erogans
1453 1502 1617 1545 pecunias,

153 1563 284 1600 labores,
301 1564 549 1595 exercitationes.
575 1574 679 1594 verum
697 1564 724 1594 si
743 1564 788 1593 ita
810 1562 984 1593 fortunatus
1000 1567 1059 1601 est,
1074 1567 1110 1593 ut
1124 1572 1225 1604 neque
1247 1561 1326 1591 ultra
1350 1559 1478 1590 modum
1502 1558 1616 1588 debac-

155 1618 275 1654 chetur,
300 1618 394 1648 immo
417 1619 520 1649 senior
540 1618 642 1650 factus
663 1623 696 1649 et
717 1617 838 1658 ingenti
855 1616 922 1658 jam
946 1616 1178 1658 perturbatione
1199 1615 1305 1657 elapsa
1327 1624 1391 1644 non
1419 1612 1534 1647 omnia,
1562 1612 1617 1642 sed

152 1671 271 1713 aliquid
287 1672 437 1709 admittit,
453 1677 486 1703 et
500 1677 604 1714 partes
616 1671 828 1703 excidentium
845 1670 986 1712 suscipit,
1010 1677 1042 1702 et
1067 1670 1312 1712 ingredientibus
1327 1667 1568 1708 haudquaquam
1585 1674 1618 1694 se

154 1731 253 1756 totum
268 1726 446 1763 committit,
471 1727 686 1769 voluptatibus
705 1725 773 1767 jam
799 1727 838 1757 ad
865 1725 1076 1767 aequalitatem
1102 1724 1238 1756 reductis
1252 1723 1297 1754 ita
1311 1722 1400 1762 vivit,
1415 1726 1450 1751 ut
1464 1717 1617 1750 incidenti

153 1789 274 1820 semper
296 1786 445 1822 tanquam
461 1781 603 1812 sortienti
618 1781 781 1823 imperium
799 1781 848 1812 sui
871 1781 983 1817 tradat,
1007 1780 1111 1822 quoad
1135 1779 1323 1820 impleatur;
1347 1785 1512 1817 rursusque
1529 1772 1618 1803 alteri

152 1834 347 1874 succedenti,
362 1835 478 1865 nullam
491 1845 650 1876 spernenS,
667 1836 720 1866 sed
738 1846 845 1866 omnes
860 1846 950 1877 aeque
965 1835 1116 1865 nutriens.
1152 1833 1237 1863 Am.
1260 1833 1312 1863 Sic
1328 1830 1452 1861 accidit.
1482 1829 1538 1859 So.
1554 1827 1618 1857 Iste

151 1888 281 1930 quidem
294 1888 447 1920 rationem
460 1899 564 1920 veram
580 1899 644 1919 non
657 1889 774 1930 accipit
789 1899 891 1930 neque
906 1889 940 1919 in
956 1888 1107 1919 custodiae
1128 1897 1192 1917 suae
1217 1896 1318 1917 arcem
1342 1882 1491 1918 admittit,
1507 1881 1531 1911 si
1547 1879 1618 1922 quis

154 1942 266 1974 dixerit
282 1943 458 1984 voluptates
482 1944 595 1984 partim
617 1953 684 1973 esse
707 1943 856 1973 bonarum
883 1943 1146 1983 honestarumque
1172 1929 1393 1982 cupiditatum,
1411 1936 1522 1979 partim
1546 1944 1618 1964 vero

155 1997 318 2034 malarum,
334 2001 366 2028 et
380 1995 449 2027 illas
463 1997 653 2027 exercendas
669 2006 736 2027 esse
752 2001 784 2026 et
799 1996 1007 2033 honorandas,
1033 1996 1087 2026 has
1111 1999 1219 2027 contra
1243 1992 1449 2024 moderandas
1475 1994 1507 2020 et
1530 1987 1618 2020 cohi·

156 2050 297 2082 bendas:
322 2061 426 2081 verum
442 2050 475 2081 in
490 2050 538 2080 his
561 2049 706 2080 omnibus
728 2050 850 2087 annuit,
874 2050 1067 2091 affirmatque
1090 2059 1197 2080 omnes
1220 2047 1335 2078 similes
1357 2055 1425 2077 esse
1447 2049 1480 2075 et
1504 2042 1620 2085 pariter

155 2105 363 2136 honorandas.
407 2104 489 2136 Am.
514 2104 673 2141 Profecto,
689 2104 829 2146 quisquis
844 2104 888 2134 ita
902 2104 1033 2135 affectus
1057 2109 1116 2140 est,
1141 2103 1173 2133 id
1196 2102 1271 2143 agit.
1317 2101 1374 2132 So.
1396 2098 1513 2130 Nonne
1529 2098 1572 2127 ita
1587 2096 1621 2127 in

154 2158 224 2190 dies
238 2158 326 2196 vivit,
343 2164 377 2189 ut
390 2158 600 2189 incidentibus
625 2158 890 2200 praesentibusque
915 2168 1036 2199 semper
1061 2156 1285 2198 cupiditatibus
1312 2151 1520 2195 obsequatur?
1543 2151 1620 2181 dum

156 2212 303 2244 videlicet
317 2211 393 2243 alias
414 2211 556 2243 ebrietati
574 2211 900 2253 modulationibusque
924 2211 1077 2252 indulget,
1101 2210 1177 2241 alias
1192 2220 1281 2251 aquae
1298 2214 1375 2250 potu
1391 2211 1557 2239 contentus
1572 2209 1621 2236 est

156 2273 189 2298 ct
202 2266 309 2298 inedia
323 2264 337 2298 ι’
355 2266 512 2297 interdum
529 2277 600 2297 vero
624 2266 829 2308 gymnasticae
852 2266 962 2297 studiis
985 2276 1018 2297 se
1045 2269 1179 2302 exercet,
1206 2272 1431 2304 nonnunquam
1455 2258 1621 2291 remissiori

158 2321 262 2352 animo
278 2326 382 2362 torpet
396 2332 403 2351 :
429 2321 619 2362 quandoque
635 2321 842 2362 philosophiae
856 2320 986 2361 attingit
1000 2320 1123 2350 studia:
1147 2329 1231 2360 saepe
1247 2317 1341 2349 etiam
1358 2327 1391 2347 se
1406 2315 1445 2346 ad
1461 2324 1524 2345 rem
1539 2313 1620 2354 pub-

157 2374 249 2406 licam
264 2374 395 2412 confert,
412 2375 581 2417 proditque
597 2376 629 2406 in
647 2375 795 2412 medium,
810 2375 961 2417 quicquid
978 2374 1092 2405 obtulit
1108 2384 1184 2410 sors,
1199 2378 1231 2404 et
1246 2373 1354 2403 dicens
1369 2376 1402 2402 et
1417 2369 1534 2400 faciens
1549 2379 1556 2397 ι
1581 2377 1619 2398 ac

159 2428 185 2458 si
200 2428 390 2470 quandoque
405 2428 517 2459 milites
531 2428 712 2466 admiratur,
735 2429 776 2460 ad
797 2439 851 2460 eos
875 2429 970 2460 fertur
986 2440 993 2459 ε
1018 2429 1065 2459 sin
1090 2433 1285 2463 mercatores,
1302 2426 1341 2455 ad
1357 2426 1414 2455 hos
1428 2432 1545 2454 rursum
1561 2420 1619 2451 ad-

157 2486 285 2513 ventat:
309 2491 412 2523 neque
427 2482 535 2513 ordine
551 2482 613 2512 ullo
629 2488 684 2513 aut
709 2483 894 2514 necessitate
919 2483 1013 2514 vitam
1039 2493 1125 2513 suam
1149 2480 1277 2522 dirigit3
1310 2480 1365 2510 sed
1387 2476 1562 2519 jucundam
1589 2480 1621 2505 et

157 2535 314 2567 liberalem
331 2541 363 2567 et
379 2536 499 2567 beatam
514 2536 596 2566 hanc
612 2536 707 2567 vitam
731 2537 908 2578 appellans,
933 2538 1015 2568 hanc
1037 2536 1161 2567 assidue
1187 2535 1276 2566 colit.
1322 2534 1402 2563 Ani.
1425 2531 1508 2562 Scite
1525 2530 1619 2560 vitam

159 2590 320 2632 popularis
334 2590 480 2627 hominis,
495 2589 613 2620 nullum
627 2591 782 2622 delectum
798 2591 925 2622 vivendi
940 2591 1094 2626 habentis,
1110 2588 1252 2620 narrasti.
1295 2587 1353 2618 So.
1375 2585 1516 2617 Arbitror
1531 2582 1620 2624 equi-

157 2644 228 2675 dem
246 2644 372 2685 plenum
389 2645 472 2675 bunc
488 2644 616 2675 diversis
633 2644 834 2687 plurimisque
849 2645 984 2676 moribus
999 2655 1078 2681 csse,
1089 2644 1314 2686 pulchrumque
1325 2646 1357 2673 et
1368 2640 1497 2675 varium,
1512 2648 1620 2679 quem-

159 2697 328 2730 admodum
353 2698 511 2728 civitatem
536 2698 634 2739 illam,
655 2698 773 2728 videri:
808 2708 901 2740 quem
917 2709 991 2730 sane
1008 2698 1097 2729 multi
1118 2703 1212 2739 atque
1237 2696 1342 2727 multae
1367 2693 1499 2725 feliciter
1518 2692 1620 2722 vivere

160 2751 389 2788 arbitrarentur,
404 2762 473 2783 cum
490 2762 588 2783 rerum
603 2751 794 2792 publicarum
811 2757 906 2794 atque
931 2763 1050 2783 morum
1076 2752 1108 2782 in
1132 2762 1164 2783 se
1180 2750 1277 2781 multa
1291 2748 1435 2790 exempla
1450 2746 1620 2778 contineat.

161 2804 245 2836 ΑΒΕ
269 2805 319 2836 Ita
333 2811 380 2836 est
395 2805 552 2838 nimirum.
573 2806 630 2837 So.
645 2806 720 2837 Esto
736 2806 826 2837 nobis
839 2807 884 2837 vir
894 2806 963 2837 talis
974 2805 1117 2848 populari
1131 2805 1174 2836 rei
1186 2804 1320 2846 publicae
1332 2802 1451 2841 similis,
1463 2800 1560 2841 [562]
1572 2804 1621 2829 ut·

164 2862 240 2899 pote
253 2858 305 2900 qui
318 2859 475 2901 popularis
486 2860 593 2891 merito
607 2859 795 2891 nominetur.
831 2861 914 2892 Ani.
930 2860 1016 2892 Esto.
1056 2860 1111 2892 So.
1125 2859 1294 2901 Reliquum
1307 2863 1364 2895 cst,
1380 2862 1412 2887 ut
1423 2857 1462 2886 dc
1476 2854 1623 2897 praeclara

163 2911 217 2944 illa
231 2922 262 2944 re
277 2913 402 2955 publica
417 2913 544 2956 viroque
560 2914 708 2957 praeclaro
721 2914 875 2957 dicamus,
890 2915 1058 2957 tyrannide
1074 2919 1168 2957 atque
1185 2920 1329 2956 tyranno.
1369 2911 1449 2943 Aur.
1471 2907 1625 2940 Omnino.
