1840 3225
173 265 273 316 449]
608 267 683 305 DE
712 263 1021 304 REPUBLICA
1052 264 1150 302 LIB.
1183 264 1232 303 V.
1563 263 1638 301 147

173 373 207 400 et
222 369 422 410 pulchritudo
448 375 480 402 et
504 371 647 401 robustus
672 368 769 400 animi
784 367 894 410 vigor:
919 367 1053 408 pravitas
1077 373 1185 398 contra
1208 366 1345 402 morbus,
1359 365 1520 407 turpitudo
1535 370 1568 396 et
1582 366 1639 396 im.

174 422 340 455 becillitas.
396 424 510 456 GLAt'.
532 423 599 459 Est,
623 429 657 454 ut
683 423 773 455 dicis.
832 422 887 453 So.
911 421 1028 452 Nonne
1053 421 1149 461 igitur
1176 420 1412 452 exercitationes
1437 421 1574 451 lronestae
1599 420 1639 450 ad

174 476 321 508 virtutem
347 480 564 520 acquirendam
581 478 775 516 conducunt,
802 482 907 516 turpes
930 476 968 506 ad
996 476 1178 516 pravitatem
1203 475 1388 505 deducunt?
1434 474 1549 505 GLAU.
1573 473 1640 505 Ne-

174 540 261 562 cesse
288 538 345 563 est.
389 533 445 564 So.
470 533 594 572 Restat,
620 537 655 562 ut
682 533 813 567 videtur,
842 530 1086 565 discutiendum,
1114 530 1255 570 nunquid
1286 529 1405 569 prosint
1429 539 1519 569 agere
1541 528 1641 569 justa,

175 585 308 616 honesta
323 586 436 627 colere,
453 585 549 628 [445]
576 597 642 617 esse,
661 586 792 628 justum,
810 585 874 615 sive
890 585 1047 615 occultum
1072 584 1103 614 id
1119 584 1232 624 cuique
1247 583 1286 613 sit
1301 583 1367 613 sire
1383 593 1445 613 non
1460 594 1467 612 ε
1494 593 1533 613 an
1557 581 1641 623 inju-

174 638 244 669 riari
269 645 302 671 et
323 640 472 681 injustum
499 651 577 678 esse,
593 641 616 670 si
645 641 737 670 modo
763 650 826 670 non
853 639 907 669 det
934 648 1042 680 poenas
1065 647 1167 679 neque
1193 637 1247 667 fiat
1271 648 1309 667 ex
1335 637 1498 677 punitione
1523 636 1643 667 melior.

175 691 290 724 GLAU.
313 694 397 725 Mihi
412 695 550 736 quidem,
567 705 586 725 o
613 695 766 732 Socrates,
791 693 923 724 ridicula
946 692 1134 733 disceptatio
1149 692 1210 722 ista
1234 691 1300 721 fore
1327 690 1460 720 videtur.
1485 690 1641 731 siquidem

173 747 311 787 corporis
325 753 434 779 natura
449 754 593 790 corrupta
615 749 737 779 videtur
759 758 823 778 non
838 758 904 778 esse
921 747 1100 782 vivendum,
1115 756 1218 786 neque
1234 744 1327 776 etiam
1351 744 1383 773 in
1400 755 1518 774 summa
1532 745 1642 785 epula-

173 808 240 830 rum
255 806 287 831 et
302 803 482 842 poculorum
499 804 635 833 omnium
653 801 822 838 affitentia,
840 801 961 832 cunctis
975 800 1092 830 divitiis
1113 804 1145 830 et
1160 799 1255 830 totius
1270 799 1352 829 orbis
1366 798 1509 839 imperio.
1531 804 1643 829 natura

173 863 246 885 vera
260 854 339 896 ejus,
356 867 419 897 quo
445 857 589 894 vivimus,
605 857 726 898 polluta
751 861 844 897 atque
870 861 1016 896 corrupta
1039 864 1112 884 num
1138 854 1305 884 vivendum
1329 853 1396 889 erit,
1414 853 1437 883 si
1455 852 1524 893 quis
1539 852 1642 893 quod-

173 917 299 950 cunque
327 909 425 947 lubet,
453 911 537 942 aliud
567 916 638 952 agat
665 921 756 952 quam
784 911 844 941 hoc
870 920 978 946 unum,
1009 909 1093 939 unde
1120 908 1159 938 ab
1186 907 1387 948 improbitate
1414 907 1642 948 iniquitateque

173 961 497 1005 liberetur‚justitiam
525 976 596 996 vero
622 971 655 996 et
681 965 864 1007 probitatem
890 963 1105 1005 adipiscatur?
1129 968 1294 1004 postquam
1320 961 1394 991 talia
1417 962 1484 992 haec
1501 966 1642 1002 utraque,

173 1016 279 1058 qualia
302 1020 502 1057 narravimus,
517 1025 738 1062 apparuerunt.
784 1020 840 1052 So.
865 1019 1016 1049 Ridicula
1039 1017 1191 1059 profecto.
1237 1016 1355 1047 Verum
1376 1020 1580 1057 posteaquam
1604 1025 1642 1045 eo

173 1071 367 1114 devenimus,
381 1078 425 1109 ut.
443 1085 534 1115 quam
551 1075 721 1105 certissime
745 1074 810 1105 fieri
835 1078 951 1114 potest,
967 1072 1050 1114 quod
1075 1073 1142 1102 haec
1155 1071 1201 1101 ita
1216 1081 1248 1101 se
1263 1071 1391 1105 habent,
1407 1069 1644 1110 perspiciamus,

175 1125 303 1157 minime
326 1127 551 1161 desistendum.
597 1128 711 1159 GLAc.
734 1129 795 1160 Per
819 1128 931 1160 Jovem
960 1127 1084 1156 minime
1108 1125 1257 1156 omnium.
1305 1124 1361 1155 So.
1385 1123 1458 1164 Age
1480 1123 1558 1163 jam,
1582 1123 1645 1154 huc

174 1181 302 1217 accede,
317 1186 352 1211 ut
377 1182 494 1218 videas,
510 1190 588 1223 quot
603 1182 724 1224 species
748 1182 928 1223 improbitas
944 1181 1048 1215 habet,
1073 1185 1107 1210 ut
1123 1179 1195 1209 mihi
1213 1179 1344 1209 videtur.
1390 1177 1532 1207 Attende
1547 1186 1644 1208 nunc.

173 1243 287 1275 nempe
304 1235 370 1265 haec
386 1236 481 1276 digna
495 1241 679 1277 conspectu.
726 1235 841 1267 Gmu.
863 1235 983 1276 Sequor
1006 1234 1175 1274 equidem:
1202 1233 1287 1264 dicas
1313 1232 1418 1262 modo.
1463 1232 1517 1263 So.
1542 1229 1647 1271 Atqui

173 1292 323 1329 tanquam
347 1299 364 1319 e
391 1290 519 1330 specula
541 1291 687 1330 quadam,
705 1295 870 1330 postquam
886 1289 947 1319 huc
972 1287 1187 1318 ratiocinando
1215 1287 1465 1321 conscendimus,
1480 1295 1543 1315 uua
1568 1284 1646 1315 mihi

173 1342 295 1383 species
322 1342 443 1373 virtutis
469 1344 613 1380 occurrit,
642 1343 802 1384 pravitatis
827 1342 1010 1372 innumerae.
1038 1351 1075 1371 ex
1101 1340 1214 1381 quibus
1242 1345 1377 1380 quatuor
1401 1339 1529 1380 quidam
1557 1337 1646 1369 modi

174 1395 371 1436 potissimum
386 1407 453 1427 sese
467 1397 615 1436 offerunt,
630 1407 761 1438 quorum
775 1395 951 1427 meminisse
967 1399 1103 1436 oportet.
1149 1393 1263 1424 Gmn.
1289 1393 1458 1429 Quomodo
1474 1393 1558 1423 istud
1575 1393 1620 1423 ais
1635 1393 1646 1422 ?

171 1448 228 1479 So.
253 1450 342 1486 Quot
356 1460 429 1481 sane
455 1461 555 1481 rerum
571 1452 762 1492 publicarum
790 1451 874 1481 modi
900 1454 971 1479 sunt
995 1448 1117 1490 species
1142 1458 1212 1477 suas
1238 1447 1402 1483 habentes,
1421 1447 1551 1477 totidem
1577 1457 1646 1478 esse

175 1506 208 1532 et
237 1503 349 1534 animae
375 1504 477 1546 ipsius
505 1510 670 1546 apparent.
729 1504 845 1536 GLAU.
871 1503 983 1540 Quot?
1045 1502 1101 1533 So.
1126 1501 1277 1542 Quinque
1307 1510 1406 1531 rerum
1437 1500 1645 1541 publicarum,

174 1556 315 1598 quinque
345 1568 446 1589 rursus
472 1565 503 1589 et
529 1559 651 1589 animae.
697 1559 812 1590 Gmu.
838 1557 901 1588 Dic
928 1557 1046 1598 qualeS.
1093 1556 1150 1589 So.
1173 1555 1280 1586 Unum
1306 1554 1441 1596 aliquem
1467 1554 1646 1594 reipublicae

176 1611 302 1642 modum
319 1622 386 1643 esse
401 1613 484 1643 hunc
499 1623 612 1650 assero,
629 1624 721 1654 quem
745 1612 943 1652 exposuimus
958 1624 964 1641 z
991 1611 1113 1641 duabus
1129 1619 1201 1640 vero
1217 1608 1482 1650 appellationibus
1498 1607 1648 1639 declarari

177 1670 291 1706 potest,
308 1676 379 1696 narn
405 1668 429 1697 si
456 1668 535 1698 inter
562 1668 718 1709 principes
745 1667 879 1698 civitatis
904 1675 984 1696 unus
1000 1665 1126 1706 quidam
1144 1664 1184 1694 sit
1208 1663 1346 1694 omniurn
1362 1663 1646 1704 praestantissimus‚

175 1729 305 1760 regnum
321 1721 501 1751 vocabitur:
527 1722 574 1752 sin
599 1727 701 1752 autem
726 1721 841 1763 plures,
858 1719 1040 1761 gubernatio
1061 1717 1272 1760 appellabitur
1287 1717 1484 1757 optimatum.
1529 1716 1646 1747 GLAU.

175 1772 260 1803 Vera
274 1784 387 1806 narras.
433 1775 488 1806 So.
512 1776 604 1808 Hanc
622 1787 714 1806 unam
742 1776 814 1806 ideo
841 1775 976 1816 speciem
993 1784 1059 1804 esse
1075 1773 1159 1809 dico,
1174 1773 1248 1814 quia
1274 1772 1338 1803 sive
1354 1772 1457 1814 plures
1473 1772 1647 1813 gubernent

176 1826 240 1857 sive
257 1838 348 1868 unus,
365 1829 480 1870 nullus,
496 1830 548 1872 qui
573 1831 628 1866 ita,
643 1835 680 1860 ut
703 1829 847 1866 diximus,
863 1830 1015 1860 educatus
1038 1832 1069 1858 et
1084 1827 1223 1858 eruditus
1237 1826 1342 1867 fuerit,
1358 1826 1524 1867 quicquam
1541 1825 1647 1856 existi-

176 1881 314 1913 matione
329 1882 458 1924 dignum
483 1885 514 1915 in
538 1884 582 1916 rei
606 1884 741 1927 publicae
767 1883 887 1925 legibus
903 1881 1102 1924 permutabit.
1147 1880 1263 1912 Gmu.
1286 1880 1401 1921 Neque
1416 1881 1498 1910 enim
1515 1889 1646 1910 consen-

176 1938 304 1966 taneum
319 1941 411 1968 esset.

751 2116 978 2166 LIBER
1020 2117 1086 2166 V.

178 2301 276 2345 [449]
294 2303 429 2336 Boxffl
450 2306 596 2347 equidem
619 2305 778 2337 civitatem
795 2305 979 2347 hujusmodi
995 2311 1173 2346 rectamque
1188 2304 1410 2345 rempublicam
1427 2314 1518 2341 voco,
1534 2303 1648 2335 virum-

176 2368 238 2399 que
255 2358 348 2389 talem
375 2359 490 2391 bonum
517 2370 583 2391 esse
598 2360 681 2392 dico,
705 2370 742 2391 ac
771 2360 796 2390 si
820 2365 904 2390 recta
919 2360 986 2390 haec
1003 2370 1049 2390 res
1074 2359 1198 2400 publica
1215 2366 1275 2398 est,
1290 2358 1367 2389 alias
1383 2369 1493 2400 pravas
1507 2358 1649 2399 appello.

176 2417 288 2452 utpote
304 2422 374 2453 quae
389 2413 469 2444 circa
483 2414 620 2445 civitatis
633 2413 733 2455 ipsius
748 2414 1004 2455 gubernationem
1021 2419 1052 2444 et
1068 2415 1256 2454 privatorum
1269 2413 1468 2454 disciplinam
1481 2412 1625 2443 aberrent.
1638 2424 1647 2443 ι

177 2473 250 2506 quae
265 2466 392 2506 quidem
410 2467 440 2496 in
460 2471 594 2508 quatuor
619 2468 783 2508 speciebus
809 2467 972 2509 pravitatis
986 2473 1070 2499 sunt.
1115 2468 1230 2499 GLAu.
1252 2467 1404 2503 Quaenam
1419 2466 1511 2496 istae?
1557 2465 1648 2498 Tune

177 2528 237 2559 ego
253 2529 373 2550 narrare
390 2521 568 2561 pergebam,
583 2531 645 2562 qua
666 2521 785 2552 ratione
808 2521 884 2552 mibi
899 2522 1030 2564 singulae
1056 2532 1093 2553 ex
1121 2532 1188 2553 sese
1214 2521 1348 2552 invicem
1365 2520 1545 2561 dependere
1560 2520 1649 2550 vide-

176 2578 291 2603 rentur.
338 2573 451 2604 Verum
469 2574 690 2606 Polemarchus
715 2575 829 2618 (paulo
851 2577 934 2607 enim
961 2586 979 2606 a
1004 2586 1054 2607 me
1079 2575 1224 2607 remotior
1248 2581 1313 2605 erat
1328 2584 1420 2615 quam
1445 2574 1648 2610 Adimantus,

175 2625 340 2658 Adimanti
365 2634 438 2668 post
463 2633 581 2670 tergum
608 2629 739 2671 sedens)
764 2631 907 2661 extendit
928 2640 1066 2672 manum,
1082 2630 1341 2671 prehendensque
1368 2637 1501 2669 superne
1517 2627 1646 2669 pallium

178 2678 343 2712 Adimanti
357 2682 440 2713 circa
454 2683 609 2719 humeros,
626 2688 659 2714 et
673 2694 742 2714 euru
761 2684 917 2726 paulisper
932 2686 970 2716 ad
988 2695 1020 2716 se
1037 2684 1138 2721 traxit,
1155 2689 1188 2715 et
1203 2694 1237 2715 os
1252 2683 1290 2714 ad
1308 2693 1397 2714 aures
1410 2682 1479 2724 ejus
1495 2681 1648 2719 admovit,

175 2733 327 2765 submissa
355 2745 432 2767 voce
447 2746 617 2768 susurrans.
641 2747 679 2768 ex
703 2739 752 2769 bis
776 2744 892 2775 autem,
908 2749 978 2781 quae
995 2739 1120 2779 dixerit,
1143 2738 1218 2768 nihil
1245 2737 1305 2778 ipsi
1328 2737 1525 2779 percepimus
1540 2735 1598 2767 nisi
1614 2736 1646 2766 id

176 2796 285 2824 unum,
299 2790 384 2829 quod
402 2790 447 2820 ait
460 2790 722 2823 Permittemusne
736 2793 748 2823 ?
772 2803 812 2824 au
835 2793 911 2834 quid
928 2794 1080 2835 agemus?
1126 2792 1188 2824 Cui
1203 2791 1396 2823 Adimantus
1411 2791 1503 2822 altius
1516 2800 1647 2832 respon-

172 2839 265 2878 dens,
292 2842 440 2880 Minime,
465 2845 577 2886 inquit.
622 2845 675 2876 Ad
701 2846 768 2877 haec
792 2856 874 2887 ego:
901 2847 1061 2884 Quidnam
1088 2846 1170 2876 istud
1196 2851 1256 2885 est,
1272 2846 1356 2887 quod
1379 2855 1442 2876 non
1469 2845 1562 2875 vultis
1577 2854 1646 2884 per-

174 2893 319 2927 mittere?
364 2896 447 2928 Am.
467 2897 525 2929 Te.
569 2899 625 2931 So.
650 2899 737 2936 Quid
763 2900 916 2932 maxime?
962 2901 1045 2932 Am.
1068 2899 1235 2932 Declinare
1261 2909 1374 2942 nempe
1400 2899 1490 2931 nobis
1520 2898 1642 2933 viderit,
