1840 3225
197 193 276 230 330
777 192 1042 233 PLATONIS
1553 199 1652 250 [714

201 294 327 337 copiosa
348 295 450 337 ipsam
471 296 577 328 omnia
592 306 708 339 suaque
723 302 835 339 sponte
850 303 958 340 parata
969 298 1125 330 babuisse.
1139 298 1226 341 cujus
1239 299 1285 329 rei
1301 307 1395 329 causa
1409 298 1503 330 luisse
1513 299 1580 330 haec
1596 304 1658 330 tra·

200 349 294 379 ditur.
314 359 386 380 cum
408 349 599 391 intelligeret
621 351 781 388 Saturnus,
803 352 1065 394 quemadmodum
1088 353 1149 395 ipsi
1174 352 1377 388 narravimus,
1387 353 1509 383 nullam
1523 353 1659 383 hominis

200 408 339 434 naturam
361 414 410 434 res
432 404 582 436 humanas
604 405 649 436 ita
671 407 840 447 gubernare
861 417 963 448 posse,
987 412 1022 437 ut
1042 406 1068 437 si
1081 406 1224 437 omnibus
1237 407 1387 438 arbitratu
1400 416 1456 438 suo
1469 406 1660 444 dominetur,

201 457 357 488 lasciviori
373 458 520 499 superbia
533 458 756 501 injustitiaque
777 448 1039 502 non-repleatur:
1064 470 1133 491 cum
1157 461 1235 497 haec,
1257 461 1394 503 inquam,
1409 470 1471 491 non
1493 459 1663 501 ignoraret,

201 520 267 540 non
290 511 432 542 homines
453 513 508 543 sed
530 512 693 544 divinioris
715 514 1000 556 praestantiorisque
1023 514 1144 556 generis
1167 514 1325 545 daemones
1345 514 1524 546 civitatibus
1552 513 1664 545 nostris

199 573 289 605 reges
303 565 522 607 principesque
532 567 691 608 praefecit:
716 569 800 609 quod
817 579 900 600 nunc
917 579 974 599 nos
988 568 1020 598 in
1036 568 1141 599 ovium
1156 568 1300 610 gregibus
1316 568 1507 610 aliorumque
1523 567 1660 598 cicurum

200 618 351 651 armentis
371 619 513 651 facimus.
536 631 600 651 non
622 621 707 652 enim
728 621 828 653 bobus
848 623 955 660 boves,
976 633 1037 654 nec
1059 623 1160 664 capris
1182 633 1291 664 capras
1312 622 1508 663 praeficimus,
1525 620 1583 652 sed
1602 630 1662 652 nos

199 671 290 713 ipsis,
312 683 410 714 genus
437 674 560 710 melius,
585 674 789 707 dominamur.
812 676 954 707 similiter
969 676 1067 713 Deus,
1084 677 1226 707 homines
1237 686 1355 712 amans,
1372 686 1469 718 genus
1484 677 1660 706 daemonum

199 726 309 768 generi
340 733 446 759 nostro
475 729 672 770 praestantius
704 730 794 761 nobis
828 730 980 771 praesecit.
1016 731 1098 772 quod
1136 740 1257 761 summa
1277 736 1341 761 tam
1363 740 1421 760 sua
1442 740 1534 772 quam
1558 734 1664 760 nostra

197 780 350 812 facilitate
385 788 557 813 nostrarum
588 793 688 814 rerum
711 794 815 814 curam
837 784 983 821 habebat,
1004 794 1178 826 pacemque
1201 789 1234 815 et
1259 783 1456 825 pudicitiam,
1485 783 1661 814 libertatem

198 839 235 865 et
250 833 383 875 justitiae
405 836 527 877 copiam
550 837 704 878 praebenS,
726 838 871 878 procula
892 838 1048 869 seditione
1068 848 1105 869 ac
1119 838 1196 869 felix
1211 838 1371 868 hominum
1385 836 1538 869 reddebat
1552 847 1663 878 genus·

197 887 250 918 hic
273 889 381 931 utique
403 900 502 921 sermo
521 891 651 922 veritate
675 902 745 922 usus
767 891 885 928 asserit,
908 892 1086 922 civitatibus
1108 891 1262 927 omnibus,
1279 891 1393 932 quibus
1408 901 1472 921 non
1488 890 1580 921 Deus
1600 891 1659 922 sed

199 942 338 973 mortalis
358 943 474 985 aliquis
494 944 681 982 dominetur,
703 945 820 975 nullam
844 955 979 987 unquam
1008 945 1157 975 malorum
1185 945 1385 986 laborumque
1408 944 1486 975 forte
1501 944 1659 986 quietem:

200 994 258 1025 sed
269 996 355 1026 omni
368 997 472 1028 studio
485 997 600 1029 imitari
616 1009 673 1030 nos
683 998 778 1040 jubet
791 999 898 1035 vitam,
912 1010 982 1041 quae
997 1000 1054 1030 sub
1069 998 1202 1030 Saturno
1216 998 1289 1035 fuit,
1305 1004 1340 1029 et
1350 1003 1501 1040 quantum
1517 998 1549 1028 in
1570 997 1662 1030 nobis

199 1054 250 1079 est
283 1049 534 1088 immortalitatis,
563 1052 625 1094 ipsi
658 1053 920 1094 obtemperantes,
949 1052 1096 1095 privatim
1119 1058 1151 1083 at
1172 1051 1298 1095 publice
1321 1051 1432 1083 domos
1454 1051 1662 1094 civitatesque

202 1103 383 1143 gubernare,
407 1104 504 1148 [714]
527 1106 629 1147 ipsam
656 1107 771 1137 mentis
795 1106 1045 1138 distributionem
1068 1107 1168 1148 legem
1185 1112 1416 1148 nuncupantes.
1439 1115 1512 1137 nam
1528 1106 1556 1137 si
1570 1107 1663 1138 homo

201 1166 281 1188 unus
303 1163 357 1188 aut
376 1168 545 1199 paucorum
569 1165 624 1191 aut
644 1161 738 1192 etiam
763 1161 875 1203 populi
889 1166 1028 1203 potestas
1042 1161 1194 1203 voluptati
1209 1166 1242 1191 et
1257 1160 1426 1202 cupiditati
1436 1160 1576 1192 deditum
1594 1161 1662 1191 ani-

202 1220 289 1241 mum
310 1212 435 1249 habeat,
458 1213 568 1256 hisque
590 1215 702 1256 repleri
724 1214 894 1251 desideret,
916 1225 1048 1257 cumque
1074 1215 1108 1246 id
1124 1215 1253 1246 minime
1268 1220 1462 1257 assequatur,
1478 1214 1665 1257 inexplebili

201 1264 513 1308 inexstinguibilique
539 1268 648 1299 ardore
664 1274 697 1300 et
709 1269 878 1300 insanabili
895 1269 999 1300 morbo
1016 1274 1155 1307 vexetur,
1169 1269 1346 1300 dominetur
1359 1275 1465 1299 autem
1478 1268 1598 1300 civitati
1611 1273 1666 1299 aut

200 1319 328 1360 privatis
351 1322 526 1353 nonnullis:
549 1323 654 1354 statim
675 1323 788 1365 spretis
810 1323 932 1364 legibus
952 1333 1016 1354 non
1038 1329 1096 1360 est,
1120 1329 1155 1354 ut
1175 1324 1269 1355 modo
1290 1322 1481 1361 dicebamus,
1513 1333 1585 1365 spes
1599 1322 1665 1354 ulla

201 1373 322 1404 salutis.
365 1374 572 1407 Considerare
594 1377 698 1414 decet,
721 1388 740 1408 o
763 1377 879 1413 Clinia,
905 1382 1004 1408 utrum
1030 1377 1103 1408 huic
1118 1377 1230 1408 rationi
1244 1377 1437 1409 credendum
1451 1377 1502 1412 sit,
1516 1386 1556 1407 an
1571 1376 1663 1408 aliter

200 1426 392 1459 faciendum.
435 1428 512 1460 Cn.
536 1430 675 1462 Necesse
687 1437 744 1468 est,
757 1436 792 1462 ut
806 1432 980 1462 credamus.
1024 1430 1162 1462 Arnen.
1185 1431 1343 1473 Perspicis
1355 1436 1402 1462 tot
1413 1431 1516 1473 legum
1527 1430 1662 1472 species,

202 1486 280 1522 quot
298 1487 330 1513 et
346 1483 614 1524 gubernationum,
631 1496 650 1516 a
661 1486 847 1527 quibusdam
860 1486 1040 1517 existimari.
1077 1485 1347 1517 Gubemationum
1361 1495 1434 1517 vero
1448 1485 1572 1526 species
1586 1488 1664 1525 quot

202 1537 292 1567 multi
306 1543 439 1579 ponunt,
455 1539 549 1580 paulo
562 1545 635 1570 ante
649 1540 851 1571 narravimus.
873 1550 978 1582 neque
1007 1541 1047 1570 de
1059 1550 1094 1571 re
1108 1539 1163 1571 vili
1177 1550 1273 1575 nunc,
1290 1539 1345 1570 sed
1358 1539 1398 1571 de
1412 1539 1557 1575 maxima,
1572 1538 1663 1570 nobis

201 1599 270 1620 esse
285 1591 491 1631 quaestionem
506 1593 675 1624 existimes.
697 1604 772 1624 nam
784 1605 845 1635 quo
856 1595 977 1636 justum
996 1600 1029 1624 et
1043 1595 1194 1637 injustum
1207 1594 1360 1635 respicere
1373 1593 1499 1628 debeat,
1514 1603 1615 1623 rursus
1629 1593 1663 1623 in

201 1643 439 1685 ambiguitatem
462 1645 585 1677 incidit.
607 1657 666 1678 nec
688 1647 774 1677 enim
796 1647 837 1678 ad
858 1647 986 1683 bellum,
1008 1657 1068 1678 nec
1091 1649 1129 1678 ad
1154 1657 1278 1678 omnem
1300 1647 1446 1678 virtutem
1459 1645 1565 1676 referri
1578 1647 1664 1688 leges

203 1695 319 1727 debere
331 1697 421 1729 aiunt
437 1710 444 1729 :
468 1699 522 1730 sed
538 1700 578 1730 ad
593 1699 670 1731 illud
688 1700 802 1740 potius,
818 1699 902 1741 quod
917 1701 1094 1731 constitutae
1105 1700 1286 1741 reipublicae
1298 1699 1447 1736 conferat,
1469 1709 1663 1742 quaecunque

201 1748 261 1781 illa
284 1750 387 1787 sit,.ut
401 1750 577 1782 dominetur
600 1762 723 1793 semper
735 1763 794 1784 nec
808 1758 938 1794 pereat:
958 1753 1098 1794 justique
1122 1753 1337 1783 definitionem
1358 1753 1403 1784 sic
1425 1760 1533 1784 natura
1544 1753 1664 1795 optime

202 1814 235 1834 se
263 1804 377 1835 habere
405 1805 611 1836 contendunt.
655 1805 730 1838 Cu.
754 1805 825 1843 Quo
859 1806 976 1847 pacto?
1031 1805 1170 1837 Amas.
1204 1806 1297 1843 Quod
1329 1807 1498 1848 potentiori
1530 1806 1666 1838 confert.

204 1856 281 1888 Cu.
313 1858 465 1899 Apertius
499 1858 607 1890 dicito.
652 1859 791 1890 Arum.
822 1859 875 1890 Sic
897 1859 1018 1901 accipe.
1039 1860 1136 1901 leges,
1159 1865 1195 1890 ut
1216 1860 1315 1901 aiunt,
1338 1871 1458 1902 semper
1479 1862 1512 1892 in
1537 1860 1663 1892 civitate

205 1910 306 1951 ponit,
335 1910 419 1953 quod
445 1911 632 1944 dominatur.
656 1913 784 1943 nonne?
829 1911 906 1944 Cu.
930 1912 1058 1954 Utique.
1104 1913 1240 1944 Arm-m.
1263 1913 1416 1955 Nunquid
1432 1913 1599 1950 existimas,
1615 1913 1662 1945 in-

201 1963 325 2004 quiunt,
348 1965 398 1995 vel
420 1966 571 2006 populum
594 1972 792 2007 superantem
817 1967 868 1998 vel
881 1966 972 1997 aliam
995 1967 1175 2008 quampiam
1189 1967 1413 2009 rempublicam
1429 1968 1480 1998 vel
1495 1973 1659 2010 tyrannum

204 2016 245 2047 ad
274 2017 359 2048 aliud
375 2019 461 2060 prius
475 2025 585 2061 sponte
599 2020 683 2062 leges
698 2021 840 2057 latumm,
855 2031 950 2062 quam
966 2020 1007 2052 ad
1020 2021 1185 2052 utilitatem
1201 2031 1300 2058 suam,
1313 2021 1371 2052 hoc
1383 2027 1433 2052 est
1446 2021 1493 2052 sui
1507 2022 1663 2063 principa·

205 2073 256 2101 tus
287 2071 515 2104 stabilitatem?
561 2073 638 2107 Cu.
663 2074 736 2105 Non
760 2075 800 2105 ad
822 2075 919 2106 aliud.
963 2074 1101 2106 Arnen.
1125 2075 1159 2106 Si
1181 2075 1253 2116 quis
1274 2081 1376 2106 autem
1391 2075 1567 2117 hujusmodi
1580 2075 1665 2117 leges

205 2124 453 2166 transgrediatur
478 2126 544 2167 jam
571 2129 697 2170 positas,
713 2133 748 2159 ut
758 2129 885 2170 iniquus
900 2128 1045 2170 punietur
1060 2129 1099 2159 ab
1111 2139 1159 2164 eo,
1175 2129 1231 2170 qui
1244 2130 1299 2159 has
1314 2129 1527 2160 institutiones
1537 2129 1664 2160 induxit

199 2169 373 2221 justasque
395 2181 546 2221 appellat.
590 2181 667 2213 Cu.
690 2182 742 2213 Sic
765 2188 906 2224 apparet.
950 2183 1089 2214 A‘rrmx.
1112 2183 1163 2213 Sic
1174 2182 1407 2224 itaquejustum
1424 2193 1593 2224 sesemper
1607 2184 1665 2214 ba-

209 2230 305 2262 bebit.
350 2232 426 2265 Cu.
448 2235 501 2266 Sic
526 2246 600 2267 sane
623 2237 689 2268 haec
712 2237 822 2268 asserit
843 2238 932 2268 ratio.
975 2237 1113 2268 Arnen.
1137 2237 1211 2268 Una
1233 2236 1372 2278 profecto
1393 2237 1460 2268 haec
1474 2237 1612 2278 inquitas
1625 2247 1665 2268 ex

203 2278 271 2317 illis
292 2294 351 2324 est,
374 2298 443 2330 quae
465 2290 506 2321 de
528 2290 707 2332 principatu
729 2297 812 2322 sunt.
857 2291 933 2324 Cu.
957 2291 1003 2322 Ex
1025 2291 1161 2332 quibus?
1207 2289 1344 2322 Arnen.
1367 2289 1414 2321 Ex
1437 2291 1498 2327 his,
1521 2291 1663 2332 inquam,

205 2350 283 2380 quas
305 2351 399 2383 supra
411 2344 614 2380 narravimus,
628 2355 705 2386 quos
716 2345 829 2386 quibus
842 2344 995 2386 imperare
1009 2349 1161 2385 oporteat,
1176 2349 1379 2385 exponentes.
1401 2343 1537 2374 diximus
1558 2349 1664 2376 autem

207 2400 354 2435 parentes
377 2397 451 2428 liliis
476 2403 569 2440 utque
584 2399 765 2441 nepotibus,
780 2400 916 2430 seniores
924 2398 1113 2440 junioribus,
1129 2408 1296 2439 generosos
1306 2397 1494 2439 ignobilibus
1510 2397 1663 2430 dominari

209 2448 343 2481 debere:
368 2456 402 2483 et
423 2453 487 2483 alia
505 2453 662 2494 quaedam,
678 2454 706 2485 si
719 2454 842 2489 tenetis,
859 2464 990 2495 quorum
1004 2454 1074 2484 aliis
1089 2453 1151 2484 alia
1160 2452 1388 2494 impedimento
1403 2457 1487 2492 sunt,
1500 2461 1539 2482 ex
1551 2451 1664 2493 quibus

208 2513 306 2534 unum
329 2505 387 2536 hoc
409 2511 486 2537 emt.
508 2507 742 2550 adjecimusque
765 2508 936 2538 Pindarum
950 2507 1137 2543 existimare,
1154 2505 1325 2538 secundum
1338 2511 1480 2536 naturam
1495 2515 1532 2536 ac
1542 2504 1663 2546 justum

207 2554 370 2596 imperium
395 2569 473 2596 esse,
496 2564 532 2591 ut
553 2561 726 2602 potentiora
747 2560 1004 2592 imbecillioribus
1017 2561 1224 2591 dominentur.
1262 2559 1359 2600 [715]
1387 2558 1465 2590 Cu.
1485 2557 1566 2589 Haec
1576 2563 1662 2590 certe

209 2613 284 2640 tunc
306 2611 392 2642 dicta
413 2612 549 2645 suerunt.
593 2614 731 2646 Arnen.
753 2613 929 2647 Considera
946 2614 1024 2656 jam,
1049 2614 1160 2656 quibus
1181 2620 1286 2645 nostra
1301 2613 1411 2644 civitas
1425 2611 1660 2643 committenda.

209 2662 321 2695 millies
344 2676 479 2708 namque
500 2669 533 2698 in
557 2669 734 2700 civitatibus
755 2669 918 2700 nonnullis
948 2669 980 2699 id
1002 2669 1144 2710 contigit,
1188 2668 1264 2700 Cu.
1296 2665 1477 2704 Quidnam?
1521 2666 1664 2700 Arnen,

209 2717 289 2749 Cum
310 2718 350 2748 de.
362 2720 535 2761 principatu
549 2727 702 2753 certatum
717 2728 812 2764 esset,
827 2723 882 2763 qui
898 2722 1050 2758 vicerunt,
1064 2721 1144 2752 adeo
1158 2721 1198 2752 ad
1210 2731 1244 2752 se
1258 2720 1340 2751 solos
1348 2729 1415 2750 rem
1432 2723 1664 2761 contraxerunt,

211 2778 246 2804 ut
267 2774 390 2804 nullum
412 2774 503 2805 victis
525 2786 696 2817 eorumque
718 2777 850 2818 posteris
861 2776 1070 2815 magistmtum
1087 2773 1306 2809 concesserint,
1319 2777 1464 2803 caventes
1477 2782 1609 2813 semper,
1623 2782 1663 2803 ne

209 2828 278 2868 quis
299 2838 339 2858 ex
363 2828 451 2858 victis
474 2830 647 2870 potentiam
669 2830 803 2872 adeptus
823 2831 961 2871 insurgat
986 2830 1119 2871 priorum
1142 2838 1258 2860 memor
1279 2827 1438 2858 malorum.
1463 2827 1519 2856 has
1532 2825 1660 2867 quidem

210 2891 268 2914 nus
290 2893 440 2925 negamus
462 2894 529 2914 csse
552 2885 757 2926 respublicas:
782 2895 883 2927 neque
899 2895 1058 2917 censemus
1070 2888 1168 2916 rectas
1181 2893 1250 2915 esse
1262 2893 1314 2915 eas
1325 2881 1421 2923 leges,
1436 2891 1504 2923 quae
1518 2890 1580 2912 nou
1596 2879 1658 2912 nint
