<?xml version="1.0" encoding="UTF-8"?>
<!DOCTYPE html PUBLIC "-//W3C//DTD XHTML 1.0 Transitional//EN"
    "http://www.w3.org/TR/xhtml1/DTD/xhtml1-transitional.dtd">
<html xmlns="http://www.w3.org/1999/xhtml" xml:lang="en" lang="en">
 <head>
  <title>
</title>
<meta http-equiv="Content-Type" content="text/html;charset=utf-8" />
  <meta name='ocr-system' content='tesseract 3.04.00' />
  <meta name='ocr-capabilities' content='ocr_page ocr_carea ocr_par ocr_line ocrx_word'/>
</head>
<body>
  <div class='ocr_page' id='page_1' title='image "./platonisetquaeve11plat_0155.png"; bbox 0 0 1840 3225; ppageno 0'>
   <div class='ocr_carea' id='block_1_1' title="bbox 111 273 1572 328">
    <p class='ocr_par' dir='ltr' id='par_1_1' title="bbox 111 273 1572 328">
     <span class='ocr_line' id='line_1_1' title="bbox 111 273 1572 328; baseline -0.003 -12"><span class='ocrx_word' id='word_1_1' title='bbox 111 278 208 328; x_wconf 81' lang='lat'><strong>432]</strong></span> <span class='ocrx_word' id='word_1_2' title='bbox 284 309 285 313; x_wconf 71' lang='grc'>,</span> <span class='ocrx_word' id='word_1_3' title='bbox 535 274 607 312; x_wconf 92' lang='lat' dir='ltr'>DE</span> <span class='ocrx_word' id='word_1_4' title='bbox 638 273 944 312; x_wconf 84' lang='lat' dir='ltr'><strong>REPUBLICA</strong></span> <span class='ocrx_word' id='word_1_5' title='bbox 976 274 1074 312; x_wconf 88' lang='lat' dir='ltr'>LIB.</span> <span class='ocrx_word' id='word_1_6' title='bbox 1108 276 1176 313; x_wconf 88' lang='lat' dir='ltr'>IV.</span> <span class='ocrx_word' id='word_1_7' title='bbox 1499 274 1572 312; x_wconf 80' lang='lat'>139</span> 
     </span>
    </p>
   </div>
   <div class='ocr_carea' id='block_1_2' title="bbox 64 375 1574 3013">
    <p class='ocr_par' dir='ltr' id='par_1_2' title="bbox 64 375 1574 3013">
     <span class='ocr_line' id='line_1_2' title="bbox 105 375 1573 420; baseline -0.002 -10"><span class='ocrx_word' id='word_1_8' title='bbox 105 380 192 420; x_wconf 89' lang='lat' dir='ltr'>quod</span> <span class='ocrx_word' id='word_1_9' title='bbox 209 390 242 410; x_wconf 89' lang='lat' dir='ltr'>se</span> <span class='ocrx_word' id='word_1_10' title='bbox 255 379 324 420; x_wconf 83' lang='lat' dir='ltr'>ipso</span> <span class='ocrx_word' id='word_1_11' title='bbox 342 378 499 420; x_wconf 90' lang='lat' dir='ltr'>potentius</span> <span class='ocrx_word' id='word_1_12' title='bbox 515 382 725 417; x_wconf 84' lang='lat' dir='ltr'>nuncupatur,</span> <span class='ocrx_word' id='word_1_13' title='bbox 744 375 906 406; x_wconf 90' lang='lat' dir='ltr'>ridiculum</span> <span class='ocrx_word' id='word_1_14' title='bbox 919 377 1152 418; x_wconf 87' lang='lat' dir='ltr'>quodammodo</span> <span class='ocrx_word' id='word_1_15' title='bbox 1168 379 1321 419; x_wconf 81' lang='lat' dir='ltr'>apparet?</span> <span class='ocrx_word' id='word_1_16' title='bbox 1336 376 1476 419; x_wconf 86' lang='lat' dir='ltr'>quisquis</span> <span class='ocrx_word' id='word_1_17' title='bbox 1490 377 1573 407; x_wconf 88' lang='lat' dir='ltr'>enim</span> 
     </span>
     <span class='ocr_line' id='line_1_3' title="bbox 106 430 1574 474; baseline -0.001 -10"><span class='ocrx_word' id='word_1_18' title='bbox 106 444 138 464; x_wconf 85' lang='lat' dir='ltr'>se</span> <span class='ocrx_word' id='word_1_19' title='bbox 155 434 224 474; x_wconf 90' lang='lat' dir='ltr'>ipso</span> <span class='ocrx_word' id='word_1_20' title='bbox 251 433 418 474; x_wconf 87' lang='lat' dir='ltr'>potentior,</span> <span class='ocrx_word' id='word_1_21' title='bbox 444 443 476 463; x_wconf 87' lang='lat' dir='ltr'>se</span> <span class='ocrx_word' id='word_1_22' title='bbox 499 432 567 473; x_wconf 87' lang='lat' dir='ltr'>ipso</span> <span class='ocrx_word' id='word_1_23' title='bbox 590 441 716 472; x_wconf 85' lang='lat' dir='ltr'>quoque</span> <span class='ocrx_word' id='word_1_24' title='bbox 739 430 923 461; x_wconf 80' lang='lat' dir='ltr'><strong>imbecillior</strong></span> <span class='ocrx_word' id='word_1_25' title='bbox 947 432 1027 461; x_wconf 90' lang='lat' dir='ltr'>erit:</span> <span class='ocrx_word' id='word_1_26' title='bbox 1055 442 1217 473; x_wconf 71' lang='lat' dir='ltr'>rursusque</span> <span class='ocrx_word' id='word_1_27' title='bbox 1241 433 1296 473; x_wconf 88' lang='lat' dir='ltr'>qui</span> <span class='ocrx_word' id='word_1_28' title='bbox 1318 431 1515 467; x_wconf 86' lang='lat' dir='ltr'>imbecillior,</span> <span class='ocrx_word' id='word_1_29' title='bbox 1542 435 1574 462; x_wconf 86' lang='lat' dir='ltr'>et</span> 
     </span>
     <span class='ocr_line' id='line_1_4' title="bbox 94 482 1566 529; baseline -0.002 -12"><span class='ocrx_word' id='word_1_30' title='bbox 94 487 274 529; x_wconf 23' lang='lat' dir='ltr'>Vpotentior.</span> <span class='ocrx_word' id='word_1_31' title='bbox 305 486 403 528; x_wconf 77' lang='lat'><strong>[431]</strong></span> <span class='ocrx_word' id='word_1_32' title='bbox 435 485 518 516; x_wconf 84' lang='lat' dir='ltr'>idern</span> <span class='ocrx_word' id='word_1_33' title='bbox 535 484 654 526; x_wconf 88' lang='lat' dir='ltr'>quippe</span> <span class='ocrx_word' id='word_1_34' title='bbox 670 484 784 525; x_wconf 89' lang='lat' dir='ltr'>aliquis</span> <span class='ocrx_word' id='word_1_35' title='bbox 799 484 830 514; x_wconf 92' lang='lat' dir='ltr'>in</span> <span class='ocrx_word' id='word_1_36' title='bbox 845 484 892 514; x_wconf 81' lang='lat' dir='ltr'>his</span> <span class='ocrx_word' id='word_1_37' title='bbox 907 485 1050 514; x_wconf 78' lang='lat' dir='ltr'>omnibus</span> <span class='ocrx_word' id='word_1_38' title='bbox 1067 485 1253 527; x_wconf 85' lang='lat' dir='ltr'>appellatur.</span> <span class='ocrx_word' id='word_1_39' title='bbox 1292 485 1408 516; x_wconf 74' lang='lat' dir='ltr'>GLAU.</span> <span class='ocrx_word' id='word_1_40' title='bbox 1425 482 1566 522; x_wconf 78' lang='lat' dir='ltr'>Quidni?</span> 
     </span>
     <span class='ocr_line' id='line_1_5' title="bbox 105 538 1570 582; baseline -0.003 -10"><span class='ocrx_word' id='word_1_41' title='bbox 105 541 162 572; x_wconf 92' lang='lat' dir='ltr'>So.</span> <span class='ocrx_word' id='word_1_42' title='bbox 187 540 284 582; x_wconf 87' lang='lat' dir='ltr'>Atqui</span> <span class='ocrx_word' id='word_1_43' title='bbox 302 540 424 570; x_wconf 83' lang='lat' dir='ltr'>videtur</span> <span class='ocrx_word' id='word_1_44' title='bbox 437 539 509 569; x_wconf 79' lang='lat' dir='ltr'>mihi</span> <span class='ocrx_word' id='word_1_45' title='bbox 528 539 558 568; x_wconf 91' lang='lat' dir='ltr'>id</span> <span class='ocrx_word' id='word_1_46' title='bbox 574 538 654 569; x_wconf 89' lang='lat' dir='ltr'>velle</span> <span class='ocrx_word' id='word_1_47' title='bbox 669 538 728 568; x_wconf 83' lang='lat' dir='ltr'>sibi</span> <span class='ocrx_word' id='word_1_48' title='bbox 743 538 794 568; x_wconf 90' lang='lat' dir='ltr'>hic</span> <span class='ocrx_word' id='word_1_49' title='bbox 809 548 919 575; x_wconf 86' lang='lat' dir='ltr'>sermo,</span> <span class='ocrx_word' id='word_1_50' title='bbox 936 539 1019 579; x_wconf 89' lang='lat' dir='ltr'>quod</span> <span class='ocrx_word' id='word_1_51' title='bbox 1036 538 1066 568; x_wconf 92' lang='lat' dir='ltr'>in</span> <span class='ocrx_word' id='word_1_52' title='bbox 1081 540 1214 570; x_wconf 88' lang='lat' dir='ltr'>bominis</span> <span class='ocrx_word' id='word_1_53' title='bbox 1228 539 1330 570; x_wconf 88' lang='lat' dir='ltr'>anima</span> <span class='ocrx_word' id='word_1_54' title='bbox 1347 540 1410 569; x_wconf 89' lang='lat' dir='ltr'>duo</span> <span class='ocrx_word' id='word_1_55' title='bbox 1426 538 1570 580; x_wconf 64' lang='lat' dir='ltr'>quasdam</span> 
     </span>
     <span class='ocr_line' id='line_1_6' title="bbox 103 592 1570 634; baseline -0.001 -10"><span class='ocrx_word' id='word_1_56' title='bbox 103 599 188 633; x_wconf 84' lang='lat' dir='ltr'>sunt,</span> <span class='ocrx_word' id='word_1_57' title='bbox 203 605 298 624; x_wconf 91' lang='lat' dir='ltr'>unum</span> <span class='ocrx_word' id='word_1_58' title='bbox 314 594 439 634; x_wconf 86' lang='lat' dir='ltr'>quidem</span> <span class='ocrx_word' id='word_1_59' title='bbox 458 593 579 632; x_wconf 81' lang='lat' dir='ltr'>melius,</span> <span class='ocrx_word' id='word_1_60' title='bbox 603 592 732 623; x_wconf 86' lang='lat' dir='ltr'>alterum</span> <span class='ocrx_word' id='word_1_61' title='bbox 749 603 821 622; x_wconf 91' lang='lat' dir='ltr'>vero</span> <span class='ocrx_word' id='word_1_62' title='bbox 849 592 997 624; x_wconf 84' lang='lat' dir='ltr'>deterius.</span> <span class='ocrx_word' id='word_1_63' title='bbox 1023 597 1055 623; x_wconf 89' lang='lat' dir='ltr'>et</span> <span class='ocrx_word' id='word_1_64' title='bbox 1078 594 1205 633; x_wconf 85' lang='lat' dir='ltr'>quando</span> <span class='ocrx_word' id='word_1_65' title='bbox 1223 594 1307 634; x_wconf 91' lang='lat' dir='ltr'>quod</span> <span class='ocrx_word' id='word_1_66' title='bbox 1324 598 1433 623; x_wconf 83' lang='lat' dir='ltr'>natura</span> <span class='ocrx_word' id='word_1_67' title='bbox 1449 592 1570 628; x_wconf 77' lang='lat' dir='ltr'>melius,</span> 
     </span>
     <span class='ocr_line' id='line_1_7' title="bbox 102 635 1571 687; baseline -0.003 -8"><span class='ocrx_word' id='word_1_68' title='bbox 102 648 248 679; x_wconf 86' lang='lat' dir='ltr'>deteriori</span> <span class='ocrx_word' id='word_1_69' title='bbox 271 647 459 685; x_wconf 85' lang='lat' dir='ltr'>dominatur,</span> <span class='ocrx_word' id='word_1_70' title='bbox 487 652 561 678; x_wconf 92' lang='lat' dir='ltr'>tunc</span> <span class='ocrx_word' id='word_1_71' title='bbox 587 646 699 687; x_wconf 85' lang='lat' dir='ltr'>aliquis</span> <span class='ocrx_word' id='word_1_72' title='bbox 723 657 756 677; x_wconf 83' lang='lat' dir='ltr'>se</span> <span class='ocrx_word' id='word_1_73' title='bbox 781 647 849 687; x_wconf 85' lang='lat' dir='ltr'>ipso</span> <span class='ocrx_word' id='word_1_74' title='bbox 880 647 1039 687; x_wconf 79' lang='lat' dir='ltr'>potentior</span> <span class='ocrx_word' id='word_1_75' title='bbox 1064 635 1203 684; x_wconf 68' lang='lat' dir='ltr'>dicitur;</span> <span class='ocrx_word' id='word_1_76' title='bbox 1227 652 1321 687; x_wconf 85' lang='lat' dir='ltr'>atque</span> <span class='ocrx_word' id='word_1_77' title='bbox 1348 647 1407 677; x_wconf 87' lang='lat' dir='ltr'>boc</span> <span class='ocrx_word' id='word_1_78' title='bbox 1430 656 1571 676; x_wconf 82' lang='lat' dir='ltr'>sermone</span> 
     </span>
     <span class='ocr_line' id='line_1_8' title="bbox 102 699 1572 743; baseline -0.002 -11"><span class='ocrx_word' id='word_1_79' title='bbox 102 701 266 733; x_wconf 86' lang='lat' dir='ltr'>laudatur:</span> <span class='ocrx_word' id='word_1_80' title='bbox 289 702 434 743; x_wconf 88' lang='lat' dir='ltr'>quotiens</span> <span class='ocrx_word' id='word_1_81' title='bbox 458 706 561 732; x_wconf 88' lang='lat' dir='ltr'>autem</span> <span class='ocrx_word' id='word_1_82' title='bbox 588 706 714 742; x_wconf 89' lang='lat' dir='ltr'>propter</span> <span class='ocrx_word' id='word_1_83' title='bbox 738 699 911 741; x_wconf 82' lang='lat' dir='ltr'>improbam</span> <span class='ocrx_word' id='word_1_84' title='bbox 939 700 1142 731; x_wconf 79' lang='lat' dir='ltr'>nutritionem</span> <span class='ocrx_word' id='word_1_85' title='bbox 1170 699 1217 731; x_wconf 82' lang='lat' dir='ltr'>vel</span> <span class='ocrx_word' id='word_1_86' title='bbox 1239 700 1497 731; x_wconf 77' lang='lat' dir='ltr'>consuetudinem</span> <span class='ocrx_word' id='word_1_87' title='bbox 1515 699 1572 729; x_wconf 86' lang='lat' dir='ltr'>ali-</span> 
     </span>
     <span class='ocr_line' id='line_1_9' title="bbox 101 753 1571 797; baseline -0.002 -11"><span class='ocrx_word' id='word_1_88' title='bbox 101 758 206 797; x_wconf 82' lang='lat' dir='ltr'>quam,</span> <span class='ocrx_word' id='word_1_89' title='bbox 221 756 306 797; x_wconf 83' lang='lat' dir='ltr'>quod</span> <span class='ocrx_word' id='word_1_90' title='bbox 323 761 371 787; x_wconf 88' lang='lat' dir='ltr'>est</span> <span class='ocrx_word' id='word_1_91' title='bbox 386 756 510 797; x_wconf 78' lang='lat' dir='ltr'>melius,</span> <span class='ocrx_word' id='word_1_92' title='bbox 526 765 596 786; x_wconf 85' lang='lat' dir='ltr'>curn</span> <span class='ocrx_word' id='word_1_93' title='bbox 613 755 714 785; x_wconf 78' lang='lat' dir='ltr'>minus</span> <span class='ocrx_word' id='word_1_94' title='bbox 729 755 831 795; x_wconf 88' lang='lat' dir='ltr'>ipsum</span> <span class='ocrx_word' id='word_1_95' title='bbox 857 754 908 790; x_wconf 86' lang='lat' dir='ltr'>sit,</span> <span class='ocrx_word' id='word_1_96' title='bbox 925 754 1086 784; x_wconf 84' lang='lat' dir='ltr'>deterioris</span> <span class='ocrx_word' id='word_1_97' title='bbox 1103 754 1304 784; x_wconf 86' lang='lat' dir='ltr'>multitudine</span> <span class='ocrx_word' id='word_1_98' title='bbox 1320 758 1494 794; x_wconf 77' lang='lat' dir='ltr'>superatur,</span> <span class='ocrx_word' id='word_1_99' title='bbox 1510 753 1571 783; x_wconf 86' lang='lat' dir='ltr'>hoc</span> 
     </span>
     <span class='ocr_line' id='line_1_10' title="bbox 101 807 1571 851; baseline -0.003 -11"><span class='ocrx_word' id='word_1_100' title='bbox 101 820 139 841; x_wconf 90' lang='lat' dir='ltr'>ex</span> <span class='ocrx_word' id='word_1_101' title='bbox 156 809 323 851; x_wconf 89' lang='lat' dir='ltr'>opprobrio</span> <span class='ocrx_word' id='word_1_102' title='bbox 338 810 473 851; x_wconf 89' lang='lat' dir='ltr'>quodam</span> <span class='ocrx_word' id='word_1_103' title='bbox 489 820 521 840; x_wconf 90' lang='lat' dir='ltr'>se</span> <span class='ocrx_word' id='word_1_104' title='bbox 537 809 605 850; x_wconf 87' lang='lat' dir='ltr'>ipso</span> <span class='ocrx_word' id='word_1_105' title='bbox 621 808 807 840; x_wconf 76' lang='lat' dir='ltr'>imbecillius</span> <span class='ocrx_word' id='word_1_106' title='bbox 823 808 936 838; x_wconf 81' lang='lat' dir='ltr'>dicitur</span> <span class='ocrx_word' id='word_1_107' title='bbox 952 820 959 838; x_wconf 85' lang='lat'>:</span> <span class='ocrx_word' id='word_1_108' title='bbox 977 812 1008 838; x_wconf 92' lang='lat' dir='ltr'>et</span> <span class='ocrx_word' id='word_1_109' title='bbox 1022 807 1076 848; x_wconf 92' lang='lat' dir='ltr'>qui</span> <span class='ocrx_word' id='word_1_110' title='bbox 1089 808 1133 838; x_wconf 87' lang='lat' dir='ltr'>ita</span> <span class='ocrx_word' id='word_1_111' title='bbox 1145 807 1276 838; x_wconf 86' lang='lat' dir='ltr'>affectus</span> <span class='ocrx_word' id='word_1_112' title='bbox 1288 813 1347 843; x_wconf 84' lang='lat' dir='ltr'>est,</span> <span class='ocrx_word' id='word_1_113' title='bbox 1361 807 1571 847; x_wconf 81' lang='lat' dir='ltr'>intemperans</span> 
     </span>
     <span class='ocr_line' id='line_1_11' title="bbox 99 850 1567 904; baseline -0.002 -11"><span class='ocrx_word' id='word_1_114' title='bbox 99 863 286 904; x_wconf 88' lang='lat' dir='ltr'>appellatur.</span> <span class='ocrx_word' id='word_1_115' title='bbox 332 863 448 894; x_wconf 74' lang='lat' dir='ltr'>GLAU.</span> <span class='ocrx_word' id='word_1_116' title='bbox 472 863 524 895; x_wconf 87' lang='lat' dir='ltr'>Sic</span> <span class='ocrx_word' id='word_1_117' title='bbox 537 868 679 904; x_wconf 86' lang='lat' dir='ltr'>apparet.</span> <span class='ocrx_word' id='word_1_118' title='bbox 727 863 781 893; x_wconf 87' lang='lat' dir='ltr'>So.</span> <span class='ocrx_word' id='word_1_119' title='bbox 806 850 1029 902; x_wconf 80' lang='lat' dir='ltr'>Contemplare</span> <span class='ocrx_word' id='word_1_120' title='bbox 1053 863 1134 892; x_wconf 86' lang='lat' dir='ltr'>hanc</span> <span class='ocrx_word' id='word_1_121' title='bbox 1150 872 1250 902; x_wconf 83' lang='lat' dir='ltr'>nuper</span> <span class='ocrx_word' id='word_1_122' title='bbox 1266 871 1284 891; x_wconf 90' lang='lat' dir='ltr'>a</span> <span class='ocrx_word' id='word_1_123' title='bbox 1300 861 1390 892; x_wconf 88' lang='lat' dir='ltr'>nobis</span> <span class='ocrx_word' id='word_1_124' title='bbox 1406 861 1567 891; x_wconf 86' lang='lat' dir='ltr'>conditam</span> 
     </span>
     <span class='ocr_line' id='line_1_12' title="bbox 96 915 1568 958; baseline -0.003 -10"><span class='ocrx_word' id='word_1_125' title='bbox 96 916 268 954; x_wconf 85' lang='lat' dir='ltr'>civitatem,</span> <span class='ocrx_word' id='word_1_126' title='bbox 292 917 493 958; x_wconf 81' lang='lat' dir='ltr'>inveniesque</span> <span class='ocrx_word' id='word_1_127' title='bbox 518 918 576 958; x_wconf 86' lang='lat' dir='ltr'>ipsi</span> <span class='ocrx_word' id='word_1_128' title='bbox 603 917 734 947; x_wconf 87' lang='lat' dir='ltr'>alterum</span> <span class='ocrx_word' id='word_1_129' title='bbox 760 917 867 946; x_wconf 84' lang='lat' dir='ltr'>horum</span> <span class='ocrx_word' id='word_1_130' title='bbox 892 917 1004 947; x_wconf 87' lang='lat' dir='ltr'>inesse.</span> <span class='ocrx_word' id='word_1_131' title='bbox 1030 916 1235 957; x_wconf 85' lang='lat' dir='ltr'>potentiorem</span> <span class='ocrx_word' id='word_1_132' title='bbox 1261 916 1379 957; x_wconf 85' lang='lat' dir='ltr'>quippe</span> <span class='ocrx_word' id='word_1_133' title='bbox 1407 915 1508 956; x_wconf 83' lang='lat' dir='ltr'>ipsam</span> <span class='ocrx_word' id='word_1_134' title='bbox 1535 925 1568 944; x_wconf 87' lang='lat' dir='ltr'>se</span> 
     </span>
     <span class='ocr_line' id='line_1_13' title="bbox 64 968 1570 1012; baseline -0.002 -11"><span class='ocrx_word' id='word_1_135' title='bbox 64 976 70 980; x_wconf 77' lang='grc'><strong>“</strong></span> <span class='ocrx_word' id='word_1_136' title='bbox 98 970 166 1012; x_wconf 87' lang='lat' dir='ltr'>ipsa</span> <span class='ocrx_word' id='word_1_137' title='bbox 179 970 250 1012; x_wconf 87' lang='lat' dir='ltr'>jure</span> <span class='ocrx_word' id='word_1_138' title='bbox 265 976 405 1002; x_wconf 85' lang='lat' dir='ltr'>vocatam</span> <span class='ocrx_word' id='word_1_139' title='bbox 421 971 578 1002; x_wconf 79' lang='lat' dir='ltr'>fateberis.</span> <span class='ocrx_word' id='word_1_140' title='bbox 602 981 672 1000; x_wconf 86' lang='lat' dir='ltr'>nam</span> <span class='ocrx_word' id='word_1_141' title='bbox 693 970 721 1000; x_wconf 87' lang='lat' dir='ltr'>si</span> <span class='ocrx_word' id='word_1_142' title='bbox 736 970 846 999; x_wconf 84' lang='lat' dir='ltr'>melius</span> <span class='ocrx_word' id='word_1_143' title='bbox 863 970 893 999; x_wconf 90' lang='lat' dir='ltr'>in</span> <span class='ocrx_word' id='word_1_144' title='bbox 909 981 948 1000; x_wconf 84' lang='lat' dir='ltr'>ea</span> <span class='ocrx_word' id='word_1_145' title='bbox 964 969 1062 1010; x_wconf 80' lang='lat' dir='ltr'>pejori</span> <span class='ocrx_word' id='word_1_146' title='bbox 1079 969 1222 1010; x_wconf 80' lang='lat' dir='ltr'>imperat,</span> <span class='ocrx_word' id='word_1_147' title='bbox 1246 975 1420 1010; x_wconf 88' lang='lat' dir='ltr'>temperata</span> <span class='ocrx_word' id='word_1_148' title='bbox 1434 968 1570 999; x_wconf 88' lang='lat' dir='ltr'>dicenda</span> 
     </span>
     <span class='ocr_line' id='line_1_14' title="bbox 98 1021 1569 1066; baseline -0.003 -12"><span class='ocrx_word' id='word_1_149' title='bbox 98 1030 146 1055; x_wconf 81' lang='lat' dir='ltr'>est</span> <span class='ocrx_word' id='word_1_150' title='bbox 161 1030 194 1056; x_wconf 87' lang='lat' dir='ltr'>et</span> <span class='ocrx_word' id='word_1_151' title='bbox 208 1036 240 1055; x_wconf 87' lang='lat' dir='ltr'>se</span> <span class='ocrx_word' id='word_1_152' title='bbox 255 1025 323 1066; x_wconf 86' lang='lat' dir='ltr'>ipsa</span> <span class='ocrx_word' id='word_1_153' title='bbox 334 1025 453 1056; x_wconf 86' lang='lat' dir='ltr'>melior.</span> <span class='ocrx_word' id='word_1_154' title='bbox 500 1024 616 1055; x_wconf 75' lang='lat' dir='ltr'>GLAu.</span> <span class='ocrx_word' id='word_1_155' title='bbox 641 1023 847 1064; x_wconf 82' lang='lat' dir='ltr'>Contemplor</span> <span class='ocrx_word' id='word_1_156' title='bbox 859 1023 1005 1063; x_wconf 86' lang='lat' dir='ltr'>equidem</span> <span class='ocrx_word' id='word_1_157' title='bbox 1023 1034 1029 1052; x_wconf 80' lang='lat' dir='ltr'><strong><em>z</em></strong></span> <span class='ocrx_word' id='word_1_158' title='bbox 1055 1033 1091 1052; x_wconf 92' lang='lat' dir='ltr'>ac</span> <span class='ocrx_word' id='word_1_159' title='bbox 1104 1033 1176 1052; x_wconf 86' lang='lat' dir='ltr'>vera</span> <span class='ocrx_word' id='word_1_160' title='bbox 1189 1022 1335 1063; x_wconf 89' lang='lat' dir='ltr'>loqueris.</span> <span class='ocrx_word' id='word_1_161' title='bbox 1381 1022 1437 1053; x_wconf 88' lang='lat' dir='ltr'>So.</span> <span class='ocrx_word' id='word_1_162' title='bbox 1460 1021 1569 1052; x_wconf 87' lang='lat' dir='ltr'>Enim-</span> 
     </span>
     <span class='ocr_line' id='line_1_15' title="bbox 99 1075 1568 1121; baseline -0.002 -13"><span class='ocrx_word' id='word_1_163' title='bbox 99 1090 170 1110; x_wconf 90' lang='lat' dir='ltr'>vero</span> <span class='ocrx_word' id='word_1_164' title='bbox 198 1079 345 1121; x_wconf 84' lang='lat' dir='ltr'>plurimas</span> <span class='ocrx_word' id='word_1_165' title='bbox 369 1080 530 1120; x_wconf 85' lang='lat' dir='ltr'>variasque</span> <span class='ocrx_word' id='word_1_166' title='bbox 558 1078 758 1119; x_wconf 85' lang='lat' dir='ltr'>cupiditates.</span> <span class='ocrx_word' id='word_1_167' title='bbox 785 1076 974 1117; x_wconf 72' lang='lat' dir='ltr'>voluptateS,</span> <span class='ocrx_word' id='word_1_168' title='bbox 999 1077 1134 1113; x_wconf 91' lang='lat' dir='ltr'>dolores,</span> <span class='ocrx_word' id='word_1_169' title='bbox 1158 1076 1190 1106; x_wconf 87' lang='lat' dir='ltr'>in</span> <span class='ocrx_word' id='word_1_170' title='bbox 1212 1076 1257 1107; x_wconf 83' lang='lat' dir='ltr'>his</span> <span class='ocrx_word' id='word_1_171' title='bbox 1274 1076 1419 1106; x_wconf 85' lang='lat' dir='ltr'>omnibus</span> <span class='ocrx_word' id='word_1_172' title='bbox 1434 1075 1568 1116; x_wconf 84' lang='lat' dir='ltr'>reperire</span> 
     </span>
     <span class='ocr_line' id='line_1_16' title="bbox 100 1129 1567 1174; baseline -0.004 -11"><span class='ocrx_word' id='word_1_173' title='bbox 100 1133 234 1163; x_wconf 82' lang='lat' dir='ltr'>maxime</span> <span class='ocrx_word' id='word_1_174' title='bbox 248 1133 379 1174; x_wconf 80' lang='lat' dir='ltr'>quisque</span> <span class='ocrx_word' id='word_1_175' title='bbox 397 1132 519 1173; x_wconf 82' lang='lat' dir='ltr'>poterit,</span> <span class='ocrx_word' id='word_1_176' title='bbox 546 1131 724 1162; x_wconf 91' lang='lat' dir='ltr'>mulieribus</span> <span class='ocrx_word' id='word_1_177' title='bbox 741 1136 773 1162; x_wconf 86' lang='lat' dir='ltr'>et</span> <span class='ocrx_word' id='word_1_178' title='bbox 799 1129 957 1166; x_wconf 83' lang='lat' dir='ltr'>ministris,</span> <span class='ocrx_word' id='word_1_179' title='bbox 976 1136 1008 1161; x_wconf 83' lang='lat' dir='ltr'>et</span> <span class='ocrx_word' id='word_1_180' title='bbox 1033 1141 1138 1161; x_wconf 87' lang='lat' dir='ltr'>eorum</span> <span class='ocrx_word' id='word_1_181' title='bbox 1155 1130 1208 1171; x_wconf 90' lang='lat' dir='ltr'>qui</span> <span class='ocrx_word' id='word_1_182' title='bbox 1225 1129 1311 1160; x_wconf 76' lang='lat' dir='ltr'>liberi</span> <span class='ocrx_word' id='word_1_183' title='bbox 1328 1139 1394 1160; x_wconf 86' lang='lat' dir='ltr'>esse</span> <span class='ocrx_word' id='word_1_184' title='bbox 1409 1129 1567 1168; x_wconf 77' lang='lat' dir='ltr'>dicuntur,</span> 
     </span>
     <span class='ocr_line' id='line_1_17' title="bbox 97 1182 1570 1228; baseline -0.003 -12"><span class='ocrx_word' id='word_1_185' title='bbox 97 1185 129 1216; x_wconf 86' lang='lat' dir='ltr'>in</span> <span class='ocrx_word' id='word_1_186' title='bbox 157 1187 232 1228; x_wconf 84' lang='lat' dir='ltr'>ipsis</span> <span class='ocrx_word' id='word_1_187' title='bbox 259 1186 376 1228; x_wconf 80' lang='lat' dir='ltr'>plebeis</span> <span class='ocrx_word' id='word_1_188' title='bbox 400 1185 593 1227; x_wconf 86' lang='lat' dir='ltr'>abjectisque</span> <span class='ocrx_word' id='word_1_189' title='bbox 610 1185 799 1215; x_wconf 80' lang='lat' dir='ltr'>hominibus.</span> <span class='ocrx_word' id='word_1_190' title='bbox 846 1184 961 1216; x_wconf 73' lang='lat' dir='ltr'>GLAU.</span> <span class='ocrx_word' id='word_1_191' title='bbox 985 1185 1123 1216; x_wconf 87' lang='lat' dir='ltr'>Omnino</span> <span class='ocrx_word' id='word_1_192' title='bbox 1138 1185 1276 1225; x_wconf 88' lang='lat' dir='ltr'>quidem.</span> <span class='ocrx_word' id='word_1_193' title='bbox 1323 1183 1378 1214; x_wconf 87' lang='lat' dir='ltr'>So.</span> <span class='ocrx_word' id='word_1_194' title='bbox 1402 1182 1570 1223; x_wconf 77' lang='lat' dir='ltr'>Simplices</span> 
     </span>
     <span class='ocr_line' id='line_1_18' title="bbox 97 1237 1569 1282; baseline -0.003 -12"><span class='ocrx_word' id='word_1_195' title='bbox 97 1245 200 1270; x_wconf 83' lang='lat' dir='ltr'>autem</span> <span class='ocrx_word' id='word_1_196' title='bbox 215 1247 247 1271; x_wconf 86' lang='lat' dir='ltr'>et</span> <span class='ocrx_word' id='word_1_197' title='bbox 264 1241 448 1282; x_wconf 78' lang='lat' dir='ltr'>moderatas,</span> <span class='ocrx_word' id='word_1_198' title='bbox 462 1251 533 1280; x_wconf 86' lang='lat' dir='ltr'>quae</span> <span class='ocrx_word' id='word_1_199' title='bbox 549 1250 619 1270; x_wconf 91' lang='lat' dir='ltr'>cum</span> <span class='ocrx_word' id='word_1_200' title='bbox 638 1246 740 1270; x_wconf 85' lang='lat' dir='ltr'>mente</span> <span class='ocrx_word' id='word_1_201' title='bbox 756 1245 789 1269; x_wconf 90' lang='lat' dir='ltr'>et</span> <span class='ocrx_word' id='word_1_202' title='bbox 799 1239 948 1280; x_wconf 91' lang='lat' dir='ltr'>opinione</span> <span class='ocrx_word' id='word_1_203' title='bbox 961 1245 1056 1275; x_wconf 83' lang='lat' dir='ltr'>recta,</span> <span class='ocrx_word' id='word_1_204' title='bbox 1067 1239 1133 1280; x_wconf 75' lang='lat' dir='ltr'>ipsa</span> <span class='ocrx_word' id='word_1_205' title='bbox 1145 1238 1386 1269; x_wconf 85' lang='lat' dir='ltr'>ratiocinatione</span> <span class='ocrx_word' id='word_1_206' title='bbox 1397 1237 1569 1276; x_wconf 83' lang='lat' dir='ltr'>ducuntur,</span> 
     </span>
     <span class='ocr_line' id='line_1_19' title="bbox 96 1290 1564 1335; baseline -0.003 -11"><span class='ocrx_word' id='word_1_207' title='bbox 96 1294 128 1324; x_wconf 92' lang='lat' dir='ltr'>in</span> <span class='ocrx_word' id='word_1_208' title='bbox 145 1294 253 1334; x_wconf 86' lang='lat' dir='ltr'>paucis</span> <span class='ocrx_word' id='word_1_209' title='bbox 267 1305 341 1325; x_wconf 88' lang='lat' dir='ltr'>sane</span> <span class='ocrx_word' id='word_1_210' title='bbox 368 1295 521 1334; x_wconf 85' lang='lat' dir='ltr'>reperies:</span> <span class='ocrx_word' id='word_1_211' title='bbox 546 1299 577 1324; x_wconf 88' lang='lat' dir='ltr'>et</span> <span class='ocrx_word' id='word_1_212' title='bbox 602 1294 647 1324; x_wconf 76' lang='lat' dir='ltr'>his</span> <span class='ocrx_word' id='word_1_213' title='bbox 663 1294 790 1335; x_wconf 88' lang='lat' dir='ltr'>quidem</span> <span class='ocrx_word' id='word_1_214' title='bbox 816 1293 897 1323; x_wconf 82' lang='lat' dir='ltr'>natis</span> <span class='ocrx_word' id='word_1_215' title='bbox 921 1294 1038 1334; x_wconf 81' lang='lat' dir='ltr'>optime</span> <span class='ocrx_word' id='word_1_216' title='bbox 1063 1299 1095 1323; x_wconf 89' lang='lat' dir='ltr'>et</span> <span class='ocrx_word' id='word_1_217' title='bbox 1111 1293 1228 1333; x_wconf 86' lang='lat' dir='ltr'>optime</span> <span class='ocrx_word' id='word_1_218' title='bbox 1243 1293 1397 1323; x_wconf 78' lang='lat' dir='ltr'>educatis.</span> <span class='ocrx_word' id='word_1_219' title='bbox 1446 1290 1564 1322; x_wconf 64' lang='lat' dir='ltr'>Gmu.</span> 
     </span>
     <span class='ocr_line' id='line_1_20' title="bbox 96 1345 1567 1387; baseline -0.002 -9"><span class='ocrx_word' id='word_1_220' title='bbox 96 1347 178 1378; x_wconf 89' lang='lat' dir='ltr'>Vera</span> <span class='ocrx_word' id='word_1_221' title='bbox 196 1348 261 1379; x_wconf 57' lang='lat' dir='ltr'>have</span> <span class='ocrx_word' id='word_1_222' title='bbox 277 1353 359 1378; x_wconf 83' lang='lat' dir='ltr'>sunt.</span> <span class='ocrx_word' id='word_1_223' title='bbox 405 1348 460 1378; x_wconf 88' lang='lat' dir='ltr'>So.</span> <span class='ocrx_word' id='word_1_224' title='bbox 484 1347 534 1378; x_wconf 92' lang='lat' dir='ltr'>An</span> <span class='ocrx_word' id='word_1_225' title='bbox 551 1358 613 1378; x_wconf 91' lang='lat' dir='ltr'>non</span> <span class='ocrx_word' id='word_1_226' title='bbox 631 1348 697 1377; x_wconf 86' lang='lat' dir='ltr'>haec</span> <span class='ocrx_word' id='word_1_227' title='bbox 714 1347 744 1376; x_wconf 85' lang='lat' dir='ltr'>in</span> <span class='ocrx_word' id='word_1_228' title='bbox 762 1347 888 1378; x_wconf 81' lang='lat' dir='ltr'>civitate</span> <span class='ocrx_word' id='word_1_229' title='bbox 906 1348 963 1378; x_wconf 84' lang='lat' dir='ltr'>bac</span> <span class='ocrx_word' id='word_1_230' title='bbox 979 1358 1046 1378; x_wconf 84' lang='lat' dir='ltr'>esse</span> <span class='ocrx_word' id='word_1_231' title='bbox 1063 1347 1161 1382; x_wconf 88' lang='lat' dir='ltr'>vides,</span> <span class='ocrx_word' id='word_1_232' title='bbox 1179 1352 1273 1387; x_wconf 83' lang='lat' dir='ltr'>atque</span> <span class='ocrx_word' id='word_1_233' title='bbox 1299 1346 1352 1376; x_wconf 90' lang='lat' dir='ltr'>hic</span> <span class='ocrx_word' id='word_1_234' title='bbox 1377 1345 1567 1385; x_wconf 80' lang='lat' dir='ltr'>cupiditates</span> 
     </span>
     <span class='ocr_line' id='line_1_21' title="bbox 94 1399 1565 1443; baseline -0.002 -12"><span class='ocrx_word' id='word_1_235' title='bbox 94 1401 180 1443; x_wconf 84' lang='lat' dir='ltr'>vulgi</span> <span class='ocrx_word' id='word_1_236' title='bbox 205 1401 377 1443; x_wconf 82' lang='lat' dir='ltr'>viliumque</span> <span class='ocrx_word' id='word_1_237' title='bbox 401 1412 602 1442; x_wconf 82' lang='lat' dir='ltr'>personarum</span> <span class='ocrx_word' id='word_1_238' title='bbox 629 1407 788 1442; x_wconf 82' lang='lat' dir='ltr'>superatas</span> <span class='ocrx_word' id='word_1_239' title='bbox 813 1411 830 1431; x_wconf 87' lang='lat' dir='ltr'>a</span> <span class='ocrx_word' id='word_1_240' title='bbox 854 1401 1081 1442; x_wconf 74' lang='lat' dir='ltr'>cupiditatibus</span> <span class='ocrx_word' id='word_1_241' title='bbox 1106 1407 1138 1432; x_wconf 85' lang='lat' dir='ltr'>et</span> <span class='ocrx_word' id='word_1_242' title='bbox 1160 1401 1366 1442; x_wconf 76' lang='lat' dir='ltr'>temperantia</span> <span class='ocrx_word' id='word_1_243' title='bbox 1384 1399 1565 1440; x_wconf 86' lang='lat' dir='ltr'>pauciorum</span> 
     </span>
     <span class='ocr_line' id='line_1_22' title="bbox 96 1454 1565 1497; baseline -0.002 -12"><span class='ocrx_word' id='word_1_244' title='bbox 96 1455 370 1497; x_wconf 76' lang='lat' dir='ltr'>modestorumque</span> <span class='ocrx_word' id='word_1_245' title='bbox 386 1456 540 1488; x_wconf 87' lang='lat' dir='ltr'>virorum?</span> <span class='ocrx_word' id='word_1_246' title='bbox 587 1456 702 1487; x_wconf 74' lang='lat' dir='ltr'>GLAU.</span> <span class='ocrx_word' id='word_1_247' title='bbox 728 1456 831 1487; x_wconf 83' lang='lat' dir='ltr'>Cerno</span> <span class='ocrx_word' id='word_1_248' title='bbox 845 1455 1004 1496; x_wconf 74' lang='lat' dir='ltr'>equidem.</span> <span class='ocrx_word' id='word_1_249' title='bbox 1049 1456 1102 1486; x_wconf 85' lang='lat' dir='ltr'>So.</span> <span class='ocrx_word' id='word_1_250' title='bbox 1127 1456 1158 1486; x_wconf 86' lang='lat' dir='ltr'>Si</span> <span class='ocrx_word' id='word_1_251' title='bbox 1183 1466 1245 1496; x_wconf 84' lang='lat' dir='ltr'>qua</span> <span class='ocrx_word' id='word_1_252' title='bbox 1261 1454 1356 1495; x_wconf 81' lang='lat' dir='ltr'>igitur</span> <span class='ocrx_word' id='word_1_253' title='bbox 1378 1454 1489 1484; x_wconf 88' lang='lat' dir='ltr'>civitas</span> <span class='ocrx_word' id='word_1_254' title='bbox 1506 1463 1565 1494; x_wconf 90' lang='lat' dir='ltr'>po-</span> 
     </span>
     <span class='ocr_line' id='line_1_23' title="bbox 93 1507 1565 1552; baseline -0.002 -13"><span class='ocrx_word' id='word_1_255' title='bbox 93 1510 208 1540; x_wconf 83' lang='lat' dir='ltr'>tentior</span> <span class='ocrx_word' id='word_1_256' title='bbox 223 1510 448 1551; x_wconf 86' lang='lat' dir='ltr'>cupiditatibus</span> <span class='ocrx_word' id='word_1_257' title='bbox 464 1516 496 1540; x_wconf 83' lang='lat' dir='ltr'>ct</span> <span class='ocrx_word' id='word_1_258' title='bbox 513 1510 736 1551; x_wconf 81' lang='lat' dir='ltr'>voluptatibus,</span> <span class='ocrx_word' id='word_1_259' title='bbox 752 1515 846 1551; x_wconf 84' lang='lat' dir='ltr'>atque</span> <span class='ocrx_word' id='word_1_260' title='bbox 864 1510 937 1540; x_wconf 84' lang='lat' dir='ltr'>item</span> <span class='ocrx_word' id='word_1_261' title='bbox 954 1511 985 1540; x_wconf 91' lang='lat' dir='ltr'>in</span> <span class='ocrx_word' id='word_1_262' title='bbox 1003 1521 1034 1541; x_wconf 88' lang='lat' dir='ltr'>se</span> <span class='ocrx_word' id='word_1_263' title='bbox 1049 1510 1129 1552; x_wconf 88' lang='lat' dir='ltr'>ipsa,</span> <span class='ocrx_word' id='word_1_264' title='bbox 1141 1511 1208 1540; x_wconf 79' lang='lat' dir='ltr'>lraec</span> <span class='ocrx_word' id='word_1_265' title='bbox 1223 1509 1356 1539; x_wconf 85' lang='lat' dir='ltr'>maxime</span> <span class='ocrx_word' id='word_1_266' title='bbox 1370 1508 1438 1538; x_wconf 74' lang='lat' dir='ltr'>talis</span> <span class='ocrx_word' id='word_1_267' title='bbox 1451 1507 1565 1548; x_wconf 84' lang='lat' dir='ltr'>appel-</span> 
     </span>
     <span class='ocr_line' id='line_1_24' title="bbox 95 1560 1567 1606; baseline -0.002 -13"><span class='ocrx_word' id='word_1_268' title='bbox 95 1563 189 1594; x_wconf 86' lang='lat' dir='ltr'>landa</span> <span class='ocrx_word' id='word_1_269' title='bbox 205 1569 262 1594; x_wconf 85' lang='lat' dir='ltr'>est.</span> <span class='ocrx_word' id='word_1_270' title='bbox 307 1563 421 1594; x_wconf 60' lang='lat' dir='ltr'>Guu.</span> <span class='ocrx_word' id='word_1_271' title='bbox 446 1564 585 1595; x_wconf 82' lang='lat' dir='ltr'>Prorsus.</span> <span class='ocrx_word' id='word_1_272' title='bbox 631 1565 687 1596; x_wconf 82' lang='lat' dir='ltr'>So.</span> <span class='ocrx_word' id='word_1_273' title='bbox 711 1564 822 1606; x_wconf 88' lang='lat' dir='ltr'>Itaque</span> <span class='ocrx_word' id='word_1_274' title='bbox 849 1575 955 1595; x_wconf 90' lang='lat' dir='ltr'>nonne</span> <span class='ocrx_word' id='word_1_275' title='bbox 975 1564 1068 1605; x_wconf 81' lang='lat' dir='ltr'>juxta</span> <span class='ocrx_word' id='word_1_276' title='bbox 1095 1565 1161 1594; x_wconf 79' lang='lat' dir='ltr'>iiaec</span> <span class='ocrx_word' id='word_1_277' title='bbox 1185 1564 1290 1594; x_wconf 85' lang='lat' dir='ltr'>omnia</span> <span class='ocrx_word' id='word_1_278' title='bbox 1316 1568 1348 1593; x_wconf 86' lang='lat' dir='ltr'>et</span> <span class='ocrx_word' id='word_1_279' title='bbox 1370 1560 1567 1603; x_wconf 82' lang='lat' dir='ltr'>temperata?</span> 
     </span>
     <span class='ocr_line' id='line_1_25' title="bbox 96 1616 1565 1659; baseline -0.003 -11"><span class='ocrx_word' id='word_1_280' title='bbox 96 1617 213 1648; x_wconf 71' lang='lat' dir='ltr'>GLAU.</span> <span class='ocrx_word' id='word_1_281' title='bbox 236 1618 387 1649; x_wconf 86' lang='lat' dir='ltr'>Maxime.</span> <span class='ocrx_word' id='word_1_282' title='bbox 435 1619 490 1649; x_wconf 88' lang='lat' dir='ltr'>So.</span> <span class='ocrx_word' id='word_1_283' title='bbox 514 1618 612 1659; x_wconf 83' lang='lat' dir='ltr'>Atqui</span> <span class='ocrx_word' id='word_1_284' title='bbox 629 1618 653 1649; x_wconf 85' lang='lat' dir='ltr'>si</span> <span class='ocrx_word' id='word_1_285' title='bbox 671 1619 778 1649; x_wconf 86' lang='lat' dir='ltr'>eadem</span> <span class='ocrx_word' id='word_1_286' title='bbox 796 1619 826 1648; x_wconf 90' lang='lat' dir='ltr'>in</span> <span class='ocrx_word' id='word_1_287' title='bbox 843 1619 904 1649; x_wconf 89' lang='lat' dir='ltr'>alia</span> <span class='ocrx_word' id='word_1_288' title='bbox 920 1618 1048 1650; x_wconf 86' lang='lat' dir='ltr'>civitate</span> <span class='ocrx_word' id='word_1_289' title='bbox 1065 1624 1126 1648; x_wconf 82' lang='lat' dir='ltr'>tam</span> <span class='ocrx_word' id='word_1_290' title='bbox 1144 1618 1278 1648; x_wconf 81' lang='lat' dir='ltr'>subditis</span> <span class='ocrx_word' id='word_1_291' title='bbox 1297 1627 1389 1658; x_wconf 91' lang='lat' dir='ltr'>quam</span> <span class='ocrx_word' id='word_1_292' title='bbox 1410 1616 1565 1656; x_wconf 78' lang='lat' dir='ltr'>imperan-</span> 
     </span>
     <span class='ocr_line' id='line_1_26' title="bbox 97 1669 1565 1714; baseline -0.002 -12"><span class='ocrx_word' id='word_1_293' title='bbox 97 1671 192 1707; x_wconf 84' lang='lat' dir='ltr'>tibus,</span> <span class='ocrx_word' id='word_1_294' title='bbox 208 1671 334 1713; x_wconf 89' lang='lat' dir='ltr'>quinam</span> <span class='ocrx_word' id='word_1_295' title='bbox 353 1672 595 1703; x_wconf 72' lang='lat' dir='ltr'>administraturi</span> <span class='ocrx_word' id='word_1_296' title='bbox 613 1673 674 1702; x_wconf 83' lang='lat' dir='ltr'>sint</span> <span class='ocrx_word' id='word_1_297' title='bbox 689 1684 750 1703; x_wconf 87' lang='lat' dir='ltr'>rem</span> <span class='ocrx_word' id='word_1_298' title='bbox 769 1673 940 1713; x_wconf 82' lang='lat' dir='ltr'>publicam,</span> <span class='ocrx_word' id='word_1_299' title='bbox 951 1672 1059 1714; x_wconf 89' lang='lat' dir='ltr'>opinio</span> <span class='ocrx_word' id='word_1_300' title='bbox 1071 1673 1164 1711; x_wconf 85' lang='lat' dir='ltr'>inest,</span> <span class='ocrx_word' id='word_1_301' title='bbox 1175 1682 1279 1702; x_wconf 87' lang='lat' dir='ltr'>nonne</span> <span class='ocrx_word' id='word_1_302' title='bbox 1292 1671 1322 1701; x_wconf 86' lang='lat' dir='ltr'>in</span> <span class='ocrx_word' id='word_1_303' title='bbox 1339 1672 1396 1701; x_wconf 88' lang='lat' dir='ltr'>hac</span> <span class='ocrx_word' id='word_1_304' title='bbox 1410 1669 1565 1711; x_wconf 69' lang='lat' dir='ltr'>praecipue</span> 
     </span>
     <span class='ocr_line' id='line_1_27' title="bbox 95 1723 1564 1768; baseline -0.001 -14"><span class='ocrx_word' id='word_1_305' title='bbox 95 1724 196 1756; x_wconf 79' lang='lat' dir='ltr'>inesse</span> <span class='ocrx_word' id='word_1_306' title='bbox 213 1726 360 1766; x_wconf 85' lang='lat' dir='ltr'>oportet?</span> <span class='ocrx_word' id='word_1_307' title='bbox 385 1737 422 1756; x_wconf 84' lang='lat' dir='ltr'>an</span> <span class='ocrx_word' id='word_1_308' title='bbox 439 1737 502 1756; x_wconf 87' lang='lat' dir='ltr'>non</span> <span class='ocrx_word' id='word_1_309' title='bbox 520 1727 562 1757; x_wconf 87' lang='lat' dir='ltr'>ita</span> <span class='ocrx_word' id='word_1_310' title='bbox 575 1727 707 1757; x_wconf 78' lang='lat' dir='ltr'>censes?</span> <span class='ocrx_word' id='word_1_311' title='bbox 754 1726 871 1757; x_wconf 60' lang='lat' dir='ltr'>Gmu.</span> <span class='ocrx_word' id='word_1_312' title='bbox 894 1727 1091 1768; x_wconf 83' lang='lat' dir='ltr'>Magnopere</span> <span class='ocrx_word' id='word_1_313' title='bbox 1116 1727 1197 1756; x_wconf 84' lang='lat' dir='ltr'>istud</span> <span class='ocrx_word' id='word_1_314' title='bbox 1216 1726 1356 1767; x_wconf 86' lang='lat' dir='ltr'>quidem.</span> <span class='ocrx_word' id='word_1_315' title='bbox 1401 1724 1458 1755; x_wconf 89' lang='lat' dir='ltr'>So.</span> <span class='ocrx_word' id='word_1_316' title='bbox 1483 1723 1564 1760; x_wconf 82' lang='lat' dir='ltr'>Qui-</span> 
     </span>
     <span class='ocr_line' id='line_1_28' title="bbox 98 1778 1564 1822; baseline -0.001 -14"><span class='ocrx_word' id='word_1_317' title='bbox 98 1778 154 1808; x_wconf 90' lang='lat' dir='ltr'>bus</span> <span class='ocrx_word' id='word_1_318' title='bbox 170 1779 278 1820; x_wconf 86' lang='lat' dir='ltr'>itaque</span> <span class='ocrx_word' id='word_1_319' title='bbox 296 1780 490 1820; x_wconf 81' lang='lat' dir='ltr'>potissimum</span> <span class='ocrx_word' id='word_1_320' title='bbox 507 1781 628 1811; x_wconf 87' lang='lat' dir='ltr'>civibus</span> <span class='ocrx_word' id='word_1_321' title='bbox 645 1781 744 1811; x_wconf 83' lang='lat' dir='ltr'>inesse</span> <span class='ocrx_word' id='word_1_322' title='bbox 769 1780 1006 1822; x_wconf 69' lang='lat' dir='ltr'>temperantiam</span> <span class='ocrx_word' id='word_1_323' title='bbox 1025 1780 1122 1816; x_wconf 86' lang='lat' dir='ltr'>dices,</span> <span class='ocrx_word' id='word_1_324' title='bbox 1138 1780 1283 1821; x_wconf 85' lang='lat' dir='ltr'>quotiens</span> <span class='ocrx_word' id='word_1_325' title='bbox 1305 1789 1370 1810; x_wconf 85' lang='lat' dir='ltr'>sese</span> <span class='ocrx_word' id='word_1_326' title='bbox 1387 1779 1429 1808; x_wconf 80' lang='lat' dir='ltr'>ita</span> <span class='ocrx_word' id='word_1_327' title='bbox 1446 1779 1564 1808; x_wconf 88' lang='lat' dir='ltr'>habue-</span> 
     </span>
     <span class='ocr_line' id='line_1_29' title="bbox 93 1832 1564 1875; baseline 0 -14"><span class='ocrx_word' id='word_1_328' title='bbox 93 1833 179 1863; x_wconf 89' lang='lat' dir='ltr'>rint?</span> <span class='ocrx_word' id='word_1_329' title='bbox 203 1833 233 1864; x_wconf 88' lang='lat' dir='ltr'>in</span> <span class='ocrx_word' id='word_1_330' title='bbox 262 1834 495 1875; x_wconf 85' lang='lat' dir='ltr'>principibusne</span> <span class='ocrx_word' id='word_1_331' title='bbox 520 1846 559 1865; x_wconf 87' lang='lat' dir='ltr'>an</span> <span class='ocrx_word' id='word_1_332' title='bbox 582 1835 614 1865; x_wconf 93' lang='lat' dir='ltr'>in</span> <span class='ocrx_word' id='word_1_333' title='bbox 642 1836 798 1866; x_wconf 84' lang='lat' dir='ltr'>subditis?</span> <span class='ocrx_word' id='word_1_334' title='bbox 844 1836 959 1867; x_wconf 77' lang='lat' dir='ltr'>GLAu.</span> <span class='ocrx_word' id='word_1_335' title='bbox 983 1835 1021 1865; x_wconf 89' lang='lat' dir='ltr'>In</span> <span class='ocrx_word' id='word_1_336' title='bbox 1047 1835 1196 1865; x_wconf 84' lang='lat' dir='ltr'>ambobus</span> <span class='ocrx_word' id='word_1_337' title='bbox 1220 1833 1464 1874; x_wconf 79' lang='lat' dir='ltr'>quodammodO.</span> <span class='ocrx_word' id='word_1_338' title='bbox 1508 1832 1564 1862; x_wconf 87' lang='lat' dir='ltr'>So.</span> 
     </span>
     <span class='ocr_line' id='line_1_30' title="bbox 94 1886 1562 1930; baseline -0.002 -12"><span class='ocrx_word' id='word_1_339' title='bbox 94 1886 217 1927; x_wconf 83' lang='lat' dir='ltr'>Cernis,</span> <span class='ocrx_word' id='word_1_340' title='bbox 232 1898 324 1929; x_wconf 86' lang='lat' dir='ltr'>quam</span> <span class='ocrx_word' id='word_1_341' title='bbox 342 1894 414 1930; x_wconf 85' lang='lat' dir='ltr'>apte</span> <span class='ocrx_word' id='word_1_342' title='bbox 430 1890 590 1921; x_wconf 82' lang='lat' dir='ltr'>vaticinati</span> <span class='ocrx_word' id='word_1_343' title='bbox 608 1900 712 1920; x_wconf 88' lang='lat' dir='ltr'>sumus</span> <span class='ocrx_word' id='word_1_344' title='bbox 730 1890 824 1930; x_wconf 85' lang='lat' dir='ltr'>paulo</span> <span class='ocrx_word' id='word_1_345' title='bbox 841 1896 924 1927; x_wconf 86' lang='lat' dir='ltr'>ante,</span> <span class='ocrx_word' id='word_1_346' title='bbox 942 1889 1109 1919; x_wconf 86' lang='lat' dir='ltr'>harmoniae</span> <span class='ocrx_word' id='word_1_347' title='bbox 1122 1889 1247 1918; x_wconf 88' lang='lat' dir='ltr'>cuidam</span> <span class='ocrx_word' id='word_1_348' title='bbox 1263 1898 1329 1918; x_wconf 82' lang='lat' dir='ltr'>esse</span> <span class='ocrx_word' id='word_1_349' title='bbox 1342 1886 1472 1916; x_wconf 86' lang='lat' dir='ltr'>similem</span> <span class='ocrx_word' id='word_1_350' title='bbox 1485 1891 1562 1916; x_wconf 80' lang='lat' dir='ltr'>tem-</span> 
     </span>
     <span class='ocr_line' id='line_1_31' title="bbox 92 1940 1564 1985; baseline -0.002 -13"><span class='ocrx_word' id='word_1_351' title='bbox 92 1943 289 1983; x_wconf 83' lang='lat' dir='ltr'>perantiam?</span> <span class='ocrx_word' id='word_1_352' title='bbox 335 1943 450 1975; x_wconf 72' lang='lat' dir='ltr'>GLAU.</span> <span class='ocrx_word' id='word_1_353' title='bbox 475 1944 637 1975; x_wconf 85' lang='lat' dir='ltr'>Curnam?</span> <span class='ocrx_word' id='word_1_354' title='bbox 685 1944 742 1976; x_wconf 88' lang='lat' dir='ltr'>So.</span> <span class='ocrx_word' id='word_1_355' title='bbox 766 1945 850 1981; x_wconf 77' lang='lat' dir='ltr'>Quia</span> <span class='ocrx_word' id='word_1_356' title='bbox 873 1955 948 1981; x_wconf 82' lang='lat' dir='ltr'>non,</span> <span class='ocrx_word' id='word_1_357' title='bbox 976 1943 1239 1985; x_wconf 86' lang='lat' dir='ltr'>quemadmodum</span> <span class='ocrx_word' id='word_1_358' title='bbox 1262 1941 1414 1982; x_wconf 84' lang='lat' dir='ltr'>sapientia</span> <span class='ocrx_word' id='word_1_359' title='bbox 1431 1947 1461 1970; x_wconf 76' lang='lat' dir='ltr'>ct</span> <span class='ocrx_word' id='word_1_360' title='bbox 1477 1940 1564 1970; x_wconf 85' lang='lat' dir='ltr'>forti-</span> 
     </span>
     <span class='ocr_line' id='line_1_32' title="bbox 96 1994 1561 2040; baseline -0.002 -14"><span class='ocrx_word' id='word_1_361' title='bbox 96 1997 173 2027; x_wconf 90' lang='lat' dir='ltr'>tudo</span> <span class='ocrx_word' id='word_1_362' title='bbox 200 1996 232 2027; x_wconf 90' lang='lat' dir='ltr'>in</span> <span class='ocrx_word' id='word_1_363' title='bbox 259 1998 396 2037; x_wconf 84' lang='lat' dir='ltr'>partibus</span> <span class='ocrx_word' id='word_1_364' title='bbox 420 1999 606 2039; x_wconf 80' lang='lat' dir='ltr'>quibusdam</span> <span class='ocrx_word' id='word_1_365' title='bbox 627 1997 783 2038; x_wconf 76' lang='lat' dir='ltr'>jacentes,</span> <span class='ocrx_word' id='word_1_366' title='bbox 811 1998 908 2040; x_wconf 72' lang='lat'><strong>[432]</strong></span> <span class='ocrx_word' id='word_1_367' title='bbox 934 1998 987 2029; x_wconf 89' lang='lat' dir='ltr'>illa</span> <span class='ocrx_word' id='word_1_368' title='bbox 1011 1998 1137 2038; x_wconf 82' lang='lat' dir='ltr'>quidem</span> <span class='ocrx_word' id='word_1_369' title='bbox 1162 1996 1348 2037; x_wconf 81' lang='lat' dir='ltr'>sapientem,</span> <span class='ocrx_word' id='word_1_370' title='bbox 1371 1995 1436 2025; x_wconf 73' lang='lat' dir='ltr'>lla-c</span> <span class='ocrx_word' id='word_1_371' title='bbox 1452 1994 1561 2024; x_wconf 83' lang='lat' dir='ltr'>fortem</span> 
     </span>
     <span class='ocr_line' id='line_1_33' title="bbox 95 2049 1562 2093; baseline -0.003 -13"><span class='ocrx_word' id='word_1_372' title='bbox 95 2050 190 2081; x_wconf 86' lang='lat' dir='ltr'>efficit</span> <span class='ocrx_word' id='word_1_373' title='bbox 206 2051 373 2088; x_wconf 83' lang='lat' dir='ltr'>civitatem,</span> <span class='ocrx_word' id='word_1_374' title='bbox 390 2052 434 2082; x_wconf 74' lang='lat' dir='ltr'>ita</span> <span class='ocrx_word' id='word_1_375' title='bbox 451 2053 517 2082; x_wconf 84' lang='lat' dir='ltr'>baec</span> <span class='ocrx_word' id='word_1_376' title='bbox 534 2053 598 2093; x_wconf 82' lang='lat' dir='ltr'>agit</span> <span class='ocrx_word' id='word_1_377' title='bbox 615 2064 622 2082; x_wconf 73' lang='grc' dir='ltr'><strong><em>ι</em></strong></span> <span class='ocrx_word' id='word_1_378' title='bbox 641 2053 693 2083; x_wconf 89' lang='lat' dir='ltr'>sed</span> <span class='ocrx_word' id='word_1_379' title='bbox 711 2053 807 2082; x_wconf 84' lang='lat' dir='ltr'>instar</span> <span class='ocrx_word' id='word_1_380' title='bbox 822 2053 1006 2093; x_wconf 64' lang='lat' dir='ltr'>harmoniae,</span> <span class='ocrx_word' id='word_1_381' title='bbox 1019 2062 1088 2093; x_wconf 82' lang='lat' dir='ltr'>quae</span> <span class='ocrx_word' id='word_1_382' title='bbox 1102 2051 1254 2091; x_wconf 87' lang='lat' dir='ltr'>diapason</span> <span class='ocrx_word' id='word_1_383' title='bbox 1266 2049 1390 2088; x_wconf 88' lang='lat' dir='ltr'>dicitur,</span> <span class='ocrx_word' id='word_1_384' title='bbox 1401 2059 1453 2089; x_wconf 87' lang='lat' dir='ltr'>per</span> <span class='ocrx_word' id='word_1_385' title='bbox 1466 2053 1562 2077; x_wconf 85' lang='lat' dir='ltr'>totam</span> 
     </span>
     <span class='ocr_line' id='line_1_34' title="bbox 93 2102 1564 2142; baseline -0.003 -7"><span class='ocrx_word' id='word_1_386' title='bbox 93 2104 251 2136; x_wconf 84' lang='lat' dir='ltr'>civitatem</span> <span class='ocrx_word' id='word_1_387' title='bbox 268 2105 466 2142; x_wconf 83' lang='lat' dir='ltr'>diffunditur,</span> <span class='ocrx_word' id='word_1_388' title='bbox 483 2106 621 2137; x_wconf 79' lang='lat' dir='ltr'>efficiens</span> <span class='ocrx_word' id='word_1_389' title='bbox 648 2112 855 2137; x_wconf 78' lang='lat' dir='ltr'>consonantes</span> <span class='ocrx_word' id='word_1_390' title='bbox 879 2107 909 2137; x_wconf 90' lang='lat' dir='ltr'>in</span> <span class='ocrx_word' id='word_1_391' title='bbox 927 2107 1008 2137; x_wconf 85' lang='lat' dir='ltr'>idem</span> <span class='ocrx_word' id='word_1_392' title='bbox 1035 2105 1201 2136; x_wconf 84' lang='lat' dir='ltr'>debiliores</span> <span class='ocrx_word' id='word_1_393' title='bbox 1218 2104 1360 2133; x_wconf 81' lang='lat' dir='ltr'>homines</span> <span class='ocrx_word' id='word_1_394' title='bbox 1375 2108 1407 2132; x_wconf 86' lang='lat' dir='ltr'>et</span> <span class='ocrx_word' id='word_1_395' title='bbox 1423 2102 1564 2132; x_wconf 81' lang='lat' dir='ltr'>fortiores</span> 
     </span>
     <span class='ocr_line' id='line_1_35' title="bbox 91 2156 1565 2202; baseline -0.002 -13"><span class='ocrx_word' id='word_1_396' title='bbox 91 2163 124 2189; x_wconf 88' lang='lat' dir='ltr'>et</span> <span class='ocrx_word' id='word_1_397' title='bbox 142 2158 271 2196; x_wconf 86' lang='lat' dir='ltr'>medios,</span> <span class='ocrx_word' id='word_1_398' title='bbox 288 2160 465 2200; x_wconf 87' lang='lat' dir='ltr'>prudentia,</span> <span class='ocrx_word' id='word_1_399' title='bbox 483 2161 636 2200; x_wconf 83' lang='lat' dir='ltr'>potentia,</span> <span class='ocrx_word' id='word_1_400' title='bbox 653 2161 856 2192; x_wconf 85' lang='lat' dir='ltr'>multitudine</span> <span class='ocrx_word' id='word_1_401' title='bbox 869 2161 916 2192; x_wconf 88' lang='lat' dir='ltr'>vel</span> <span class='ocrx_word' id='word_1_402' title='bbox 929 2161 1070 2202; x_wconf 79' lang='lat' dir='ltr'>pecuniis</span> <span class='ocrx_word' id='word_1_403' title='bbox 1089 2160 1133 2190; x_wconf 83' lang='lat' dir='ltr'>vel</span> <span class='ocrx_word' id='word_1_404' title='bbox 1148 2159 1209 2189; x_wconf 90' lang='lat' dir='ltr'>alio</span> <span class='ocrx_word' id='word_1_405' title='bbox 1222 2159 1358 2199; x_wconf 87' lang='lat' dir='ltr'>quodam</span> <span class='ocrx_word' id='word_1_406' title='bbox 1374 2156 1565 2197; x_wconf 83' lang='lat' dir='ltr'>hujusmodi.</span> 
     </span>
     <span class='ocr_line' id='line_1_36' title="bbox 91 2211 1562 2256; baseline -0.001 -14"><span class='ocrx_word' id='word_1_407' title='bbox 91 2217 282 2254; x_wconf 77' lang='lat' dir='ltr'>quapropter</span> <span class='ocrx_word' id='word_1_408' title='bbox 295 2213 463 2244; x_wconf 88' lang='lat' dir='ltr'>rectissime</span> <span class='ocrx_word' id='word_1_409' title='bbox 479 2225 643 2255; x_wconf 86' lang='lat' dir='ltr'>possumus</span> <span class='ocrx_word' id='word_1_410' title='bbox 661 2217 898 2256; x_wconf 85' lang='lat' dir='ltr'>temperantiam</span> <span class='ocrx_word' id='word_1_411' title='bbox 916 2216 996 2246; x_wconf 87' lang='lat' dir='ltr'>hanc</span> <span class='ocrx_word' id='word_1_412' title='bbox 1007 2214 1165 2256; x_wconf 86' lang='lat' dir='ltr'>appellare</span> <span class='ocrx_word' id='word_1_413' title='bbox 1180 2212 1390 2247; x_wconf 88' lang='lat' dir='ltr'>concordiam,</span> <span class='ocrx_word' id='word_1_414' title='bbox 1402 2211 1562 2241; x_wconf 83' lang='lat' dir='ltr'>deterioris</span> 
     </span>
     <span class='ocr_line' id='line_1_37' title="bbox 92 2265 1564 2308; baseline -0.001 -12"><span class='ocrx_word' id='word_1_415' title='bbox 92 2266 239 2297; x_wconf 80' lang='lat' dir='ltr'>videlicet</span> <span class='ocrx_word' id='word_1_416' title='bbox 253 2272 285 2297; x_wconf 91' lang='lat' dir='ltr'>et</span> <span class='ocrx_word' id='word_1_417' title='bbox 300 2268 428 2308; x_wconf 88' lang='lat' dir='ltr'>potioris</span> <span class='ocrx_word' id='word_1_418' title='bbox 444 2270 615 2299; x_wconf 90' lang='lat' dir='ltr'>secundum</span> <span class='ocrx_word' id='word_1_419' title='bbox 632 2275 772 2300; x_wconf 86' lang='lat' dir='ltr'>naturam</span> <span class='ocrx_word' id='word_1_420' title='bbox 789 2270 1039 2308; x_wconf 78' lang='lat' dir='ltr'>consensionem,</span> <span class='ocrx_word' id='word_1_421' title='bbox 1056 2273 1257 2303; x_wconf 83' lang='lat' dir='ltr'>statuentem,</span> <span class='ocrx_word' id='word_1_422' title='bbox 1280 2276 1372 2307; x_wconf 87' lang='lat' dir='ltr'>quem</span> <span class='ocrx_word' id='word_1_423' title='bbox 1389 2266 1419 2295; x_wconf 88' lang='lat' dir='ltr'>in</span> <span class='ocrx_word' id='word_1_424' title='bbox 1437 2265 1564 2296; x_wconf 86' lang='lat' dir='ltr'>civitate</span> 
     </span>
     <span class='ocr_line' id='line_1_38' title="bbox 91 2319 1560 2363; baseline -0.001 -13"><span class='ocrx_word' id='word_1_425' title='bbox 91 2320 140 2350; x_wconf 89' lang='lat' dir='ltr'>vel</span> <span class='ocrx_word' id='word_1_426' title='bbox 157 2320 188 2350; x_wconf 87' lang='lat' dir='ltr'>in</span> <span class='ocrx_word' id='word_1_427' title='bbox 205 2331 395 2362; x_wconf 90' lang='lat' dir='ltr'>unoquoque</span> <span class='ocrx_word' id='word_1_428' title='bbox 411 2323 578 2353; x_wconf 87' lang='lat' dir='ltr'>conveniat</span> <span class='ocrx_word' id='word_1_429' title='bbox 601 2324 766 2354; x_wconf 88' lang='lat' dir='ltr'>dominari.</span> <span class='ocrx_word' id='word_1_430' title='bbox 812 2323 927 2355; x_wconf 74' lang='lat' dir='ltr'>GLAu.</span> <span class='ocrx_word' id='word_1_431' title='bbox 950 2323 1114 2354; x_wconf 77' lang='lat' dir='ltr'>Assentior</span> <span class='ocrx_word' id='word_1_432' title='bbox 1138 2321 1296 2363; x_wconf 89' lang='lat' dir='ltr'>equidem.</span> <span class='ocrx_word' id='word_1_433' title='bbox 1341 2319 1397 2350; x_wconf 90' lang='lat' dir='ltr'>So.</span> <span class='ocrx_word' id='word_1_434' title='bbox 1422 2319 1502 2350; x_wconf 90' lang='lat' dir='ltr'>Cum</span> <span class='ocrx_word' id='word_1_435' title='bbox 1517 2319 1560 2349; x_wconf 86' lang='lat' dir='ltr'>ita</span> 
     </span>
     <span class='ocr_line' id='line_1_39' title="bbox 91 2373 1563 2419; baseline -0.001 -16"><span class='ocrx_word' id='word_1_436' title='bbox 91 2373 143 2413; x_wconf 85' lang='lat' dir='ltr'>sit,</span> <span class='ocrx_word' id='word_1_437' title='bbox 159 2373 293 2415; x_wconf 84' lang='lat' dir='ltr'>triajam</span> <span class='ocrx_word' id='word_1_438' title='bbox 310 2376 401 2407; x_wconf 87' lang='lat' dir='ltr'>nobis</span> <span class='ocrx_word' id='word_1_439' title='bbox 416 2376 446 2406; x_wconf 90' lang='lat' dir='ltr'>in</span> <span class='ocrx_word' id='word_1_440' title='bbox 464 2377 590 2408; x_wconf 87' lang='lat' dir='ltr'>civitate</span> <span class='ocrx_word' id='word_1_441' title='bbox 607 2383 767 2419; x_wconf 88' lang='lat' dir='ltr'>comperta</span> <span class='ocrx_word' id='word_1_442' title='bbox 782 2383 865 2414; x_wconf 85' lang='lat' dir='ltr'>sunt,</span> <span class='ocrx_word' id='word_1_443' title='bbox 885 2384 919 2408; x_wconf 86' lang='lat' dir='ltr'>ut</span> <span class='ocrx_word' id='word_1_444' title='bbox 934 2389 971 2409; x_wconf 81' lang='lat' dir='ltr'>ex</span> <span class='ocrx_word' id='word_1_445' title='bbox 984 2378 1029 2408; x_wconf 81' lang='lat' dir='ltr'>bis</span> <span class='ocrx_word' id='word_1_446' title='bbox 1045 2381 1186 2418; x_wconf 84' lang='lat' dir='ltr'>apparet.</span> <span class='ocrx_word' id='word_1_447' title='bbox 1211 2375 1328 2416; x_wconf 85' lang='lat' dir='ltr'>reliqua</span> <span class='ocrx_word' id='word_1_448' title='bbox 1340 2384 1410 2404; x_wconf 91' lang='lat' dir='ltr'>vero</span> <span class='ocrx_word' id='word_1_449' title='bbox 1426 2373 1563 2414; x_wconf 85' lang='lat' dir='ltr'>species,</span> 
     </span>
     <span class='ocr_line' id='line_1_40' title="bbox 92 2429 1561 2473; baseline 0 -17"><span class='ocrx_word' id='word_1_450' title='bbox 92 2431 219 2467; x_wconf 87' lang='lat' dir='ltr'>propter</span> <span class='ocrx_word' id='word_1_451' title='bbox 233 2438 324 2468; x_wconf 81' lang='lat' dir='ltr'>quam</span> <span class='ocrx_word' id='word_1_452' title='bbox 343 2434 491 2469; x_wconf 65' lang='lat' dir='ltr'>praeterea</span> <span class='ocrx_word' id='word_1_453' title='bbox 507 2431 630 2461; x_wconf 83' lang='lat' dir='ltr'>virtutis</span> <span class='ocrx_word' id='word_1_454' title='bbox 647 2431 803 2473; x_wconf 81' lang='lat' dir='ltr'>particeps</span> <span class='ocrx_word' id='word_1_455' title='bbox 820 2432 928 2462; x_wconf 85' lang='lat' dir='ltr'>civitas</span> <span class='ocrx_word' id='word_1_456' title='bbox 945 2437 1039 2470; x_wconf 83' lang='lat' dir='ltr'>esset,</span> <span class='ocrx_word' id='word_1_457' title='bbox 1055 2440 1198 2471; x_wconf 67' lang='lat' dir='ltr'>quaenam</span> <span class='ocrx_word' id='word_1_458' title='bbox 1215 2430 1272 2459; x_wconf 84' lang='lat' dir='ltr'>crit</span> <span class='ocrx_word' id='word_1_459' title='bbox 1287 2429 1297 2458; x_wconf 88' lang='lat'>?</span> <span class='ocrx_word' id='word_1_460' title='bbox 1321 2433 1443 2458; x_wconf 85' lang='lat' dir='ltr'>constat</span> <span class='ocrx_word' id='word_1_461' title='bbox 1457 2431 1561 2457; x_wconf 86' lang='lat' dir='ltr'>autem</span> 
     </span>
     <span class='ocr_line' id='line_1_41' title="bbox 91 2480 1564 2527; baseline 0.001 -18"><span class='ocrx_word' id='word_1_462' title='bbox 91 2480 172 2510; x_wconf 84' lang='lat' dir='ltr'>hanc</span> <span class='ocrx_word' id='word_1_463' title='bbox 188 2491 255 2512; x_wconf 85' lang='lat' dir='ltr'>esse</span> <span class='ocrx_word' id='word_1_464' title='bbox 267 2480 432 2522; x_wconf 78' lang='lat' dir='ltr'>justitiam.</span> <span class='ocrx_word' id='word_1_465' title='bbox 477 2483 592 2516; x_wconf 77' lang='lat' dir='ltr'>GLAu.</span> <span class='ocrx_word' id='word_1_466' title='bbox 618 2484 752 2516; x_wconf 84' lang='lat' dir='ltr'>Constat</span> <span class='ocrx_word' id='word_1_467' title='bbox 768 2486 871 2527; x_wconf 87' lang='lat' dir='ltr'>plane.</span> <span class='ocrx_word' id='word_1_468' title='bbox 917 2485 972 2517; x_wconf 89' lang='lat' dir='ltr'>So.</span> <span class='ocrx_word' id='word_1_469' title='bbox 998 2485 1048 2515; x_wconf 81' lang='lat' dir='ltr'>An</span> <span class='ocrx_word' id='word_1_470' title='bbox 1066 2495 1127 2515; x_wconf 91' lang='lat' dir='ltr'>non</span> <span class='ocrx_word' id='word_1_471' title='bbox 1140 2484 1207 2525; x_wconf 87' lang='lat' dir='ltr'>jam</span> <span class='ocrx_word' id='word_1_472' title='bbox 1225 2493 1307 2513; x_wconf 87' lang='lat' dir='ltr'>nunc</span> <span class='ocrx_word' id='word_1_473' title='bbox 1324 2491 1380 2512; x_wconf 87' lang='lat' dir='ltr'>nos</span> <span class='ocrx_word' id='word_1_474' title='bbox 1396 2485 1531 2521; x_wconf 83' lang='lat' dir='ltr'>oportet,</span> <span class='ocrx_word' id='word_1_475' title='bbox 1543 2489 1564 2510; x_wconf 90' lang='lat' dir='ltr'>o</span> 
     </span>
     <span class='ocr_line' id='line_1_42' title="bbox 90 2532 1564 2582; baseline 0.001 -18"><span class='ocrx_word' id='word_1_476' title='bbox 90 2532 227 2582; x_wconf 72' lang='lat' dir='ltr'>Glauco,</span> <span class='ocrx_word' id='word_1_477' title='bbox 245 2540 390 2575; x_wconf 87' lang='lat' dir='ltr'>tanquam</span> <span class='ocrx_word' id='word_1_478' title='bbox 409 2542 569 2568; x_wconf 89' lang='lat' dir='ltr'>venatores</span> <span class='ocrx_word' id='word_1_479' title='bbox 585 2539 667 2569; x_wconf 85' lang='lat' dir='ltr'>bunc</span> <span class='ocrx_word' id='word_1_480' title='bbox 683 2539 832 2579; x_wconf 87' lang='lat' dir='ltr'>cespitem</span> <span class='ocrx_word' id='word_1_481' title='bbox 849 2540 1054 2578; x_wconf 80' lang='lat' dir='ltr'>circumdare,</span> <span class='ocrx_word' id='word_1_482' title='bbox 1071 2536 1369 2577; x_wconf 75' lang='lat' dir='ltr'>circumspicientes,</span> <span class='ocrx_word' id='word_1_483' title='bbox 1394 2544 1431 2564; x_wconf 86' lang='lat' dir='ltr'>ne</span> <span class='ocrx_word' id='word_1_484' title='bbox 1447 2544 1507 2575; x_wconf 88' lang='lat' dir='ltr'>qua</span> <span class='ocrx_word' id='word_1_485' title='bbox 1525 2544 1564 2564; x_wconf 81' lang='lat' dir='ltr'>ex</span> 
     </span>
     <span class='ocr_line' id='line_1_43' title="bbox 92 2587 1565 2631; baseline -0.001 -12"><span class='ocrx_word' id='word_1_486' title='bbox 92 2593 178 2628; x_wconf 76' lang='lat' dir='ltr'>parte</span> <span class='ocrx_word' id='word_1_487' title='bbox 189 2587 313 2628; x_wconf 84' lang='lat' dir='ltr'>justitia</span> <span class='ocrx_word' id='word_1_488' title='bbox 328 2590 536 2629; x_wconf 75' lang='lat' dir='ltr'>subterfugiat</span> <span class='ocrx_word' id='word_1_489' title='bbox 550 2597 582 2622; x_wconf 90' lang='lat' dir='ltr'>et</span> <span class='ocrx_word' id='word_1_490' title='bbox 597 2592 635 2622; x_wconf 88' lang='lat' dir='ltr'>ab</span> <span class='ocrx_word' id='word_1_491' title='bbox 651 2593 749 2623; x_wconf 90' lang='lat' dir='ltr'>oculis</span> <span class='ocrx_word' id='word_1_492' title='bbox 765 2603 954 2624; x_wconf 79' lang='lat' dir='ltr'>evanescens</span> <span class='ocrx_word' id='word_1_493' title='bbox 966 2603 1032 2623; x_wconf 85' lang='lat' dir='ltr'>sese</span> <span class='ocrx_word' id='word_1_494' title='bbox 1049 2591 1194 2622; x_wconf 89' lang='lat' dir='ltr'>occulat?</span> <span class='ocrx_word' id='word_1_495' title='bbox 1211 2594 1300 2631; x_wconf 83' lang='lat' dir='ltr'>patet</span> <span class='ocrx_word' id='word_1_496' title='bbox 1315 2588 1398 2619; x_wconf 86' lang='lat' dir='ltr'>enim</span> <span class='ocrx_word' id='word_1_497' title='bbox 1416 2587 1465 2618; x_wconf 89' lang='lat' dir='ltr'>bie</span> <span class='ocrx_word' id='word_1_498' title='bbox 1483 2597 1565 2618; x_wconf 87' lang='lat' dir='ltr'>esse.</span> 
     </span>
     <span class='ocr_line' id='line_1_44' title="bbox 92 2640 1562 2688; baseline 0.001 -17"><span class='ocrx_word' id='word_1_499' title='bbox 92 2640 152 2681; x_wconf 84' lang='lat' dir='ltr'>fige</span> <span class='ocrx_word' id='word_1_500' title='bbox 164 2642 270 2684; x_wconf 77' lang='lat' dir='ltr'>itaque</span> <span class='ocrx_word' id='word_1_501' title='bbox 286 2643 399 2684; x_wconf 84' lang='lat' dir='ltr'>passim</span> <span class='ocrx_word' id='word_1_502' title='bbox 414 2643 576 2681; x_wconf 88' lang='lat' dir='ltr'>intuitum,</span> <span class='ocrx_word' id='word_1_503' title='bbox 603 2651 695 2687; x_wconf 88' lang='lat' dir='ltr'>atque</span> <span class='ocrx_word' id='word_1_504' title='bbox 713 2647 864 2682; x_wconf 81' lang='lat' dir='ltr'>annitere,</span> <span class='ocrx_word' id='word_1_505' title='bbox 882 2647 905 2677; x_wconf 89' lang='lat' dir='ltr'>si</span> <span class='ocrx_word' id='word_1_506' title='bbox 922 2657 985 2688; x_wconf 91' lang='lat' dir='ltr'>quo</span> <span class='ocrx_word' id='word_1_507' title='bbox 1013 2646 1107 2675; x_wconf 90' lang='lat' dir='ltr'>modo</span> <span class='ocrx_word' id='word_1_508' title='bbox 1132 2644 1230 2684; x_wconf 77' lang='lat' dir='ltr'>possis</span> <span class='ocrx_word' id='word_1_509' title='bbox 1248 2642 1330 2685; x_wconf 85' lang='lat' dir='ltr'>prior</span> <span class='ocrx_word' id='word_1_510' title='bbox 1348 2652 1395 2672; x_wconf 91' lang='lat' dir='ltr'>me</span> <span class='ocrx_word' id='word_1_511' title='bbox 1411 2651 1478 2672; x_wconf 88' lang='lat' dir='ltr'>eam</span> <span class='ocrx_word' id='word_1_512' title='bbox 1495 2652 1562 2672; x_wconf 89' lang='lat' dir='ltr'>cer-</span> 
     </span>
     <span class='ocr_line' id='line_1_45' title="bbox 93 2695 1563 2740; baseline 0 -16"><span class='ocrx_word' id='word_1_513' title='bbox 93 2705 188 2726; x_wconf 87' lang='lat' dir='ltr'>nere:</span> <span class='ocrx_word' id='word_1_514' title='bbox 213 2696 376 2738; x_wconf 80' lang='lat' dir='ltr'>ipsamque</span> <span class='ocrx_word' id='word_1_515' title='bbox 392 2696 469 2728; x_wconf 79' lang='lat' dir='ltr'>mihi</span> <span class='ocrx_word' id='word_1_516' title='bbox 493 2699 662 2730; x_wconf 88' lang='lat' dir='ltr'>ostendito.</span> <span class='ocrx_word' id='word_1_517' title='bbox 708 2700 824 2732; x_wconf 74' lang='lat' dir='ltr'>GLAU.</span> <span class='ocrx_word' id='word_1_518' title='bbox 848 2700 976 2732; x_wconf 88' lang='lat' dir='ltr'>Utinam</span> <span class='ocrx_word' id='word_1_519' title='bbox 1002 2709 1136 2740; x_wconf 82' lang='lat' dir='ltr'>possem.</span> <span class='ocrx_word' id='word_1_520' title='bbox 1163 2707 1266 2729; x_wconf 87' lang='lat' dir='ltr'>verum</span> <span class='ocrx_word' id='word_1_521' title='bbox 1291 2695 1387 2727; x_wconf 84' lang='lat' dir='ltr'>satius</span> <span class='ocrx_word' id='word_1_522' title='bbox 1403 2705 1451 2726; x_wconf 91' lang='lat' dir='ltr'>me</span> <span class='ocrx_word' id='word_1_523' title='bbox 1469 2695 1563 2726; x_wconf 85' lang='lat' dir='ltr'>uteris</span> 
     </span>
     <span class='ocr_line' id='line_1_46' title="bbox 92 2748 1561 2795; baseline 0.001 -18"><span class='ocrx_word' id='word_1_524' title='bbox 92 2753 127 2778; x_wconf 90' lang='lat' dir='ltr'>ut</span> <span class='ocrx_word' id='word_1_525' title='bbox 143 2749 197 2780; x_wconf 85' lang='lat' dir='ltr'>tali</span> <span class='ocrx_word' id='word_1_526' title='bbox 213 2751 350 2791; x_wconf 89' lang='lat' dir='ltr'>quodam</span> <span class='ocrx_word' id='word_1_527' title='bbox 376 2753 503 2789; x_wconf 83' lang='lat' dir='ltr'>comite,</span> <span class='ocrx_word' id='word_1_528' title='bbox 527 2754 579 2793; x_wconf 89' lang='lat' dir='ltr'>qui</span> <span class='ocrx_word' id='word_1_529' title='bbox 604 2754 721 2795; x_wconf 88' lang='lat' dir='ltr'>possim</span> <span class='ocrx_word' id='word_1_530' title='bbox 749 2755 959 2786; x_wconf 83' lang='lat' dir='ltr'>demonstrata</span> <span class='ocrx_word' id='word_1_531' title='bbox 989 2753 1176 2795; x_wconf 77' lang='lat' dir='ltr'>prospicere.</span> <span class='ocrx_word' id='word_1_532' title='bbox 1223 2750 1279 2782; x_wconf 90' lang='lat' dir='ltr'>So.</span> <span class='ocrx_word' id='word_1_533' title='bbox 1303 2750 1439 2791; x_wconf 85' lang='lat' dir='ltr'>Sequere</span> <span class='ocrx_word' id='word_1_534' title='bbox 1457 2748 1561 2789; x_wconf 84' lang='lat' dir='ltr'>igitur,</span> 
     </span>
     <span class='ocr_line' id='line_1_47' title="bbox 93 2803 1561 2849; baseline 0 -18"><span class='ocrx_word' id='word_1_535' title='bbox 93 2811 212 2833; x_wconf 88' lang='lat' dir='ltr'>mecum</span> <span class='ocrx_word' id='word_1_536' title='bbox 228 2803 333 2834; x_wconf 88' lang='lat' dir='ltr'>Deum</span> <span class='ocrx_word' id='word_1_537' title='bbox 361 2812 434 2836; x_wconf 86' lang='lat' dir='ltr'>ante</span> <span class='ocrx_word' id='word_1_538' title='bbox 451 2815 607 2847; x_wconf 74' lang='lat' dir='ltr'>precatus.</span> <span class='ocrx_word' id='word_1_539' title='bbox 653 2807 767 2840; x_wconf 68' lang='lat' dir='ltr'>Gmu.</span> <span class='ocrx_word' id='word_1_540' title='bbox 792 2809 945 2848; x_wconf 85' lang='lat' dir='ltr'>Efficiam,</span> <span class='ocrx_word' id='word_1_541' title='bbox 971 2807 1057 2849; x_wconf 87' lang='lat' dir='ltr'>quod</span> <span class='ocrx_word' id='word_1_542' title='bbox 1086 2816 1211 2836; x_wconf 87' lang='lat' dir='ltr'>mones:</span> <span class='ocrx_word' id='word_1_543' title='bbox 1238 2805 1336 2835; x_wconf 86' lang='lat' dir='ltr'>ducas</span> <span class='ocrx_word' id='word_1_544' title='bbox 1353 2803 1457 2833; x_wconf 85' lang='lat' dir='ltr'>modo.</span> <span class='ocrx_word' id='word_1_545' title='bbox 1505 2803 1561 2833; x_wconf 86' lang='lat' dir='ltr'>So.</span> 
     </span>
     <span class='ocr_line' id='line_1_48' title="bbox 89 2855 1558 2903; baseline 0 -19"><span class='ocrx_word' id='word_1_546' title='bbox 89 2855 319 2889; x_wconf 76' lang='lat' dir='ltr'>Inaccessibilis</span> <span class='ocrx_word' id='word_1_547' title='bbox 336 2859 386 2890; x_wconf 82' lang='lat' dir='ltr'>hic</span> <span class='ocrx_word' id='word_1_548' title='bbox 403 2860 489 2891; x_wconf 77' lang='lat' dir='ltr'>locus</span> <span class='ocrx_word' id='word_1_549' title='bbox 506 2867 600 2903; x_wconf 83' lang='lat' dir='ltr'>atque</span> <span class='ocrx_word' id='word_1_550' title='bbox 619 2863 778 2894; x_wconf 88' lang='lat' dir='ltr'>umbrosus</span> <span class='ocrx_word' id='word_1_551' title='bbox 801 2874 868 2894; x_wconf 78' lang='lat' dir='ltr'>esse</span> <span class='ocrx_word' id='word_1_552' title='bbox 885 2863 1020 2903; x_wconf 83' lang='lat' dir='ltr'>videtur,</span> <span class='ocrx_word' id='word_1_553' title='bbox 1043 2860 1152 2891; x_wconf 83' lang='lat' dir='ltr'>abdita</span> <span class='ocrx_word' id='word_1_554' title='bbox 1167 2871 1193 2891; x_wconf 76' lang='lat' dir='ltr'>c&lt;</span> <span class='ocrx_word' id='word_1_555' title='bbox 1204 2864 1249 2890; x_wconf 89' lang='lat' dir='ltr'>rte</span> <span class='ocrx_word' id='word_1_556' title='bbox 1267 2856 1558 2898; x_wconf 80' lang='lat' dir='ltr'>imperscrutabilis-</span> 
     </span>
     <span class='ocr_line' id='line_1_49' title="bbox 89 2908 1562 2957; baseline -0.001 -19"><span class='ocrx_word' id='word_1_557' title='bbox 89 2919 150 2949; x_wconf 86' lang='lat' dir='ltr'>que</span> <span class='ocrx_word' id='word_1_558' title='bbox 178 2909 295 2942; x_wconf 79' lang='lat' dir='ltr'>latebra</span> <span class='ocrx_word' id='word_1_559' title='bbox 310 2924 316 2942; x_wconf 90' lang='lat'>:</span> <span class='ocrx_word' id='word_1_560' title='bbox 344 2920 543 2946; x_wconf 83' lang='lat' dir='ltr'>veruntamen</span> <span class='ocrx_word' id='word_1_561' title='bbox 567 2917 757 2957; x_wconf 81' lang='lat' dir='ltr'>pergendum</span> <span class='ocrx_word' id='word_1_562' title='bbox 783 2923 841 2948; x_wconf 86' lang='lat' dir='ltr'>est.</span> <span class='ocrx_word' id='word_1_563' title='bbox 887 2916 1002 2948; x_wconf 72' lang='lat' dir='ltr'>GLAu.</span> <span class='ocrx_word' id='word_1_564' title='bbox 1029 2915 1225 2956; x_wconf 82' lang='lat' dir='ltr'>Pcrgcndum</span> <span class='ocrx_word' id='word_1_565' title='bbox 1251 2912 1354 2953; x_wconf 85' lang='lat' dir='ltr'>plane.</span> <span class='ocrx_word' id='word_1_566' title='bbox 1402 2911 1457 2939; x_wconf 85' lang='lat' dir='ltr'>So.</span> <span class='ocrx_word' id='word_1_567' title='bbox 1484 2908 1562 2944; x_wconf 81' lang='lat' dir='ltr'>Hui,</span> 
     </span>
     <span class='ocr_line' id='line_1_50' title="bbox 90 2962 1564 3013; baseline -0.005 -12"><span class='ocrx_word' id='word_1_568' title='bbox 90 2962 155 3000; x_wconf 67' lang='lat'>¹¹⁰5,</span> <span class='ocrx_word' id='word_1_569' title='bbox 173 2963 211 2996; x_wconf 84' lang='lat' dir='ltr'>mi</span> <span class='ocrx_word' id='word_1_570' title='bbox 229 2964 368 3004; x_wconf 83' lang='lat' dir='ltr'>Glauco,</span> <span class='ocrx_word' id='word_1_571' title='bbox 387 2968 524 3000; x_wconf 83' lang='lat' dir='ltr'>videmur</span> <span class='ocrx_word' id='word_1_572' title='bbox 541 2970 669 3011; x_wconf 81' lang='lat' dir='ltr'>vestigia</span> <span class='ocrx_word' id='word_1_573' title='bbox 685 2971 829 3013; x_wconf 84' lang='lat' dir='ltr'>quaedam</span> <span class='ocrx_word' id='word_1_574' title='bbox 846 2971 927 3012; x_wconf 86' lang='lat' dir='ltr'>ejus,</span> <span class='ocrx_word' id='word_1_575' title='bbox 943 2971 1029 3011; x_wconf 86' lang='lat' dir='ltr'>quod</span> <span class='ocrx_word' id='word_1_576' title='bbox 1053 2969 1230 3012; x_wconf 78' lang='lat' dir='ltr'>quoeriinuS,</span> <span class='ocrx_word' id='word_1_577' title='bbox 1255 2966 1352 2999; x_wconf 84' lang='lat' dir='ltr'>nacti,</span> <span class='ocrx_word' id='word_1_578' title='bbox 1369 2967 1564 3004; x_wconf 77' lang='lat' dir='ltr'>apparetque</span> 
     </span>
    </p>
   </div>
  </div>
 </body>
</html>
