1840 3225
233 224 310 262 256
846 221 1105 262 l'LATONtS
1629 232 1699 281 [55

233 336 271 357 cx
288 336 351 357 uno
364 326 430 356 haec
447 326 528 357 facta
543 325 606 356 sint
617 325 732 362 omnia,
747 326 873 367 quando
887 327 1004 368 majora
1018 328 1190 364 solvuntur,
1207 329 1304 359 multa
1318 329 1432 371 exigua
1442 340 1478 362 ex
1492 331 1609 363 eisdem
1620 343 1698 364 con-

232 380 414 418 stituuntur,
430 391 540 422 parvas
565 390 778 421 congruasque
793 381 852 412 sibi
868 381 980 422 figuras
994 383 1109 423 adepta
1125 394 1131 411 :
1149 393 1264 418 rursus,
1280 383 1406 425 quando
1423 385 1520 415 multa
1534 395 1591 428 per
1600 387 1698 418 trian—

229 435 319 475 gulos
327 434 548 476 disperguntur
559 434 758 475 amplificata,
769 443 864 465 unum
877 436 968 466 um'us
980 436 1070 466 molis
1082 437 1201 467 faciunt
1211 448 1382 474 numerum,
1394 449 1598 481 magnamque
1607 441 1699 472 altam

230 489 368 529 speciem
386 499 479 521 unam
496 488 672 530 perficiunt.
697 489 763 519 haec
778 490 886 530 utique
903 491 941 520 de
959 495 1064 520 mutua
1077 491 1213 531 ipsorum
1231 492 1431 533 generatione
1448 492 1534 524 dicta
1547 493 1610 524 sint
1624 494 1698 525 hac-

229 547 332 573 tenus.
355 543 509 584 reliquum
526 547 583 579 est,
597 548 642 578 ut,
659 542 761 584 qualis
784 553 917 584 quaequc
933 554 1037 574 eorum
1052 545 1133 576 facta
1150 546 1189 575 sit
1203 547 1335 587 species,
1351 551 1435 577 etex
1446 546 1557 588 quibus
1569 557 1699 578 concur-

226 598 366 628 rentibus
388 597 522 628 numeris
542 602 735 634 coacervata,
749 598 901 629 dicamus.
933 599 992 629 erit
1013 600 1122 640 utique
1140 600 1238 641 prima
1261 601 1393 642 species,
1407 611 1477 642 quae
1493 611 1533 632 ex
1549 602 1699 643 paucissi-

227 650 286 681 mis
308 651 481 692 composita
507 651 612 688 fuerit,
627 651 817 682 elementum
843 652 923 693 ejus,
939 653 1024 693 quod
1048 654 1129 684 latus
1144 654 1308 695 oblongius
1333 656 1464 686 breviori
1479 655 1574 686 latere
1598 655 1698 697 duplo

227 704 329 746 majus
344 706 448 736 habet.
472 716 543 736 cum
559 715 632 736 vero
647 705 712 736 bini
728 706 905 747 hujusmodi
932 709 1104 738 secundum
1121 708 1304 739 diametrum
1332 714 1569 751 componantur,
1587 715 1694 752 terque

225 759 259 789 id
275 759 340 795 fiat,
356 766 386 790 et
401 759 546 791 diametri
561 761 722 802 lateraque
744 761 886 793 breviora
902 761 932 791 in
952 762 1033 793 idem
1049 763 1138 803 quasi
1164 769 1304 793 centrum
1321 764 1486 800 ducantur,
1502 773 1582 794 unus
1601 763 1694 795 trian-

226 813 317 854 gulus
332 815 492 855 aequaliter
505 825 545 845 ex
557 814 719 855 triangulis
731 826 860 846 numero
876 826 930 846 sex
942 817 1116 848 conficitur.
1133 816 1280 859 trianguli
1296 823 1399 848 autem
1413 817 1608 859 aequilateres
1618 828 1695 859 qua-

227 872 296 897 tuor
318 868 486 909 compositi
501 869 672 899 secundum
699 873 804 899 ternos
821 871 934 910 planos
959 871 1101 911 angulos,
1129 881 1224 901 unum
1241 871 1374 902 solidum
1388 871 1510 902 faciunt
1532 872 1694 913 angulum,

223 923 275 963 qui
292 924 440 963 angulum
457 923 617 964 planorum
634 923 771 953 omnium
787 924 1016 954 obtusissimum
1032 924 1182 966 deinceps
1194 930 1261 955 ortu
1274 925 1484 966 subsequitur.
1502 925 1579 968 [55]
1605 927 1693 967 atqui

223 977 385 1017 triangulis
399 976 580 1018 hujusmodi
595 982 727 1018 quatuor
741 977 834 1013 natis,
850 978 950 1018 prima
965 978 1065 1008 solida
1087 979 1208 1020 species
1222 979 1317 1010 totius
1331 979 1574 1010 circumferentis
1589 978 1693 1010 distri-

224 1031 328 1060 butiva
343 1031 376 1060 in
393 1036 495 1071 partes
511 1031 648 1072 aequales
663 1041 699 1061 ac
718 1030 835 1061 similes
850 1031 958 1063 oritur.
981 1032 1121 1063 secunda
1137 1043 1209 1063 vero
1229 1044 1264 1064 ex
1281 1032 1397 1064 eisdem
1414 1033 1542 1074 quidem
1555 1033 1693 1075 triangu-

222 1084 272 1120 lis,
289 1084 345 1114 sed
359 1084 533 1115 secundum
554 1084 750 1126 aequitateres
765 1085 937 1126 triangulos
957 1091 1028 1116 octo
1044 1087 1233 1123 constitutis,
1249 1098 1343 1117 unum
1356 1087 1542 1118 facientibus
1557 1086 1691 1118 solidum

223 1139 370 1179 angulum
387 1149 424 1169 ex
441 1139 542 1180 planis
557 1143 700 1179 quatuor,
717 1138 870 1180 factisque
887 1150 940 1170 sex
954 1140 1134 1182 hujusmodi
1149 1152 1263 1182 corpus
1278 1141 1448 1172 secundum
1465 1141 1645 1173 absolvitur.
1660 1147 1694 1172 at

220 1193 343 1223 tertium
371 1203 410 1222 ex
432 1193 595 1223 clementis
610 1193 657 1223 bis
678 1193 839 1234 sexaginta
862 1194 1020 1235 copulatis
1044 1205 1075 1226 et
1090 1195 1212 1236 angulis
1235 1195 1343 1226 solidis
1364 1195 1544 1232 duodecim,
1559 1206 1692 1237 quorum

222 1246 354 1287 quilibet
367 1247 505 1288 quinque
522 1247 623 1288 planis
638 1247 799 1288 triangulis
815 1248 1046 1289 aequilateribus
1069 1250 1258 1286 continetur,
1270 1249 1387 1280 babens
1398 1250 1510 1291 viginti
1527 1251 1691 1292 aequilate-

221 1311 268 1331 res
284 1301 387 1337 bases,
402 1302 549 1333 nascitur.
568 1302 631 1344 jam
650 1301 743 1342 igitur
755 1301 943 1333 elementum
962 1303 1091 1334 alterum
1105 1305 1149 1335 sic
1174 1305 1322 1335 hactenus
1336 1304 1396 1335 ista
1407 1304 1559 1346 genuerit.
1582 1315 1691 1336 verum

218 1355 364 1386 isosceles
387 1356 558 1396 triangulus
581 1356 681 1397 quarti
696 1357 858 1397 generavit
882 1363 1034 1394 naturam,
1052 1358 1224 1389 secundum
1240 1364 1374 1400 quatuor
1388 1359 1586 1394 constitutus,
1601 1364 1636 1390 et
1648 1358 1691 1389 ad

220 1416 360 1440 centrum
374 1416 472 1441 rectos
479 1420 669 1451 congregans
682 1410 823 1451 anguIoe,
835 1421 993 1452 unumque
1007 1413 1256 1453 quadrangulum
1270 1413 1480 1454 aequilaterem
1493 1412 1622 1444 faciens.
1636 1423 1690 1444 sex

219 1474 292 1494 vero
305 1463 478 1506 hujusmodi
494 1464 630 1505 copulati
647 1464 775 1505 angulos
791 1470 862 1495 octo
877 1464 1002 1501 solidos,
1017 1477 1145 1507 quorum
1162 1467 1293 1508 quilibet
1309 1476 1361 1508 per
1377 1472 1437 1497 tres
1453 1467 1566 1508 planos
1585 1471 1691 1498 rectos

220 1523 385 1560 coaptatus
396 1526 454 1554 est,
468 1519 652 1550 effecerunt.
665 1519 865 1560 corporisque
877 1519 921 1550 ita
933 1520 1097 1552 constituti
1110 1521 1207 1562 figura
1223 1520 1333 1552 cubica
1345 1521 1429 1552 sacta
1439 1525 1496 1556 est,
1509 1530 1565 1550 sex
1576 1520 1689 1562 planos

219 1573 449 1614 quadrangulos
461 1574 657 1614 aequilateres
672 1574 761 1604 bases
777 1573 904 1615 adepta.
928 1581 976 1605 est
989 1580 1021 1605 et
1035 1575 1145 1616 quinta
1155 1575 1298 1616 quaedam
1315 1574 1513 1616 compositio,
1524 1583 1587 1616 qua
1598 1573 1687 1605 Deus

219 1626 259 1657 ad
273 1627 407 1658 universi
423 1628 678 1658 constitutionem
694 1633 742 1658 est
757 1639 842 1664 usus,
858 1638 958 1670 eaque
975 1628 1140 1670 descripsit
1151 1635 1184 1659 et
1199 1629 1354 1670 figuravit,
1372 1639 1442 1670 quae
1456 1628 1686 1669 contemplatus

218 1680 330 1722 aliquis
345 1691 408 1711 non
421 1681 552 1712 absurde
563 1681 761 1717 dubitaverit,
778 1687 878 1712 utrum
892 1683 1031 1713 infinitos
1044 1694 1110 1714 esse
1125 1683 1261 1713 mundos
1273 1693 1311 1713 an
1325 1682 1430 1713 finitos
1443 1681 1686 1713 existimandum

217 1734 269 1766 sit.
294 1734 434 1766 infinitos
447 1735 572 1776 quidem
586 1735 689 1766 dicere
701 1736 788 1767 illius
800 1737 923 1777 putabit
936 1747 1005 1768 esse
1017 1737 1185 1779 proprium,
1197 1737 1248 1778 qui
1259 1737 1377 1768 nullam
1390 1747 1491 1767 rerum
1504 1735 1686 1778 cognitione

219 1781 381 1829 dignarum
398 1789 540 1830 peritiam
557 1790 681 1821 habeat.
702 1789 760 1820 sed
774 1795 875 1821 utrum
889 1801 971 1822 unus
987 1791 1120 1822 mundus
1135 1802 1175 1822 an
1191 1792 1329 1832 quinque
1347 1801 1453 1821 revera
1465 1791 1532 1821 nati
1547 1790 1621 1828 sint,
1636 1791 1684 1822 in-

217 1842 341 1883 quirere
358 1844 462 1874 minus
477 1844 585 1885 utique
600 1844 723 1886 putabit
744 1844 922 1876 absurdum.
938 1845 1017 1876 ratio
1031 1845 1279 1887 quidem‘nostra
1294 1855 1388 1875 unum
1405 1846 1507 1885 ipsum
1524 1845 1685 1876 verisimili

217 1896 399 1936 probatione
416 1897 527 1928 asserit
542 1908 611 1928 esse
633 1903 751 1929 natum.
775 1898 855 1929 alius
868 1909 942 1929 vero
957 1899 1038 1939 quiS,
1054 1898 1094 1929 ad
1110 1899 1173 1929 alia
1186 1898 1370 1940 respicienS,
1385 1897 1476 1929 aliter
1494 1899 1684 1939 opinabitur.

216 1949 274 1980 sed
288 1950 356 1981 haec
372 1950 563 1982 dimittenda
577 1957 661 1988 sunt,
677 1958 710 1983 et
721 1953 787 1995 jam
806 1963 922 1994 genera
944 1959 1077 1994 quatuor
1092 1963 1111 1983 a
1125 1953 1214 1984 nobis
1228 1952 1323 1994 paulo
1339 1959 1411 1983 ante
1436 1951 1570 1994 digesta,
1585 1952 1619 1983 in
1634 1951 1683 1993 ig-

216 2013 300 2039 nem,
317 2009 440 2042 terram,
457 2015 571 2047 aquam
595 2006 762 2048 aeremque
780 2007 1011 2038 distribuamus.
1055 2013 1143 2038 terra*
1167 2007 1308 2038 cubicam
1323 2007 1463 2048 speciem
1476 2006 1684 2048 assignemus,

215 2067 289 2087 nam
304 2060 441 2090 omnium
455 2065 587 2100 quatuor
599 2061 732 2091 maxime
747 2061 915 2092 immobilis
931 2067 1011 2092 terra
1025 2067 1083 2097 est,
1099 2067 1132 2092 et
1147 2061 1351 2103 corporalium
1369 2061 1506 2091 omnium
1520 2066 1684 2102 compacta

215 2113 363 2143 maxime.
408 2113 468 2144 tale
483 2124 556 2144 vero
581 2115 660 2145 illud
676 2115 834 2156 praecipue
851 2117 966 2146 factum
995 2126 1064 2147 esse
1081 2116 1291 2148 necessarium
1317 2120 1375 2151 est,
1392 2114 1477 2156 quod
1492 2114 1684 2146 firmissimas

215 2167 447 2209 tutissimasque
463 2167 604 2209 possidet
616 2168 717 2199 bases.
740 2169 773 2199 in
790 2169 953 2210 triangulis
968 2180 1059 2210 porro
1075 2179 1093 2199 a
1108 2169 1262 2210 principio
1280 2169 1399 2210 positis,
1416 2168 1470 2209 qui
1487 2168 1683 2209 aequilateres

214 2226 297 2256 sunt,
311 2221 472 2252 firmiorem
487 2222 692 2264 tutioremque
703 2233 795 2263 quam
808 2224 1040 2264 inaequilateres
1054 2223 1160 2253 basem
1175 2222 1345 2264 possident.
1359 2228 1391 2252 et
1401 2222 1485 2263 quod
1499 2232 1538 2252 ex
1549 2227 1680 2264 utroque

213 2274 420 2314 compositum
437 2280 485 2304 est
500 2275 627 2315 planum
650 2276 828 2316 aequilatere
851 2276 1023 2317 aequilateri
1048 2275 1308 2317 quadrangulum,
1325 2281 1408 2306 certe
1431 2275 1598 2316 triangulo,
1614 2281 1679 2307 tam

214 2327 318 2368 quoad
337 2333 437 2359 totum
451 2339 543 2370 quarn
559 2329 662 2370 quoad
683 2336 798 2370 partes,
815 2330 957 2361 stabilius
971 2330 1148 2361 necessario
1163 2330 1316 2371 provenit.
1346 2328 1421 2371 [56]
1439 2329 1637 2370 quamobrem
1652 2330 1681 2361 si

214 2382 451 2413 convenientem
481 2383 733 2424 probabilemque
760 2384 848 2425 sequi
875 2385 1027 2415 rationem
1049 2384 1194 2420 velimus,
1210 2390 1298 2414 terrae
1319 2383 1352 2414 id
1378 2383 1572 2414 tribuamus:
1590 2393 1680 2425 aquae

214 2434 345 2476 deinde,
359 2437 442 2478 quod
458 2437 557 2468 tribus
580 2437 710 2478 reliquis
733 2443 781 2468 est
794 2438 1001 2468 immobilius:
1019 2438 1096 2479 igni,
1113 2437 1198 2479 quod
1219 2437 1453 2468 mobilissimum
1468 2449 1475 2466 :
1493 2437 1559 2469 aiiri
1578 2437 1678 2469 medi-

214 2500 277 2520 um.
314 2496 346 2521 et
362 2502 472 2532 corpus
495 2491 621 2532 quidem
637 2491 798 2522 minimum
816 2492 891 2533 igni,
908 2502 996 2533 aquae
1018 2493 1196 2527 maximum,
1213 2491 1278 2523 aeri
1291 2491 1441 2524 medium.
1465 2492 1679 2523 acutissimum

214 2554 336 2586 quoque
353 2546 430 2586 igni,
447 2545 619 2576 secundum
637 2546 676 2576 ab
691 2546 748 2576 hoc
765 2545 841 2581 aeri,
857 2556 945 2587 aquae
961 2547 1097 2577 tertium.
1121 2557 1160 2577 ex
1177 2546 1225 2576 his
1239 2545 1384 2577 omnibus
1398 2545 1482 2586 quod
1494 2545 1586 2575 bases
1598 2555 1676 2587 pau-

213 2598 351 2629 cissimas
363 2599 466 2635 habet,
484 2600 710 2630 velocissimum
724 2610 791 2630 esse
804 2600 1012 2631 necessarium
1027 2606 1085 2631 est.
1100 2606 1147 2631 est
1163 2601 1247 2631 enim
1257 2600 1295 2630 ad
1312 2597 1540 2641 penetrandum
1550 2608 1677 2641 promp—

211 2652 376 2688 tissimum,
403 2654 521 2695 quippe
536 2665 606 2685 cum
624 2664 748 2695 prorsus
762 2654 802 2684 sit
816 2654 952 2685 omnium
977 2655 1211 2685 acutissimum:
1229 2653 1422 2684 levissimum
1445 2662 1581 2693 quoque,
1603 2663 1674 2684 cum

213 2716 252 2736 ex
277 2707 471 2747 paucissimis
486 2708 625 2749 partibus
643 2708 761 2738 eisdem
778 2713 910 2739 constet.
949 2708 1033 2749 quod
1050 2708 1223 2739 secundum
1238 2713 1297 2743 est,
1313 2705 1452 2737 secundo
1468 2706 1537 2736 loco
1560 2706 1676 2738 habeat

213 2760 278 2790 haec
291 2765 432 2801 oportet:
450 2761 543 2792 tertio
557 2763 695 2792 tertium.
716 2762 810 2803 igitur
825 2763 998 2793 secundum
1013 2768 1130 2793 rectam
1148 2761 1399 2803 probabilemque
1413 2760 1564 2790 rationem
1580 2769 1673 2802 pyra-

213 2814 304 2845 midis
317 2815 440 2855 species
453 2815 555 2846 solida
568 2816 756 2847 elementum
773 2827 940 2858 semenque
957 2817 997 2847 sit
1012 2817 1103 2858 ignis.
1116 2815 1284 2847 secundam
1301 2824 1371 2845 vero
1386 2814 1586 2854 generatione
1601 2823 1673 2854 spe—

212 2868 290 2898 ciem
307 2868 382 2903 aeri,
407 2878 495 2910 aquae
512 2870 632 2900 tertiam
650 2870 830 2902 tribuamus.
876 2869 914 2901 de
931 2871 978 2901 his
993 2871 1136 2901 onuiibus
1149 2869 1228 2901 adeo
1245 2868 1348 2910 parvis
1363 2868 1406 2897 ita
1423 2866 1595 2908 putandum
1612 2874 1674 2908 est,

212 2923 305 2963 qnod,
322 2923 347 2953 si
363 2922 485 2963 singula
502 2923 652 2955 duntaxat
662 2925 850 2963 singulorum
864 2935 1014 2965 generum
1027 2925 1201 2967 capiantur,
1214 2923 1333 2954 nullum
1347 2932 1453 2952 eorum
1464 2928 1588 2963 propter
1599 2930 1670 2962 par-
