1840 3225
215 206 289 244 110
822 204 1086 244 PLAToNJS
1572 208 1671 259 [375

210 321 282 343 cnm
298 311 403 341 urbem
428 309 655 340 constituentes
681 308 713 339 in
738 308 798 339 hoc
824 308 1041 350 convenimus,
1064 309 1254 351 impossibile
1271 320 1337 341 esse
1364 320 1460 341 unum
1476 310 1578 351 plures
1595 314 1676 342 artes

212 366 293 396 bene
316 374 469 395 exercere.
525 363 640 394 Gnau.
664 362 747 393 Vera
774 362 919 403 loqueris.
975 362 1031 395 So.
1057 362 1224 394 Certamen
1250 363 1397 394 bellicum
1422 374 1485 394 non
1513 364 1679 395 artificiosa

213 419 345 450 facultas
368 417 439 447 est?
485 416 600 447 Gtsu.
624 415 691 451 Est,
716 420 748 445 et
773 415 904 446 maxime
927 416 1066 457 quidem.
1111 416 1166 447 So.
1191 416 1344 458 Nunquid
1370 418 1464 458 igitur
1487 418 1528 449 de
1551 417 1679 448 coriaria

215 472 314 512 magis
329 481 421 512 quam
437 471 477 501 de
493 469 605 501 bellica
619 475 667 500 est
681 469 852 500 curandum
866 469 877 499 ?
923 469 1039 501 Grau.
1064 470 1211 502 Minime.
1256 472 1312 502 So.
1329 471 1546 502 Prohibuimus
1561 476 1679 506 autem.

217 536 257 556 ne
273 525 418 555 coriarius
433 534 529 565 opera
551 523 642 553 simul
658 524 875 564 aggrederetur
896 523 1039 564 agricolae
1055 525 1105 556 vel
1128 526 1253 555 textoris
1269 525 1317 556 vel
1334 525 1509 566 architecti,
1533 525 1611 556 etin
1625 535 1682 555 sua

216 579 378 609 dumtaxat
399 583 464 608 arte
481 577 590 608 versari
607 577 823 618 praecepimus,
851 582 886 607 ut
899 587 978 618 opus
993 577 1090 618 ipsius
1106 588 1199 619 quam
1215 579 1333 620 optime
1349 579 1439 619 nobis
1453 578 1658 610 conficeretur
1673 590 1682 608 τ

217 632 410 674 singulisque
426 631 494 661 aliis
517 631 639 672 singula
655 641 710 672 pro
726 630 878 672 cujusque
894 631 1021 672 ingenio
1039 632 1214 674 tribuimus,
1242 638 1276 663 ut
1291 633 1424 674 quisque
1447 632 1479 663 id
1506 642 1614 668 unum,
1640 632 1681 662 ad

218 688 302 728 quod
319 692 429 716 natura
449 685 548 726 ducit,
563 684 772 726 aggrediatur,
786 685 947 726 otiumque
964 696 981 716 a
996 687 1106 717 ceteris
1122 697 1218 727 agens
1233 694 1265 718 et
1281 688 1430 729 temporis
1445 685 1682 728 opportunitate

217 746 337 772 servata
364 740 482 781 optime
505 739 583 770 illud
608 739 733 772 efficiat.
781 739 834 770 An
857 750 928 770 vero
953 751 1059 780 parum
1086 741 1162 782 quid
1190 741 1330 782 interest,
1352 747 1453 771 utrum
1471 740 1583 771 bellica
1598 744 1682 770 recte

218 800 405 837 peragantur
419 804 518 825 necne
533 794 544 823 ?
567 804 607 823 an
623 793 701 823 sorte
715 804 812 834 usque
829 794 908 824 adeo
924 794 1016 824 facile
1031 795 1091 825 hoc
1106 795 1257 835 studium,
1271 803 1305 824 ut
1321 795 1418 836 possit
1432 794 1502 835 quis
1519 793 1684 824 bellicosus

219 849 310 880 simul
326 848 371 878 vir
385 858 451 878 esse
466 852 498 878 et
513 847 648 888 agricola
663 847 710 878 vel
728 847 875 878 coriarius
890 847 938 878 vel
957 848 1069 888 aliquis
1086 849 1164 879 alius
1179 849 1288 879 artifex
1302 849 1312 878 ?
1337 849 1419 879 lusor
1432 853 1536 878 autem
1552 847 1684 878 talorum

220 903 269 933 vel
285 903 418 933 alearum
435 901 537 931 nullus
554 901 680 942 quidem
697 901 829 931 idoneus
845 906 940 941 esset,
955 902 986 931 ni
1003 911 1020 930 a
1046 895 1180 942 pueritia
1204 902 1342 932 studium
1360 890 1406 931 illi
1419 901 1477 932 arti
1492 900 1686 931 adhibuisset

221 955 409 997 sedulusque
436 955 651 986 incubuisset?
686 962 718 985 et
744 960 864 984 scutum
882 955 1008 995 quidem
1025 954 1195 995 accipiens,
1219 956 1269 985 vel
1295 955 1356 985 alia
1372 956 1516 996 quaedam
1542 954 1686 984 militaria

221 1021 304 1041 arma
319 1014 352 1040 et
367 1009 582 1049 instrumenta,
598 1019 660 1038 nno
676 1008 728 1039 die
743 1008 875 1038 idoneus
891 1007 978 1038 miles
993 1007 1052 1038 erit
1068 1008 1097 1038 in
1114 1009 1224 1049 quovis
1240 1008 1379 1039 certandi
1394 1018 1506 1048 genere
1522 1018 1529 1037 ε
1555 1007 1685 1038 aliorum

222 1070 326 1095 autem
342 1064 612 1093 instrumentorum
630 1061 750 1092 nullum
768 1061 902 1103 aliquem
929 1061 1075 1092 artificem
1103 1062 1198 1093 faciet
1221 1062 1268 1092 vel
1294 1061 1454 1098 athletam,
1480 1071 1583 1102 neque
1609 1060 1687 1091 utile

222 1118 281 1149 erit
296 1117 354 1153 illi,
369 1117 423 1158 qui
440 1116 471 1146 in
487 1126 524 1146 eo
541 1115 644 1145 studio
661 1115 777 1156 peritus
793 1125 857 1145 non
880 1115 972 1145 fuerit
989 1120 1021 1146 et
1035 1115 1222 1147 sufficienter
1248 1115 1456 1147 exercitatus?
1501 1114 1584 1146 Am.
1609 1114 1687 1145 Pre-

222 1171 302 1202 tiosa
326 1171 494 1201 admodum
511 1170 715 1200 instrumenta
733 1174 849 1200 essent.
892 1169 950 1200 So.
974 1169 1089 1200 Nonne
1105 1174 1223 1210 quanto
1242 1169 1340 1211 majus
1355 1169 1508 1200 custodiae
1522 1179 1602 1210 opus
1628 1174 1688 1206 est,

221 1230 310 1256 tanto
335 1223 445 1266 majori
461 1224 526 1254 otio
548 1223 713 1264 indigebit,
730 1229 857 1264 arteque
874 1228 907 1254 et
929 1223 1151 1254 exercitatione
1168 1223 1303 1265 majori?
1349 1223 1432 1255 Am.
1456 1221 1508 1254 Ita
1532 1223 1688 1254 existimo.

224 1280 279 1310 So.
302 1278 465 1309 Nonneet
479 1283 588 1308 natura
603 1277 643 1308 ad
660 1278 795 1308 studium
811 1277 914 1319 ipsum
931 1278 1070 1308 idonea?
1126 1278 1242 1308 GLAu.
1266 1277 1386 1314 Quidni
1401 1278 1412 1308 ἓ
1456 1277 1512 1309 So.
1536 1273 1685 1308 Nostrum

224 1333 318 1374 igitur
337 1332 397 1363 erit
410 1331 557 1368 officium,
581 1336 615 1361 ut
631 1331 764 1372 videtur,
791 1332 895 1372 quoad
913 1331 977 1362 fieri
994 1331 1101 1372 possit,
1117 1331 1257 1372 diligere,
1282 1341 1352 1373 quae
1377 1337 1409 1361 et
1433 1331 1542 1372 quales
1566 1336 1686 1362 naturae

222 1386 286 1417 sint
312 1387 352 1417 ad
368 1387 472 1416 urbem
489 1385 724 1416 custodiendam
741 1385 876 1416 idoneae.
921 1384 1036 1416 Grau.
1061 1384 1208 1416 Nostrum
1237 1385 1341 1426 plane.
1392 1385 1447 1416 So.
1472 1384 1535 1416 Per
1558 1384 1683 1422 Jovem,

222 1451 288 1471 non
303 1439 419 1471 humile
428 1439 587 1481 negotium
600 1439 785 1480 sumpsimus
802 1451 808 1469 :
833 1449 897 1470 non
913 1444 1016 1470 tamen
1033 1445 1080 1470 est
1095 1439 1337 1475 formidandum,
1352 1444 1508 1480 quatenus
1517 1439 1596 1470 vires
1611 1450 1688 1481 sup-

225 1500 348 1536 petunt.
406 1493 503 1535 [375]
529 1492 643 1525 Germ.
665 1493 741 1524 Non
766 1499 860 1524 certe.
913 1494 969 1525 So.
995 1492 1199 1524 Existimasne
1228 1493 1352 1525 differre
1377 1499 1518 1524 naturam
1545 1494 1689 1536 generosi

223 1548 310 1580 canis
331 1553 363 1579 et
385 1547 527 1589 generosi
550 1547 757 1578 adolescentis
772 1549 810 1578 ad
827 1547 1001 1579 custodiam
1029 1548 1208 1589 agendam?
1265 1546 1383 1579 GLAu.
1407 1548 1564 1584 Quorsum
1593 1549 1688 1579 haec?

227 1603 286 1635 So.
303 1601 478 1642 Utrumque
492 1601 630 1642 ipsorum
646 1611 787 1642 sagacem
803 1606 927 1642 oportet
948 1612 1015 1632 esse
1031 1602 1070 1631 ad
1087 1601 1297 1638 sentiendum,
1314 1607 1346 1632 et
1364 1601 1500 1632 velocem
1515 1602 1632 1633 deinde
1647 1603 1688 1633 ad

225 1656 468 1697 insequendum,
491 1665 528 1686 ac
543 1655 668 1685 demum
695 1656 865 1692 robustum,
889 1665 959 1685 cum
984 1661 1143 1686 assecutus
1159 1655 1265 1697 fuerit,
1288 1656 1326 1686 ad
1344 1656 1545 1697 pugnandum
1561 1656 1690 1697 capien-

227 1711 376 1751 dumque.
423 1708 537 1740 Gmu.
560 1708 650 1749 Opus
677 1714 759 1740 certe
779 1714 827 1740 est
853 1709 996 1739 omnibus
1021 1709 1100 1741 istis.
1155 1709 1210 1740 So.
1236 1709 1333 1750 Atqui
1362 1710 1463 1739 audax
1488 1716 1521 1740 et
1545 1710 1633 1740 fortis
1653 1710 1694 1740 sit

229 1769 364 1806 oportet,
380 1764 405 1794 si
421 1763 547 1804 quidem
565 1764 644 1793 bene
661 1768 854 1804 pugnaturus
870 1762 920 1794 sit.
966 1763 1082 1795 Gmu.
1108 1763 1248 1800 Quidni?
1295 1764 1350 1794 So.
1377 1764 1428 1794 An
1444 1774 1516 1794 vero
1530 1763 1619 1794 fortis
1633 1764 1694 1796 erit

229 1824 262 1850 et
276 1818 389 1858 audax,
411 1817 466 1858 qui
490 1816 658 1848 iracundus
683 1828 746 1847 non
763 1817 815 1854 sit,
841 1817 905 1848 sive
921 1827 1020 1858 equus
1036 1818 1099 1848 sive
1115 1818 1200 1848 canis
1215 1828 1267 1849 seu
1285 1817 1419 1858 quodvis
1441 1817 1528 1848 aliud
1549 1817 1690 1848 animal?

229 1883 268 1903 an
284 1882 347 1902 non
363 1870 608 1901 animadvertisti
622 1871 896 1912 inexpugnabilem
913 1871 1122 1913 invictamque
1137 1882 1204 1902 esse
1219 1872 1317 1902 iram?
1343 1882 1404 1913 qua
1421 1876 1570 1912 praesente
1587 1871 1692 1901 anima

230 1926 330 1958 omnis
344 1925 501 1966 intrepida
515 1925 554 1955 ad
571 1925 676 1956 omnia
691 1931 738 1956 est
752 1931 783 1956 et
803 1925 921 1956 invicta
935 1925 946 1955 ?
992 1924 1108 1957 GLAU.
1132 1925 1360 1957 Animadverti.
1405 1924 1459 1956 S0.
1483 1924 1691 1955 Manifestum

228 1985 286 2016 est,
303 1979 427 2021 qualem
439 1989 568 2020 corpore
583 1979 744 2010 custodem
755 1990 821 2010 esse
833 1985 968 2020 oportet.
1014 1980 1129 2010 Grau.
1154 1979 1372 2010 Manifestum.
1417 1979 1473 2011 So.
1495 1977 1582 2015 Quin
1597 1978 1690 2009 etiam

230 2033 353 2075 qualem
379 2037 412 2063 et
435 2031 552 2069 anima,
576 2032 698 2063 scilicet
723 2033 915 2064 iracundum.
961 2033 1076 2064 Grau.
1102 2033 1144 2063 Et
1170 2034 1240 2064 hoc.
1285 2033 1341 2064 So.
1365 2032 1534 2070 Quomodo
1558 2042 1644 2074 ergo,
1670 2042 1691 2062 o

232 2086 366 2123 Glauco,
383 2085 483 2126 asperi
498 2096 561 2116 non
576 2092 666 2117 erunt
681 2087 826 2117 adversus
841 2097 874 2117 se
889 2087 1021 2118 invicem
1038 2087 1184 2128 civesque
1196 2087 1284 2124 alios,
1295 2098 1364 2118 cum
1380 2087 1434 2117 tali
1447 2093 1556 2117 natura
1571 2086 1693 2128 praediti

233 2141 318 2172 sint?
376 2139 490 2172 GLAU.
515 2139 610 2170 Haud
641 2140 733 2171 facile
757 2140 853 2181 istud,
879 2151 934 2181 per
963 2141 1087 2172 Jovem.
1144 2141 1200 2173 So.
1224 2140 1448 2171 Verumtamen
1473 2145 1596 2181 oportet
1622 2150 1696 2182 erga

232 2204 304 2226 suos
333 2200 522 2229 mansuetos,
552 2193 698 2224 adversus
722 2199 825 2225 autem
858 2195 961 2225 hostes
986 2195 1118 2225 immites
1143 2205 1222 2225 esse.
1255 2194 1395 2235 alioquin
1424 2194 1506 2224 haud
1531 2200 1693 2234 exspecta-

233 2250 322 2284 bunt,
350 2248 453 2279 donec
483 2248 566 2289 ipsos
578 2264 582 2265 ν
596 2247 648 2278 alii
677 2248 819 2289 perdant,
851 2249 905 2279 sed
932 2249 993 2290 ipsi
1023 2259 1054 2279 se
1084 2249 1170 2290 ipsos
1203 2248 1344 2289 perdent.
1391 2246 1505 2278 GLAU.
1527 2247 1578 2278 Sic
1609 2247 1692 2278 acci-

233 2303 299 2334 det.
344 2302 399 2332 So.
423 2302 510 2339 Quid
528 2301 621 2343 igitur
635 2302 808 2333 faciemus?
832 2303 956 2333 ubinam
972 2309 1165 2333 mansuetum
1183 2302 1271 2332 simul
1288 2308 1319 2332 et
1334 2301 1516 2332 iracundum
1531 2300 1691 2342 ingenium

233 2355 420 2397 reperiemus
434 2355 445 2385 ?
469 2355 621 2386 contraria
637 2366 770 2397 namque
787 2356 942 2386 iracundae
959 2362 1068 2386 natura
1085 2355 1168 2386 mitis
1185 2361 1326 2396 apparet.
1360 2366 1465 2386 verum
1481 2355 1536 2397 qui
1552 2361 1620 2385 utro
1637 2356 1696 2385 ho-

233 2421 300 2441 rum
315 2410 443 2450 carebit,
466 2414 570 2440 custos
586 2410 685 2440 bonus
700 2420 763 2439 non
780 2410 847 2440 erit.
871 2410 936 2441 haec
953 2415 1056 2440 autem
1074 2410 1104 2439 in
1122 2420 1216 2440 unum
1232 2410 1382 2451 congredi
1398 2420 1462 2440 non
1479 2419 1569 2450 posse
1584 2409 1694 2440 viden-

235 2470 304 2494 tur:
330 2470 424 2505 atque
447 2464 492 2494 ita
507 2464 655 2505 sequitur,
673 2469 706 2494 ut
720 2465 819 2495 bonus
834 2468 937 2494 custos
954 2463 1083 2494 inveniri
1108 2474 1172 2493 non
1199 2463 1307 2504 possit.
1352 2463 1466 2494 GLAU.
1490 2462 1636 2500 Videtur,
1661 2467 1696 2493 ut

234 2518 326 2549 dicis.
372 2518 427 2549 So.
449 2518 538 2549 Tunc
551 2528 624 2549 sane
639 2518 795 2555 dubitans,
812 2529 995 2559 mecumque
1010 2518 1076 2559 ipse
1089 2517 1192 2548 animo
1204 2518 1361 2559 superiora
1375 2517 1548 2552 revolvens,
1563 2516 1695 2552 Merito,

234 2572 374 2612 inquam,
390 2572 583 2612 dubitamus,
603 2572 713 2603 amice.
738 2583 809 2602 nam
825 2573 864 2603 ab
879 2582 927 2608 ea,
943 2582 1035 2613 quam
1061 2582 1153 2613 supra
1174 2572 1368 2612 induximus,
1391 2571 1622 2612 comparatione
1645 2570 1696 2601 di-

237 2626 329 2666 gressi
346 2636 462 2656 surnus.
507 2626 623 2658 GLAU.
647 2626 720 2662 Quo
737 2633 829 2667 pacto
855 2626 885 2656 id
903 2625 970 2656 ais?
1015 2625 1070 2656 So.
1094 2625 1146 2655 An
1163 2636 1226 2656 non
1253 2625 1427 2656 invenimus
1451 2624 1528 2654 tales
1543 2623 1694 2665 quasdam

235 2690 302 2710 esse
318 2685 452 2720 naturas,
476 2680 584 2720 quales
609 2679 735 2711 minime
762 2686 991 2721 putaveramus,
1017 2680 1167 2710 habentes
1193 2681 1259 2710 haec
1286 2679 1377 2710 simul
1400 2678 1433 2709 in
1459 2689 1492 2709 se
1517 2678 1695 2709 contraria?

237 2732 354 2765 Gmu.
376 2732 533 2763 Ubinam?
579 2733 635 2766 So.
652 2733 723 2764 Hoc
737 2733 845 2775 utique
860 2738 892 2764 ct
907 2732 938 2763 in
954 2732 1022 2763 aliis
1033 2732 1217 2763 animalibus
1230 2732 1332 2764 videre
1347 2731 1433 2768 licet,
1445 2737 1478 2762 et
1489 2742 1552 2762 non
1569 2731 1696 2762 minime

237 2786 324 2816 ineo
346 2787 487 2823 custode,
513 2798 582 2817 cnm
606 2798 668 2829 quo
691 2793 828 2819 nostrum
851 2787 1011 2819 custodem
1037 2788 1305 2828 comparabamus.
1338 2785 1421 2816 nosti
1446 2785 1529 2816 enim
1554 2785 1698 2826 generosi

238 2839 324 2870 canis
349 2840 432 2870 hunc
456 2850 474 2870 a
497 2846 607 2871 natura
632 2852 745 2872 morem
763 2853 842 2879 esse,
866 2847 899 2872 ut
922 2841 1067 2872 adversus
1084 2841 1248 2872 familiares
1273 2845 1305 2871 et
1330 2845 1421 2870 n'otos
1443 2838 1622 2870 mitissimus
1645 2838 1700 2877 sit,

238 2898 346 2924 contra
359 2903 429 2924 vero
445 2894 590 2926 adversus
603 2895 737 2936 ignotos.
782 2896 898 2928 Gue-
921 2894 1006 2927 Novi
1019 2896 1126 2927 certes
1160 2897 1214 2927 So.
1241 2894 1321 2936 Ergo
1338 2904 1439 2935 neque
1450 2892 1639 2934 impossibile
1652 2897 1698 2924 est
