1840 3225
211 229 263 266 94
830 220 1097 260 PLATONIS
1571 224 1669 275 [344

208 334 319 366 crates,
336 332 383 359 est
399 325 455 358 tibi
478 324 603 356 nutrix?
633 323 793 361 Quidnam
808 323 818 354 ?
845 324 1042 365 respondere,
1059 323 1197 365 inquam,
1212 322 1345 354 decebat
1369 323 1467 366 magis
1487 334 1580 366 quarn
1595 324 1670 356 talia

207 393 354 426 quaerere.
369 380 540 418 Quoniam,
553 379 665 420 inquit,
677 382 708 409 te
722 377 862 419 negligit,
876 383 907 409 et
921 377 1064 418 oppletas
1077 377 1131 408 tibi
1145 387 1233 408 nares
1248 388 1310 408 non
1323 377 1473 419 emungit,
1487 388 1557 409 cum
1565 385 1670 410 tamen

209 438 364 478 indigeas,
375 435 428 476 qui
442 444 544 475 neque
556 433 712 474 pecudum
725 442 827 472 neque
842 432 970 472 pastoris
982 431 1144 472 cognoscis
1157 432 1303 464 officium.
1335 429 1505 474 Curistud‚
1518 431 1644 473 inquam
1658 431 1670 462 ?

211 491 294 528 Quia
308 495 414 531 putas,
426 487 541 528 inquit,
555 486 709 527 opiliones
721 485 769 516 vel
780 485 930 516 bubulcos
944 486 1100 526 pecudum
1112 486 1244 516 boumve
1256 486 1371 516 bonum
1385 484 1670 526 considerare,rpa.s·

212 554 343 585 cereque
353 548 388 574 ct
401 542 503 573 colere
517 541 556 571 ad
567 540 652 570 aliud
666 539 865 581 respicientes
878 549 971 580 quarn
988 540 1027 570 ad
1043 539 1237 570 dominorum
1253 545 1285 570 et
1296 539 1434 580 ipsorum
1446 538 1624 570 utilitatem.
1640 543 1674 570 et

209 596 354 639 illos,qui
364 596 395 626 in
408 595 586 636 urbibus,ut
597 594 699 630 decet,
712 598 859 634 praesunt,
872 593 960 623 aliter
971 593 1008 623 ad
1022 604 1087 629 eos,
1101 593 1154 634 qui
1166 593 1225 624 sub
1237 592 1298 624 illis
1310 597 1393 629 sunt,
1405 592 1560 623 existimas
1573 591 1671 634 respi-

211 662 293 688 cere,
306 660 398 692 quam
414 654 560 689 tanquam
577 652 680 688 pastor
695 647 734 677 ad
751 657 823 677 oves
838 658 845 677 z
870 653 902 677 et
917 646 1002 677 aliud
1016 646 1151 687 cogitare
1163 652 1271 678 noctes
1282 651 1375 687 atque
1387 647 1465 683 dies,
1478 656 1570 687 quam
1587 646 1672 676 unde

210 704 329 738 utilitas
345 703 383 733 ad
399 702 485 743 ipsos
500 700 675 742 proveniat.
708 699 815 741 Atque
831 700 910 731 adeo
926 700 1034 741 procul
1052 700 1125 730 abes
1141 701 1179 730 ab
1191 699 1280 741 justo
1291 700 1490 741 justitiaque,
1505 705 1537 731 et
1551 699 1670 740 injusto

210 759 284 789 item
301 761 333 788 et
347 754 511 796 injustitia,
535 758 571 783 ut
591 753 714 794 ignores
734 752 887 793 justitiam
910 752 1093 793 justumque
1120 753 1256 784 alienum
1280 764 1347 784 esse
1372 754 1499 790 bonum,
1514 763 1551 784 ac
1566 764 1671 784 revera

211 809 405 854 praesidentis
420 812 451 838 et
467 806 650 848 potentioris
666 805 922 842 emolumentum,
939 806 1158 837 detrimentum
1172 817 1244 837 vero
1269 807 1426 848 proprium
1442 807 1617 839 obedientis
1639 812 1671 838 et

211 864 349 896 subditi:
373 861 558 903 injustitiam
576 871 649 891 vero
664 864 772 891 contra
785 859 905 901 ignavis
917 859 1074 901 justisque
1097 860 1274 891 hominibus
1290 861 1462 892 dominari:
1487 862 1542 902 qui
1565 866 1669 892 autern

209 923 331 960 parent,
347 917 448 947 facere
464 925 533 956 quae
550 913 714 955 imperanti
738 914 966 955 potentiorique
989 914 1183 954 conducunt,
1207 914 1358 956 illumque
1373 915 1522 956 obsequio
1545 915 1670 946 beatum

209 972 350 1008 reddere,
366 968 425 1000 sibi
451 973 555 999 autem
578 967 653 1008 ipsis
677 977 739 997 non
765 966 937 997 consulere.
983 966 1185 997 Considerare
1207 968 1347 1008 profecto
1370 967 1413 999 sic
1428 969 1532 1004 decet,
1548 979 1565 999 ο
1580 968 1669 1009 igna-

211 1025 334 1056 vissime
351 1023 503 1058 Socrates,
522 1021 642 1063 justum
666 1019 763 1049 virum
790 1019 918 1049 omnino
934 1019 1033 1049 minus
1050 1019 1167 1060 injusto
1194 1020 1318 1052 habere.
1342 1021 1472 1061 primurn
1487 1021 1613 1062 quidem
1637 1022 1670 1052 in

210 1078 327 1108 mutuis
342 1075 545 1112 commerciis,
560 1085 630 1106 cum
654 1073 773 1114 aliquid
796 1073 984 1104 contrahunt
1001 1071 1106 1113 justus
1130 1083 1192 1103 una
1214 1079 1309 1115 atque
1323 1073 1471 1115 injustus,
1485 1075 1519 1105 in
1535 1075 1673 1106 finienda

211 1131 360 1163 societate
375 1138 495 1170 semper
509 1128 609 1157 minus
625 1130 780 1165 reportare
789 1125 893 1167 justus
904 1135 996 1167 quam
1012 1124 1149 1165 injustus
1165 1127 1344 1167 reperietur.
1360 1137 1431 1158 cum
1447 1138 1518 1158 vero
1533 1127 1564 1158 in
1581 1128 1671 1159 rebus

211 1183 347 1227 publicis
369 1182 474 1224 aliqua
495 1180 610 1212 tributa
632 1180 822 1211 conferenda
845 1184 928 1215 sunt,
941 1179 1047 1219 justus
1063 1179 1132 1220 plus
1148 1180 1268 1210 confert
1282 1191 1375 1221 quam
1390 1181 1438 1211 sui
1461 1181 1607 1222 aequales,
1623 1182 1673 1213 in-

206 1238 312 1280 justus
329 1242 432 1268 autem
448 1235 559 1266 minus.
582 1234 709 1276 quando
725 1238 828 1264 autem
844 1233 962 1274 aliquId
985 1232 1062 1272 inde,
1082 1233 1299 1273 accipiendum
1323 1234 1497 1276 est,justus
1511 1235 1600 1272 nihil,
1623 1236 1672 1266 in-

208 1292 313 1334 justus
327 1290 423 1321 multa
437 1293 583 1329 reportat.
608 1292 756 1329 praeterea
782 1287 950 1328 siquando
974 1286 1153 1327 magistratu
1175 1288 1309 1328 quodam
1328 1293 1455 1330 uterque
1470 1289 1621 1330 fungitur,
1644 1291 1670 1320 si

212 1345 299 1376 nulla
315 1344 374 1375 alia
385 1343 472 1385 justo
484 1341 608 1382 jactura
629 1341 794 1382 contingit,
808 1341 875 1371 haec
890 1340 998 1370 saltem
1015 1339 1060 1369 illi
1075 1350 1137 1370 non
1153 1340 1253 1378 deest,
1277 1346 1311 1371 ut
1327 1351 1373 1372 res
1388 1342 1566 1373 domesticae
1582 1343 1672 1374 dete·

210 1400 274 1431 rins
290 1410 345 1440 per
359 1395 581 1439 negligentiam
607 1396 823 1436 disponantur,
846 1405 882 1425 ex
910 1393 1038 1436 publico
1061 1399 1163 1425 autem
1188 1395 1277 1432 nihil,
1294 1402 1458 1436 propterea
1472 1396 1673 1438 quodjustus

211 1453 264 1492 sit,
287 1453 432 1484 lucretur.
455 1449 578 1482 accedit
603 1450 643 1480 ad
669 1450 748 1486 haec,
774 1449 859 1491 quod
883 1448 1070 1483 domesticos
1095 1454 1125 1478 et
1149 1448 1314 1480 familiares
1329 1449 1389 1480 sibi
1404 1450 1540 1482 infensos
1555 1451 1670 1488 reddit,

211 1518 282 1540 cum
298 1506 360 1537 illis
375 1504 503 1546 obsequi
519 1503 604 1535 nulla
618 1504 648 1534 in
664 1514 695 1534 re
711 1503 790 1534 ultra
801 1502 922 1544 justum
935 1502 1019 1533 velit.
1044 1501 1167 1543 Injusto
1182 1513 1253 1533 vero
1265 1503 1369 1534 onmia
1381 1509 1488 1534 contra
1499 1504 1648 1535 eveniunt
1664 1515 1674 1543 ;

212 1562 284 1594 dico
299 1565 414 1596 autem,
430 1559 515 1601 quod
531 1563 563 1588 et
579 1567 682 1599 supra,
699 1562 731 1587 ut
756 1567 819 1598 prae
834 1556 945 1588 ceteris
969 1555 1086 1597 ubique
1108 1555 1252 1587 lucretur.
1297 1557 1393 1589 Hunc
1407 1568 1480 1600 ergo
1495 1558 1672 1596 considera,

212 1616 237 1647 si
254 1615 299 1646 vis
310 1614 464 1656 judicare,
490 1611 586 1654 [344]
612 1616 729 1652 quanto
746 1610 843 1651 magis
865 1610 1004 1642 conferat
1020 1609 1162 1650 privatim
1178 1609 1236 1640 sibi
1251 1610 1400 1651 injustum
1416 1622 1482 1643 esse
1497 1622 1590 1653 quam
1601 1612 1671 1653 jus-

213 1674 291 1700 tum.
335 1666 494 1698 Facillime
510 1670 612 1696 autern
636 1664 748 1701 disces,
764 1665 788 1694 si
803 1664 842 1694 ad
866 1670 1031 1694 extremam
1056 1664 1232 1704 perveneris
1254 1664 1453 1705 injustitiam,
1469 1676 1539 1707 quae
1554 1665 1671 1707 injuste

211 1727 354 1764 agentem
377 1720 588 1751 felicissimum
604 1718 710 1755 efficit,
733 1728 786 1749 eos
802 1723 922 1758 contra,
939 1718 993 1758 qni
1010 1718 1184 1749 afficiuntur
1199 1718 1313 1759 injuria
1328 1729 1364 1750 ac
1387 1719 1541 1751 neminem
1555 1719 1672 1761 injuste

213 1777 325 1806 laedere
341 1773 462 1814 Volunt,
477 1772 716 1804 infelicissimos.
739 1771 795 1802 Est
809 1777 911 1802 autem
926 1772 993 1802 haec
1010 1772 1160 1813 tyranniS,
1174 1782 1244 1817 quae
1257 1783 1320 1802 non
1334 1772 1496 1814 paulatim,
1512 1773 1566 1804 sed
1578 1773 1670 1805 simul

211 1829 315 1861 omnia
330 1829 430 1860 aliena
448 1832 586 1868 usurpat,
600 1832 633 1857 ct
647 1826 725 1857 clam
741 1831 773 1857 et
790 1826 832 1868 vi,
848 1831 880 1856 et
895 1836 980 1857 sacra
996 1831 1028 1856 et
1043 1831 1161 1863 sancta,
1177 1831 1209 1857 et
1224 1826 1343 1867 privata
1358 1832 1391 1857 et
1405 1826 1542 1867 publica.
1558 1826 1584 1858 si
1599 1827 1669 1868 quis

209 1895 281 1916 vero
297 1883 328 1914 in
345 1883 450 1924 aliqua
464 1882 590 1912 istorum
608 1887 693 1922 parte
709 1879 876 1921 deliquerit
898 1880 1170 1922 deprehensusque
1193 1879 1297 1918 fuerit,
1320 1880 1484 1911 mulctatur
1505 1885 1537 1910 et
1552 1890 1669 1921 oppro-

211 1938 277 1969 brio
308 1936 449 1978 subjacet
475 1936 619 1966 maximo.
664 1934 789 1964 Etenim
814 1933 966 1974 sacrilegi,
984 1933 1078 1973 fures,
1101 1933 1247 1970 latrones,
1271 1939 1459 1975 surreptores
1485 1939 1516 1965 et
1539 1934 1667 1965 omnino

212 2003 268 2033 per
283 1990 418 2031 singulas
435 1990 584 2030 quasdam
601 1993 702 2029 partes
719 1993 885 2029 peccantes
899 1988 938 2018 ab
961 1987 1140 2028 hujusmodi
1155 1987 1334 2018 criminibus
1350 1987 1560 2019 nominantur.
1606 1987 1670 2019 Sed

212 2051 376 2087 postquam
393 2043 505 2084 aliquis
521 2043 600 2073 ultra
614 2041 794 2082 hujusmodi
818 2042 942 2082 rapinas
958 2041 1160 2083 pecuniarum
1183 2041 1275 2072 etiam
1292 2041 1375 2073 cives
1389 2041 1475 2084 ipsos
1491 2043 1522 2073 iu
1538 2043 1669 2073 servitu-

211 2105 273 2130 tem
290 2108 376 2129 suam
392 2097 521 2137 redegit,
538 2106 600 2126 non
619 2094 684 2135 jam
701 2100 762 2125 tam
788 2096 939 2136 probrosis
963 2101 1087 2125 notatur
1109 2095 1281 2135 vocabulis,
1303 2096 1356 2126 sed
1373 2102 1404 2126 et
1420 2096 1529 2127 beatus
1542 2101 1575 2127 et
1596 2096 1670 2126 felix

210 2157 350 2188 vocatur,
368 2161 431 2181 non
446 2161 463 2180 a
478 2149 598 2181 civibus
613 2149 675 2178 suis
692 2153 825 2187 tantum,
847 2159 951 2179 verum
967 2149 1060 2179 etiam
1077 2149 1116 2179 ab
1139 2149 1293 2185 omnibus,
1310 2150 1364 2189 qui
1379 2159 1449 2179 eum
1465 2149 1598 2180 audiunt
1613 2159 1668 2180 ne·

210 2205 339 2248 quitiam
355 2214 478 2235 omnem
493 2202 722 2244 adimplevisse,
739 2212 801 2232 non
827 2203 907 2232 enim
924 2202 995 2233 ideo
1019 2202 1195 2243 vituperant
1210 2202 1392 2243 injustitiam
1408 2203 1586 2244 quicunque
1601 2213 1670 2234 enm

209 2260 399 2300 vituperant,
415 2256 498 2298 quod
516 2266 584 2287 eam
600 2256 712 2293 facere,
735 2256 790 2286 sed
806 2256 890 2297 quod
915 2257 1036 2297 perpeti
1061 2261 1211 2286 metuant.
1256 2256 1327 2287 Hoc
1342 2257 1435 2297 igitur
1457 2262 1561 2298 pacto,
1578 2268 1596 2287 o
1612 2258 1673 2288 So-

210 2318 321 2349 crates,
338 2310 490 2352 injustitia
512 2310 656 2340 onmibus
673 2309 735 2339 suis
751 2310 889 2350 partibus
903 2309 1045 2340 absoluta
1060 2310 1213 2339 robustius
1228 2309 1376 2350 quiddam
1392 2315 1449 2346 est,
1468 2309 1622 2341 liberalius
1638 2316 1670 2342 ct

208 2366 341 2407 regalius
357 2374 449 2406 quam
461 2363 584 2404 justitia
599 2375 605 2393 :
631 2368 726 2404 utque
741 2364 780 2393 ab
795 2363 885 2394 initio
901 2363 1055 2399 dicebam,
1070 2363 1103 2393 id
1119 2364 1203 2404 quod
1221 2363 1388 2404 potentiori
1404 2364 1535 2400 confert,
1546 2364 1668 2405 justum

210 2425 256 2451 est
271 2432 278 2450 ι
297 2418 447 2459 injustum
464 2427 534 2447 vero
550 2416 608 2447 sibi
620 2416 773 2457 ipsixutile
788 2421 835 2447 est
850 2421 883 2447 et
897 2417 1071 2448 conserens.
1094 2417 1171 2448 llaec
1184 2428 1253 2448 cum
1267 2417 1395 2448 dixisset
1406 2417 1670 2460 Thrasymachus,

210 2475 294 2506 abire
316 2474 383 2516 jam
407 2477 510 2503 mente
533 2477 732 2511 conceperat,
759 2476 937 2512 postquam,
963 2472 1226 2512 quemadmodum
1250 2471 1351 2502 balnei
1367 2476 1482 2507 custos,
1497 2482 1668 2502 sermonem

210 2529 376 2570 plurimum
393 2525 524 2556 maximo
551 2534 620 2555 cum
636 2523 753 2565 impetu
768 2524 891 2554 auribus
915 2524 1026 2554 nostris
1049 2523 1216 2554 infuderat.
1241 2535 1305 2555 non
1330 2530 1433 2556 tamen
1448 2526 1508 2556 hoc
1524 2525 1670 2566 permise-

209 2586 282 2612 runt
295 2580 348 2621 qui
363 2580 502 2615 aderant,
517 2588 622 2608 verum
639 2577 811 2619 co'e‘gerunt
825 2583 856 2608 et
881 2588 1059 2619 permanere
1083 2583 1114 2608 et
1129 2578 1236 2609 atl'erre
1259 2589 1378 2619 eorum,
1392 2589 1462 2620 quie
1477 2579 1607 2619 disent,
1620 2588 1668 2609 ra·

209 2636 338 2666 tionem.
362 2642 484 2673 egoque
500 2632 530 2662 in
546 2631 650 2673 primis
674 2632 871 2662 vehementer
896 2631 1041 2672 rogabam
1056 2643 1062 2661 ε
1088 2632 1116 2662 Ο
1143 2633 1232 2663 beate
1247 2632 1490 2675 Tlrmsymaclae,
1505 2632 1590 2674 quali
1606 2643 1667 2663 ser-

208 2698 300 2720 mone
321 2687 409 2727 jacto
424 2685 509 2716 abire
523 2686 662 2725 festinas,
687 2685 770 2726 prius
785 2695 878 2726 quam
904 2685 1027 2716 abunde
1054 2685 1102 2716 vel
1128 2687 1243 2718 doceas
1265 2686 1313 2717 vel
1337 2686 1452 2723 discas,
1467 2686 1546 2717 sitne
1560 2687 1620 2717 hoc
1636 2691 1671 2716 ut

209 2741 301 2781 dicis,
316 2751 356 2770 an
371 2749 470 2770 secus.
515 2738 569 2768 An
584 2738 661 2769 forte
678 2744 768 2780 putas
794 2748 916 2780 parvam
940 2739 1095 2780 quandam
1123 2751 1184 2770 rem
1201 2746 1230 2770 te
1253 2750 1429 2781 aggressum
1444 2749 1511 2770 esse
1525 2739 1668 2776 definire,

209 2799 391 2826 nouantem
406 2793 555 2824 rationem
571 2793 654 2828 vitae,
680 2803 773 2833 quam
798 2793 823 2823 si
846 2792 916 2834 quis
943 2798 1079 2823 nostrum
1103 2793 1270 2834 acceperit,
1295 2804 1387 2834 qnam
1414 2793 1534 2834 optime
1555 2793 1666 2823 vivat?

208 2849 323 2880 Trina.
347 2847 398 2878 An
415 2857 473 2888 ego
490 2851 594 2888 putem
610 2847 692 2877 istud
708 2846 795 2878 aliter
809 2858 841 2878 se
857 2846 969 2877 babere
983 2847 994 2876 ?
1039 2847 1094 2878 So.
1119 2848 1242 2878 Videris
1266 2858 1377 2888 nempe
1392 2847 1507 2877 nullam
1523 2847 1563 2877 de
1578 2847 1668 2877 nobis

209 2913 314 2935 curam
329 2900 484 2943 suscipere
500 2913 506 2931 :
532 2896 634 2943 neque
649 2900 796 2942 cogitare,
824 2906 924 2932 utrum
950 2900 1040 2942 pejus
1067 2901 1204 2932 vivamus
1229 2912 1269 2933 au
1295 2900 1404 2932 melius
1428 2899 1461 2932 id
1488 2900 1664 2932 nescientes
