1840 3225
189 180 284 230 657]
657 179 728 216 DE
759 177 988 215 LEGIBUS
1020 178 1115 215 LIB.
1143 179 1191 215 Il.
1571 181 1644 218 301

187 293 262 314 vero
288 283 393 314 dicere
420 283 585 324 quisquam
616 281 744 313 audebit
768 282 911 312 vitiosam
923 282 1068 312 choream
1087 281 1208 312 virtutis
1222 281 1375 323 participe
1393 283 1553 314 meliorem
1568 294 1649 316 esse.

191 347 294 378 neque
318 337 466 368 fatebitur
493 346 631 379 unquam
646 336 760 377 aliquis
775 336 904 377 quidem
920 335 1026 376 figuris
1039 336 1140 376 pravis
1156 335 1266 372 laetari,
1283 336 1360 367 alios
1377 342 1481 368 autem
1497 340 1650 370 contraria

192 391 326 432 quadam
342 391 446 422 Musa.
462 400 638 433 quanquam
650 390 792 430 plerique
805 388 978 430 praedicant
989 395 1106 420 rectam
1116 390 1241 420 musicae
1257 391 1410 421 rationem
1424 391 1454 421 in
1470 392 1498 423 vi
1514 394 1650 434 quadam

191 445 372 481 consistere,
399 456 468 486 quae
494 445 687 485 voluptatem
703 443 814 474 animis
829 443 952 474 offerat.
976 443 1060 484 quod
1073 453 1176 484 neque
1191 444 1355 475 ferendum
1369 451 1418 476 est
1429 456 1531 488 neque
1542 447 1651 478 dicen-

193 499 270 530 dum
293 500 441 530 omnino:
466 498 554 529 nefas
582 498 677 529 enim.
700 499 765 528 haec
789 504 895 528 autem
918 498 1022 538 polius
1036 498 1148 528 erroris
1163 507 1256 528 causa
1271 503 1329 530 est.
1376 499 1453 530 Cu,
1475 502 1650 538 Quaenam?

193 554 332 585 Aruns.
359 554 516 591 Quoniam
544 553 577 584 in
593 554 706 583 chorea
727 552 882 583 variorum
899 562 1015 583 morum
1033 553 1247 593 variarumque
1259 562 1358 583 rerum
1373 554 1463 585 variis
1477 556 1509 585 in
1522 555 1654 587 fortunis

193 607 394 650 moribusque
423 613 580 648 gestarum
605 607 797 637 imitationes
824 607 912 642 fiunt,
928 606 1038 648 quibus
1054 606 1122 647 illa,
1135 617 1204 647 quze
1221 607 1366 637 dicuntur
1381 613 1436 638 aut
1447 609 1654 641 decantantur

194 667 249 693 aut
272 661 328 692 suh
353 661 459 702 specie
483 660 656 691 saltationis
678 661 902 701 exprimuntur,
927 660 976 690 vel
999 665 1109 690 natura
1135 660 1185 691 vel
1208 660 1434 692 consuetudine
1450 663 1499 693 vel
1516 664 1653 705 utrisque

196 715 375 756 probantur,
403 721 495 757 atque
523 715 627 745 animo
643 725 748 745 eorum
763 714 965 750 conveniunt,
981 714 1037 744 hos
1053 713 1189 755 gaudere
1198 714 1261 745 illis
1275 713 1464 757 laudateque
1480 722 1512 747 et
1524 717 1655 750 honesta

193 770 372 812 mancipare
385 780 513 802 necesse
527 775 585 801 est.
600 769 713 811 quibus
727 775 831 800 autem
849 775 961 809 praeter
976 774 1117 799 naturam
1132 769 1184 799 vel
1197 779 1314 799 morem
1331 770 1380 799 vel
1393 771 1655 803 consuetudinem

194 825 343 866 aliquam,
368 824 400 855 hi
423 835 525 866 neque
549 824 684 865 gaudere
704 824 780 865 ipsis
809 829 938 864 possunt
950 833 1053 864 neque
1066 833 1105 853 ea
1119 823 1259 859 laudare,
1275 824 1370 854 immo
1381 825 1485 865 turpia
1496 826 1655 867 appellare

195 889 336 911 necesse.
359 884 392 909 at
411 889 483 910 vero
506 879 620 921 quibus
642 868 710 909 haec
731 884 842 909 natura
865 884 950 908 recte
965 877 1161 919 contingunt,
1175 877 1401 909 consuetudine
1418 884 1524 910 autem
1535 887 1656 918 contra,

196 934 244 964 vel
262 933 490 965 consuetudine
516 933 643 975 quidem
653 939 751 969 recte,
767 939 877 964 contra
890 943 964 963 vero
979 941 1102 974 namra,
1116 932 1167 963 isti
1179 932 1291 963 laudes
1306 933 1518 973 voluptatibus
1531 941 1656 966 contra·

193 988 256 1018 rias
281 987 451 1029 proferunt.
483 987 608 1029 singula
633 987 719 1017 enim
731 987 840 1017 horum
850 985 994 1027 jucunda
1016 991 1157 1016 asserunt
1172 996 1252 1022 esse,
1269 985 1327 1017 sed
1338 992 1371 1017 et
1386 997 1483 1028 prava
1497 998 1566 1019 esse
1582 1000 1656 1021 con·

197 1043 325 1073 cedunt.
348 1042 446 1084 [656]
473 1047 567 1083 atque
589 1042 702 1072 iccirco
727 1051 830 1072 coram
854 1041 935 1077 aliis,
964 1051 1043 1082 quos
1069 1042 1181 1071 mentis
1196 1046 1357 1082 compotes
1372 1046 1496 1082 putant,
1512 1050 1660 1076 verentur

197 1107 310 1138 corpus
339 1107 376 1127 eo
397 1102 490 1138 pacto
516 1106 652 1131 movere,
674 1101 817 1126 verentur
837 1105 960 1137 quoque
975 1105 1014 1126 ea
1029 1101 1165 1130 cantare,
1182 1096 1375 1137 honestaque
1391 1101 1423 1126 et
1437 1097 1542 1128 studio
1562 1098 1659 1139 digna

197 1161 346 1181 asserere.
370 1151 431 1192 ipsi
450 1161 523 1182 vero
533 1161 638 1181 secum
649 1151 686 1180 iis
697 1150 842 1181 omnibus
852 1149 1061 1180 delectantur.
1084 1150 1160 1181 Cu.
1172 1149 1199 1180 V
1202 1150 1498 1191 erissimaloqueris.
1519 1151 1660 1184 Arum-'-

201 1205 353 1246 Nunquid
379 1206 529 1236 damnum
550 1205 676 1247 aliquod
706 1205 835 1235 insertur
861 1204 919 1240 illi,
931 1204 985 1245 qui
1000 1204 1100 1245 pravis
1119 1204 1222 1245 figuris
1237 1209 1291 1235 aut
1305 1204 1448 1235 cantibus
1462 1205 1659 1238 delectatur?

197 1259 247 1290 vel
270 1260 390 1290 utilitas
412 1260 468 1296 eis,
492 1260 548 1301 qui
566 1260 742 1300 voluptates
755 1259 788 1289 in
802 1259 963 1290 contrariis
973 1259 1125 1300 capiunt?
1172 1258 1251 1289 Cu.
1282 1258 1460 1290 Ven'simile
1475 1259 1510 1289 id
1521 1260 1661 1301 quidem.

198 1315 335 1344 Arnas.
361 1313 472 1345 Utrum
493 1314 660 1344 verisimile
684 1318 818 1349 tantum,
842 1322 883 1342 an
910 1313 1003 1343 etiam
1033 1312 1246 1343 necessarium
1269 1314 1319 1349 sit,
1342 1313 1387 1343 ita
1407 1313 1440 1343 id
1464 1324 1498 1345 se
1522 1315 1659 1346 habere?

197 1369 288 1400 sicuti
304 1379 376 1399 cum
392 1368 546 1410 quispiam
562 1379 632 1399 cum
648 1367 826 1398 hominibus
840 1367 988 1408 improbis
998 1367 1204 1403 conflictatur,
1222 1377 1326 1408 neque
1343 1378 1443 1398 mores
1458 1378 1567 1400 eorum
1582 1369 1661 1406 odit,

201 1422 257 1453 sed
280 1422 455 1454 delectatur
477 1422 525 1453 bis
547 1423 651 1463 potius
666 1428 698 1453 et
712 1422 878 1463 indulget3
900 1426 933 1453 et
947 1427 1051 1452 tamen
1064 1421 1129 1463 joci
1140 1421 1209 1452 loco
1226 1422 1391 1462 vituperat,
1408 1423 1497 1464 quasi
1510 1434 1568 1465 per
1578 1435 1661 1455 som-

199 1488 276 1508 num
303 1478 373 1518 ipse
396 1478 428 1508 in
453 1488 486 1508 se
516 1488 621 1509 eorum
649 1478 825 1519 percipiens
846 1476 1042 1518 pravitatem.
1063 1485 1138 1507 tunc
1155 1476 1271 1518 quippe
1284 1485 1414 1507 necesse
1431 1482 1488 1513 est,
1506 1484 1539 1508 ut
1552 1479 1665 1510 similis

201 1533 351 1563 efficiatur
373 1533 445 1568 illis,
467 1532 578 1574 quibus
592 1532 721 1573 gaudet,
742 1532 866 1562 etiamsi
887 1532 1016 1563 laudare
1043 1536 1196 1563 vereatur.
1220 1541 1283 1572 qua
1306 1530 1432 1571 quidem
1453 1542 1486 1562 re
1511 1532 1662 1574 quidnam

204 1588 301 1630 majus
316 1593 371 1618 aut
398 1588 515 1617 bonum
543 1593 595 1617 aut
621 1588 739 1617 malum
767 1598 805 1617 ex
823 1588 910 1618 omni
934 1586 1121 1617 necessitate
1145 1584 1296 1616 accedere
1322 1585 1411 1616 nobis
1424 1586 1663 1618 existimemus?

204 1641 281 1673 Cu.
306 1641 397 1673 Nihil
425 1648 514 1683 puto.
557 1641 696 1672 Amas.
722 1641 877 1682 Nunquid
903 1641 1096 1676 arbitramur,
1120 1639 1173 1670 ubi
1191 1640 1276 1680 leges
1293 1639 1372 1669 bene
1390 1641 1564 1671 constituta:
1580 1648 1664 1678 sunt,

204 1703 258 1727 aut
278 1703 311 1726 et
333 1697 364 1726 in
386 1702 542 1737 posterum
567 1696 612 1726 ita
631 1701 733 1731 erunt,
761 1696 792 1725 in
810 1696 986 1737 disciplinis
1007 1695 1154 1735 jocisque
1175 1694 1336 1724 Musarum
1352 1703 1423 1724 earn
1439 1694 1577 1736 poeticis
1599 1695 1665 1727 fore

204 1750 376 1785 licentiam,
398 1758 445 1787 ut,
463 1749 613 1791 quicquid
628 1750 758 1790 poetam
782 1749 920 1780 delectet
934 1750 985 1780 vel
1000 1750 1145 1791 rhythmo
1161 1748 1210 1778 vel
1225 1755 1320 1779 cantu
1342 1749 1393 1779 vel
1410 1749 1502 1779 verbo
1528 1750 1665 1790 poetico,

202 1805 290 1836 idem
313 1809 346 1835 et
369 1803 481 1835 docere
505 1804 536 1834 ei
560 1804 663 1840 liceat,
680 1810 714 1834 et
736 1804 816 1835 bene
832 1804 1047 1835 institutorum
1070 1803 1186 1833 civium
1202 1812 1315 1843 pueros
1340 1802 1617 1845 adolescentesque
1631 1805 1666 1836 in

206 1859 339 1895 choreis,
375 1868 561 1900 quacunque
587 1859 753 1899 contingit,
781 1858 831 1888 vel
861 1857 903 1888 ad
928 1858 1077 1888 virtutem
1105 1857 1154 1886 vel
1187 1856 1228 1886 ad
1250 1857 1360 1887 vitium
1391 1857 1517 1888 flectere
1531 1858 1542 1887 ?
1589 1858 1668 1890 Cu.

206 1915 325 1946 Praeter
347 1914 501 1944 rationem
516 1913 548 1943 id
565 1919 625 1944 est.
643 1913 713 1943 Me.
737 1912 843 1943 Certe.
888 1911 1027 1943 Arnen.
1050 1910 1089 1941 Id
1108 1910 1213 1946 modo,
1228 1915 1263 1941 ut
1278 1910 1412 1941 breviter
1422 1911 1535 1948 dicam,
1548 1912 1665 1955 ubique

208 1975 415 2010 praeterquam
441 1967 472 1998 in
501 1967 643 2009 AEgypto
669 1977 760 2008 agere
789 1967 874 1997 licet.
920 1965 996 1996 Cu.
1019 1965 1092 2002 Quo
1108 1970 1213 1995 autem
1227 1970 1320 2006 pacto
1334 1965 1368 1996 id
1384 1965 1416 1995 in
1430 1965 1570 2008 AEgypro
1586 1968 1667 1999 hanc

205 2025 312 2064 legem
327 2022 481 2054 sancitum
497 2032 565 2052 esse
577 2021 655 2052 dicis
672 2021 683 2050 ?
728 2020 866 2052 Arnen.
888 2021 1010 2052 Mirum
1031 2021 1089 2050 hoc
1102 2020 1231 2061 quidem
1247 2018 1355 2049 auditu
1369 2024 1428 2050 est.
1448 2029 1523 2050 nam
1537 2020 1571 2051 id
1581 2022 1668 2059 olim,

210 2078 284 2108 mihi
295 2078 430 2112 videtur,
444 2076 491 2107 illi
509 2080 732 2117 cognoverunt,
746 2081 901 2117 oportere,
917 2074 1004 2116 quod
1015 2085 1099 2105 nunc
1114 2084 1172 2104 nos
1186 2074 1331 2109 diximus,
1349 2073 1426 2104 utin
1443 2074 1570 2106 civitate
1576 2075 1670 2117 juve-

211 2143 267 2164 nes
281 2133 372 2164 bonis
385 2132 491 2174 figuris
505 2136 538 2162 et
553 2131 640 2162 bonis
656 2130 797 2161 cantibus
809 2135 1000 2161 assuescant.
1021 2139 1091 2170 quae
1105 2139 1178 2159 vero
1194 2133 1226 2159 et
1238 2128 1343 2169 qualia
1357 2128 1420 2158 sint
1435 2129 1623 2170 hujusmodi,
1636 2131 1670 2162 in

211 2190 305 2220 sacris
320 2188 358 2219 ab
373 2187 419 2218 eis
434 2192 483 2218 est
495 2186 691 2217 institutum:
717 2195 754 2216 ac
778 2191 891 2227 praeter
917 2184 973 2215 illa
993 2193 1093 2225 neque
1117 2182 1289 2224 pictoribus
1304 2193 1405 2224 neque
1419 2183 1486 2213 aliis
1502 2183 1669 2225 figurarum

210 2245 260 2274 vel
274 2252 528 2285 quorumcunque
539 2240 739 2271 artificiorum
752 2239 846 2271 fabris
859 2249 939 2270 nova
952 2239 1017 2269 ulla
1027 2238 1144 2269 licebat
1155 2237 1312 2273 inducere,
1325 2247 1427 2278 neque
1438 2238 1533 2268 etiam
1545 2240 1669 2280 excogi-

213 2304 278 2332 tare
289 2297 351 2327 alia
365 2302 479 2338 praeter
489 2296 606 2337 patria3
631 2305 735 2336 neque
758 2294 852 2324 hodie
878 2294 963 2330 licet,
980 2299 1034 2324 aut
1043 2293 1076 2323 in
1090 2292 1235 2323 universa
1250 2292 1377 2323 musica.
1392 2292 1498 2333 itaque
1512 2292 1539 2323 si
1548 2293 1670 2325 curiose

210 2351 342 2387 rimeris,
366 2350 509 2381 invenies
529 2349 582 2385 ibi,
604 2360 673 2391 quae
697 2348 765 2390 jam
790 2348 899 2380 decem
915 2357 1066 2378 annorum
1080 2346 1216 2378 millibus
1228 2346 1355 2388 depicta
1370 2346 1418 2376 vel
1435 2347 1524 2377 aliter
1539 2347 1671 2388 figurata

213 2408 355 2437 suerunt:
381 2405 471 2446 quasi
497 2414 559 2434 non
588 2404 667 2435 adeo
686 2410 792 2434 vetera
807 2403 879 2439 sint,
897 2409 931 2433 ut
946 2403 991 2433 ita
1006 2402 1107 2433 dicam
1122 2413 1130 2440 ;
1153 2411 1212 2432 nec
1229 2400 1406 2442 pulchriora
1420 2410 1522 2441 neque
1537 2401 1672 2442 turpiora

215 2462 274 2497 his,
298 2470 368 2502 quae
392 2458 486 2489 hodie
515 2457 736 2499 depinguntur.
761 2457 857 2499 [657]
882 2459 994 2488 eadem
1021 2462 1085 2487 arte
1098 2455 1253 2487 confecta.
1300 2454 1377 2487 CL1.
1399 2453 1546 2485 Mirabile
1561 2455 1671 2487 auditu

214 2522 273 2552 est,
290 2515 372 2556 quod
388 2513 477 2544 dicis.
513 2513 650 2543 Arnen.
672 2511 774 2542 Immo
788 2512 880 2543 civile
894 2511 1027 2542 nimium
1042 2510 1236 2551 maximeque
1250 2509 1356 2550 legum
1366 2508 1514 2549 positioni
1523 2509 1671 2540 conveni·

214 2580 281 2601 ens.
304 2569 449 2599 invenies
476 2566 520 2598 ibi
547 2567 611 2597 alia
625 2567 767 2607 quaedam
785 2565 874 2597 levia.
889 2565 946 2597 sed
960 2566 1020 2596 hoc
1033 2565 1116 2596 circa
1129 2564 1279 2595 musicam
1294 2573 1400 2593 verum
1417 2568 1465 2593 est
1478 2563 1672 2606 dignumque

215 2621 482 2654 animadversione
500 2632 505 2649 ι
530 2621 611 2661 quod
641 2619 789 2650 videlicet
812 2624 934 2660 poterat
959 2619 999 2650 de
1027 2619 1115 2649 rebus
1130 2616 1307 2658 hujusmodi
1320 2622 1405 2647 certa
1420 2617 1586 2658 stabilique
1601 2618 1672 2659 lege

216 2677 329 2712 caveri,
352 2682 446 2717 atque
473 2674 589 2706 licebat
614 2674 770 2705 adducere
797 2683 917 2704 summa
943 2684 1014 2705 cum
1042 2673 1158 2703 fiducia
1184 2678 1356 2703 concentus
1380 2672 1470 2707 tales,
1493 2672 1547 2712 qui
1564 2678 1673 2703 natura

216 2730 434 2762 rectitudinem
456 2730 649 2760 exhiberent.
670 2729 752 2769 quod
779 2728 907 2769 quidem
935 2734 989 2758 aut
1016 2726 1080 2758 Dei
1110 2732 1163 2757 aut
1178 2725 1278 2756 divini
1294 2725 1424 2766 alicujus
1439 2725 1495 2756 viri
1508 2736 1588 2766 opus
1603 2732 1672 2758 est:

219 2783 480 2824 quemadmodum
502 2788 534 2814 et
545 2783 589 2813 ibi
604 2783 707 2813 serunt
722 2781 952 2823 antiquissimos
965 2781 1038 2812 illos
1049 2780 1134 2822 apud
1149 2790 1202 2810 eos
1219 2785 1388 2810 concentus
1405 2778 1497 2809 Isidis
1508 2788 1577 2810 esse
1593 2777 1672 2819 poe*-

220 2843 313 2870 mata,
335 2838 544 2879 quamobrem,
568 2843 602 2867 ut
629 2836 782 2871 dicebam,
808 2835 834 2865 si
860 2835 930 2876 quis
951 2845 1076 2876 quoquo
1092 2833 1186 2865 modo
1199 2833 1328 2865 istorum
1342 2833 1439 2875 possit
1453 2831 1672 2864 rectitudinem

220 2891 408 2934 intelligere,
430 2892 518 2924 illum
540 2897 663 2933 oportet
690 2891 772 2922 bona
796 2901 865 2922 cum
882 2900 937 2932 spe
951 2890 1018 2921 baec
1031 2888 1072 2921 ad
1088 2888 1229 2922 ordinem
1243 2889 1407 2931 legemque
1418 2886 1580 2919 reducere.
1601 2895 1673 2917 nam
