1840 3225
224 215 302 252 222
833 209 1094 250 PLATOle
1586 209 1684 259 [595

794 452 1020 503 LIBER
1055 451 1122 500 X.

231 624 328 667 [595]
354 622 555 655 Coornun
580 620 655 653 mihi
671 621 711 652 de
727 621 799 660 hac,
814 630 907 662 quam
924 629 1023 660 nuper
1047 618 1146 649 verbis
1161 618 1374 655 condidimus,
1390 617 1516 650 civitate
1537 627 1607 649 cum
1624 615 1684 646 alia

231 679 383 720 permulta
405 682 487 709 recte
512 677 679 708 admodum
705 674 849 706 statuisse
874 673 1027 709 videmur,
1044 679 1108 703 tum
1137 673 1185 704 vel
1213 673 1356 709 maxime,
1379 683 1449 714 quae
1464 671 1548 703 circa
1564 670 1687 713 poesim

232 733 448 775 praecepimus.
492 731 606 762 Gmu.
630 730 783 767 Quaenam
810 728 892 759 ista?
937 730 992 761 So.
1018 728 1111 765 Quod
1130 727 1276 759 videlicet
1299 727 1384 758 nulla
1397 726 1502 768 poesis
1517 736 1599 768 pars,
1615 735 1684 767 quae

228 789 261 818 in
275 787 449 818 imitatione
464 785 618 822 consistit,
634 784 817 825 accipiatur.
841 794 903 824 prae
929 783 1040 814 ceteris
1055 782 1138 814 enim
1155 793 1238 813 nunc
1253 787 1301 813 est
1326 781 1536 823 perspicuum,
1560 785 1595 810 ut
1609 779 1683 810 mihi

229 842 363 878 videtur,
378 840 455 871 nihil
473 840 534 870 tale
550 850 569 870 a
582 839 672 870 nobis
687 848 754 869 esse
770 837 1015 879 suscipiendum,
1032 843 1198 878 postquam
1215 836 1345 878 singulae
1361 846 1495 866 seorsum
1511 834 1606 865 animi
1622 833 1689 864 dis-

227 896 332 927 tinctae
347 899 420 926 sunt
433 894 564 936 species.
610 892 725 924 Gmu.
749 891 919 929 Quomodo
935 891 1019 922 istud
1036 892 1081 922 ais
1095 892 1105 921 ?
1151 891 1208 922 So.
1233 890 1279 921 Ut
1293 890 1453 920 vobiscum
1468 889 1529 920 ista
1543 898 1684 919 commu·

226 950 340 985 nicem,
355 959 457 991 neque
472 948 556 980 enim
572 958 626 977 vos
648 958 696 977 me
719 956 821 978 coram
839 945 959 986 tragicis
984 946 1252 986 imitatoribusque
1275 944 1379 986 poe'tis
1402 943 1470 974 aliis
1484 941 1683 979 accusabitis.

228 1004 376 1046 quicquid
393 1004 454 1034 tale
469 1007 526 1040 est,
542 1001 718 1042 corruptela
732 1001 876 1042 quaedam
900 1000 1012 1030 mentis
1035 1010 1142 1031 eorum
1166 1010 1231 1029 esse
1256 998 1390 1038 videtur,
1405 997 1472 1039 qui,
1495 1007 1565 1028 cum
1582 996 1684 1026 imita-

226 1061 326 1090 tiones
340 1059 414 1089 istas
429 1058 573 1093 audiunt,
589 1055 740 1086 medelam
757 1054 842 1085 illam
858 1054 970 1084 mentis
986 1064 1050 1084 non
1072 1054 1200 1090 habent,
1216 1063 1278 1094 qua
1294 1052 1497 1094 potissimum,
1513 1050 1620 1092 quales
1635 1051 1684 1080 hae

225 1113 339 1144 fabulae
366 1113 440 1149 sint,
471 1111 662 1142 discernant.
708 1109 783 1140 GLA
791 1120 824 1140 υ.
849 1109 1005 1145 Quorsum
1035 1109 1115 1139 ista?
1162 1108 1218 1138 So.
1242 1107 1422 1138 Dicendum
1451 1105 1579 1147 quidem
1593 1116 1600 1134 :
1626 1104 1685 1134 etsi

227 1167 362 1199 amicitia
377 1166 519 1208 quaedam
537 1170 569 1196 et
584 1164 766 1201 reverentia,
784 1173 802 1194 a
818 1162 963 1205 pueritia,
981 1162 1056 1193 mihi
1071 1173 1142 1203 erga
1156 1162 1327 1193 Homerum
1339 1164 1510 1194 contracta,
1534 1169 1583 1189 me
1602 1157 1681 1189 deti-

226 1227 291 1253 net.
316 1221 430 1253 etenim
447 1221 616 1261 insignium
632 1219 759 1250 istorum
776 1218 913 1248 omnium
931 1218 1116 1259 tragicorum
1130 1217 1192 1248 dux
1208 1222 1240 1247 et
1250 1215 1395 1257 magister
1405 1214 1521 1256 primus
1533 1211 1687 1244 exstitisse

225 1276 358 1307 videtur.
373 1280 406 1306 at
420 1274 541 1305 veritati
555 1273 652 1304 virum
668 1283 731 1303 non
747 1282 858 1303 censeo
875 1272 1133 1313 praeponendum.
1149 1281 1259 1312 quare,
1274 1269 1360 1312 quod
1371 1268 1503 1306 institui,
1516 1267 1684 1298 dicendum

225 1335 285 1361 est.
322 1329 437 1361 Grau.
461 1327 611 1359 Omnino.
650 1327 707 1358 So.
731 1326 818 1356 Audi
832 1326 947 1368 igitur:
973 1325 1066 1356 immo
1083 1336 1153 1356 vero
1171 1325 1335 1366 responde.
1373 1323 1488 1355 Guu.
1511 1321 1684 1362 Interroga.

227 1384 283 1415 So.
307 1383 461 1424 Nunquid
477 1381 631 1423 explicare
641 1380 716 1411 mihi
732 1386 821 1422 potes
836 1380 975 1416 omnino,
991 1379 1067 1420 quid
1084 1379 1216 1410 imitatio
1231 1379 1272 1410 sit
1285 1379 1296 1409 ?
1312 1388 1415 1419 neque
1430 1376 1512 1408 enim
1527 1386 1586 1418 ego
1600 1375 1684 1411 satis,

226 1438 302 1480 quid
318 1437 370 1474 sit,
385 1436 539 1477 intelligo.
584 1435 699 1466 Gmu.
725 1435 775 1465 An
801 1435 893 1476 igitur
908 1445 967 1476 ego
990 1433 1187 1475 intelligam?
1232 1433 1286 1464 So.
1310 1431 1399 1463 Nihil
1422 1431 1454 1461 id
1470 1431 1578 1461 mirum
1594 1434 1686 1460 esset.

227 1502 298 1523 nam
314 1502 398 1533 saepe
423 1490 589 1532 contingit,
616 1495 651 1520 ut
678 1490 731 1531 qui
759 1489 948 1520 hebetiorem
975 1489 1092 1519 habent
1115 1488 1225 1525 aciem,
1249 1487 1347 1529 [596]
1372 1484 1523 1517 nonnulla
1538 1485 1621 1527 prius
1635 1485 1684 1515 in-

226 1551 371 1578 tueantur
384 1555 477 1587 quam
503 1545 557 1587 qui
572 1549 704 1575 cernunt
731 1543 862 1575 acutius.
910 1543 1027 1574 Gmu.
1047 1542 1116 1584 Est,
1143 1549 1178 1573 ut
1202 1542 1292 1573 dicis.
1316 1548 1452 1573 ceterum
1479 1546 1510 1571 te
1533 1544 1686 1581 praesente

223 1610 385 1642 nunquam
399 1600 557 1635 auderem,
573 1599 658 1640 quod
674 1597 749 1628 mihi
765 1598 898 1635 videtur,
921 1598 1102 1639 exprimere.
1125 1598 1180 1628 sed
1195 1597 1263 1639 ipse
1285 1596 1409 1628 videris.
1454 1595 1510 1627 So.
1533 1594 1590 1626 Vis
1612 1594 1685 1626 hinc

225 1654 430 1690 exordiamur,
445 1653 537 1684 solita
551 1653 605 1684 illa
619 1658 724 1684 nostra
738 1652 857 1683 ratione
873 1652 1127 1683 considerantes?
1152 1650 1286 1693 speciem
1303 1660 1554 1692 unamquamque
1569 1659 1686 1691 ponere

225 1709 358 1740 solemus
372 1710 412 1740 de
426 1708 618 1751 quibuslibet
632 1707 786 1749 pluribus,
802 1707 842 1738 de
858 1707 971 1749 quibus
994 1705 1077 1737 idem
1101 1716 1214 1737 nomen
1230 1705 1433 1747 imponimus.
1457 1715 1497 1736 an
1512 1715 1577 1736 non
1590 1703 1683 1736 intel-

225 1764 318 1805 ligis?
343 1763 479 1795 'GLAtn
502 1763 649 1804 Intelligo
673 1762 830 1804 equidem.
876 1762 932 1793 So.
956 1761 1116 1792 Ponamus
1142 1761 1250 1802 utique
1273 1771 1356 1791 nunc
1380 1759 1513 1802 quodvis
1535 1759 1686 1792 emulus.

223 1826 259 1851 ut
274 1830 360 1856 ecce,
377 1819 478 1861 plures
493 1817 567 1849 lecti
582 1822 655 1848 sunt
668 1823 762 1859 atque
778 1827 903 1848 mensae.
950 1815 1066 1849 Grau.
1089 1815 1210 1853 Quidni
1224 1816 1235 1845 ?
1281 1815 1338 1846 So.
1359 1814 1447 1846 Ideae
1462 1820 1567 1846 tamen
1577 1814 1685 1845 harum

224 1885 322 1905 rerum
338 1874 409 1905 duae
425 1877 508 1909 sunt,
523 1883 586 1903 una
601 1871 688 1914 lecti,
704 1882 818 1903 mensae
833 1876 881 1902 est
891 1871 998 1902 altera.
1045 1870 1161 1902 GLAU.
1184 1869 1234 1901 Ita
1243 1874 1301 1901 est.
1345 1868 1402 1900 So.
1425 1868 1566 1899 Solemus
1579 1873 1682 1898 autern

224 1930 338 1965 dicere,
365 1927 568 1970 supellectilis
592 1927 751 1968 utriusque
768 1927 917 1958 artificem
945 1926 1050 1957 ideam
1079 1925 1298 1967 respicientem
1321 1934 1409 1955 suum
1436 1933 1516 1964 opus
1540 1921 1682 1953 efficere:

226 1995 324 2015 unum
353 1983 479 2025 quidem
506 1983 615 2018 lectos,
644 1992 764 2012 mensas
789 1981 932 2018 alterum,
959 1980 1072 2022 quibus
1097 1980 1158 2021 ipsi
1185 1979 1319 2010 utimur:
1344 1984 1508 2020 ceteraque
1537 1977 1686 2008 similiter.

227 2039 330 2069 nullus
347 2037 430 2068 enim
444 2037 552 2068 artifex
568 2036 670 2067 ideam
696 2036 794 2076 ipsam
818 2035 959 2067 fabricat.
984 2033 1047 2076 quo
1072 2034 1154 2065 enirn
1179 2034 1294 2075 pacto?
1341 2032 1455 2064 Guv.
1478 2031 1588 2062 Nullo.
1631 2030 1684 2062 So.

228 2093 313 2124 Vide
341 2090 656 2133 praeterea,nunquid
682 2090 775 2120 talem
800 2089 935 2130 aliquem
962 2100 1054 2120 voces
1069 2088 1242 2119 artificem?
1290 2087 1403 2119 Grau.
1426 2086 1585 2124 Qualem?
1629 2084 1688 2117 So.

230 2146 295 2183 Qui
309 2145 385 2178 facit
399 2145 514 2181 omnia,
538 2150 739 2186 quotcunque
765 2144 977 2185 unusquisque
1000 2144 1108 2174 artifex
1131 2153 1249 2178 eorum,
1266 2142 1319 2183 qui
1343 2141 1485 2172 manibus
1507 2146 1685 2182 operantur.

230 2200 346 2231 GLAU.
369 2199 533 2230 Potentem
549 2209 651 2229 narras
668 2199 764 2229 virum
790 2204 884 2239 atque
900 2197 1084 2228 mirabilem.
1129 2198 1185 2228 So.
1208 2196 1359 2227 Nondum
1376 2196 1526 2236 integram
1541 2194 1609 2236 ejus
1624 2195 1685 2225 vim

229 2254 375 2294 expressi.
399 2253 477 2284 forte
493 2263 564 2284 vero
581 2253 678 2283 multo
703 2253 799 2294 magis
817 2240 983 2289 miraberis,
1006 2253 1030 2283 si
1047 2262 1235 2293 expressero.
1260 2261 1373 2292 nempe
1399 2251 1481 2281 idem
1497 2250 1557 2280 iste
1578 2248 1687 2280 artifex

231 2319 294 2339 non
322 2308 421 2338 solum
447 2306 552 2337 omnia
576 2313 680 2349 potest
707 2307 912 2348 supellectilia
939 2307 1099 2343 fabricare,
1125 2306 1177 2337 scd
1201 2306 1305 2342 etiam,
1330 2314 1525 2349 quaecunque
1547 2314 1584 2335 ex
1610 2309 1687 2335 terra

230 2368 409 2398 nascuntur,
425 2362 530 2398 efficit,
545 2367 578 2392 et
592 2362 736 2392 animalia
751 2363 854 2392 omnia
870 2368 963 2402 atque
974 2362 1121 2402 seipsum.
1135 2366 1252 2403 ,terram
1263 2370 1401 2402 quoque,
1414 2359 1525 2390 coelum
1537 2369 1573 2390 ac
1586 2357 1688 2394 Deos,

230 2423 262 2448 et
277 2427 472 2459 quaecunque
487 2416 519 2446 in
537 2416 614 2448 coelo
629 2421 702 2446 sunt
717 2421 749 2446 et
772 2417 828 2447 sub
845 2416 931 2447 terris
946 2416 1030 2457 apud
1055 2416 1179 2451 ἰηίεῐοε,
1197 2414 1327 2457 peragit.
1373 2413 1487 2445 Guu.
1510 2413 1686 2455 Sophistaru

232 2482 335 2502 narras
360 2470 542 2501 mirabilem.
588 2470 644 2501 So.
668 2470 813 2500 Diffidis?
838 2470 901 2506 dic,
930 2470 1069 2511 obsecro,
1098 2470 1242 2510 nunquid
1270 2469 1357 2500 nullo
1388 2469 1481 2499 modo
1510 2467 1689 2508 hujusmodi

232 2525 340 2555 artifex
356 2535 423 2555 esse
437 2523 494 2554 tibi
509 2524 631 2554 videtur
644 2523 655 2554 ἓ
671 2523 719 2554 vel
731 2523 867 2565 quodam
879 2524 971 2553 modo
985 2522 1111 2554 istorum
1124 2523 1261 2553 omnium
1273 2523 1357 2553 saber
1369 2533 1447 2558 esse,
1457 2521 1688 2564 quodammodo

233 2590 304 2610 vero
321 2589 383 2609 non
400 2578 489 2609 esse?
507 2589 546 2608 an
561 2589 625 2608 non
640 2577 776 2608 advertis
790 2578 857 2609 haec
872 2577 978 2608 onmia
994 2583 1024 2608 te
1036 2578 1170 2619 quodam
1188 2578 1280 2608 modo
1297 2577 1417 2608 efficere
1433 2586 1523 2617 posse
1537 2576 1547 2606 ?
1572 2575 1689 2606 Genu.

233 2633 386 2670 Quisnam
414 2633 464 2663 hic
481 2632 611 2663 modus?
657 2632 712 2663 So.
738 2632 834 2663 Haud
859 2631 984 2663 difficile
1011 2632 1105 2663 istud.
1129 2638 1218 2673 potes
1242 2631 1324 2663 enim
1349 2630 1463 2672 passim
1489 2635 1522 2660 et
1549 2629 1690 2660 celeriter

235 2687 340 2717 omnia
355 2686 467 2717 facere.
510 2686 681 2728 Speculum
696 2687 819 2728 accipe,
836 2687 1012 2727 passimque
1036 2686 1244 2717 circumferas.
1265 2685 1361 2717 solem
1378 2684 1519 2726 protinus
1534 2683 1641 2719 facies,
1657 2688 1690 2714 et

233 2751 303 2783 quae
319 2741 351 2771 iu
367 2740 447 2772 coelo
463 2745 547 2776 sunt,
563 2745 672 2771 terram
689 2741 930 2782 quamprimum,
946 2740 1088 2771 ocissime
1106 2746 1135 2771 te
1150 2740 1264 2781 ipsum,
1279 2745 1312 2771 et
1324 2744 1427 2770 cetera
1443 2738 1554 2780 pariter
1569 2736 1687 2768 auima-

234 2796 287 2835 lia,
301 2793 519 2836 supellectilia,
540 2794 682 2835 plantas:
709 2801 740 2826 et
768 2805 963 2837 quaecunquc
988 2805 1088 2836 nuper
1101 2793 1418 2826 commemoravimus.
1464 2791 1580 2823 ΟΜΝ.
1606 2791 1686 2821 Ima-

237 2850 323 2892 gines
339 2849 464 2880 istorum
480 2848 618 2890 quidem,
635 2860 681 2880 res
696 2849 778 2890 ipsas
795 2849 931 2882 minime.
977 2848 1031 2882 So.
1055 2850 1242 2891 Opportune
1258 2848 1387 2879 nimium
1404 2845 1602 2888 respondisti.
1621 2845 1689 2875 talis

238 2904 343 2945 utique
360 2902 443 2934 faber
458 2908 503 2933 est
527 2903 639 2944 etipse
664 2903 774 2944 pictor.
801 2904 928 2936 nonne?
976 2903 1089 2935 Gne.
1115 2903 1179 2934 Est.
1227 2904 1281 2934 So.
1304 2902 1345 2932 At
1368 2902 1466 2943 ipsum
1491 2900 1575 2932 dices
1591 2900 1690 2930 haud-
