1840 3225
171 202 251 240 298
747 192 1011 232 PLATONis·
1085 195 1119 214 ι·
1535 192 1633 243 [648

181 307 370 348 mescentem
386 304 469 332 recto
479 298 599 341 judicio
615 297 752 338 aliquem
767 296 885 327 efficere
904 295 1059 330 volumus,
1075 304 1144 324 eurn
1164 293 1305 334 profecto
1326 293 1479 324 debemus
1489 293 1582 325 rebus
1595 292 1637 324 ad

182 355 412 401 impudentiam
426 351 658 384 declinantibus
681 356 813 386 tentare.
838 354 1019 381 exercentes
1042 349 1144 389 ipsum
1165 348 1197 378 in
1220 358 1328 389 pugna
1342 353 1451 379 contra
1464 347 1642 388 voluptates

181 422 265 447 suas,
278 415 333 440 aut
346 409 523 440 institutum
538 411 691 437 anleactae
707 406 792 440 vitae,
808 410 838 435 et
855 405 894 435 ad
911 415 929 433 v
933 404 1072 434 ittonam
1088 403 1287 433 cohortantes
1302 407 1395 443 atque
1410 402 1457 432 ita
1465 401 1643 432 vincentem

184 465 355 507 perfectum
369 463 410 494 ad
419 461 634 493 fortitudinem
651 459 792 490 reddere.
814 459 868 500 qui
885 469 956 489 vero
979 468 1038 487 nee
1054 457 1227 498 periculum
1244 456 1290 486 sui
1305 456 1412 487 fecerit
1427 455 1646 495 ullum‚neque

183 521 217 551 in
234 520 281 550 his
295 517 516 550 certaminibus
539 515 727 546 exercitatus
751 513 857 553 fuerit,
871 523 930 543 nec
954 511 1087 542 mediam
1115 510 1244 551 quidem
1258 520 1383 541 suarum
1398 509 1510 540 virium
1526 514 1645 550 partem

185 574 226 605 ad
242 574 390 604 virtutem
418 570 554 601 habebit.
577 573 767 610 temperatus
790 573 893 598 autem
917 565 1073 607 quomodo
1101 565 1161 595 erit
1182 565 1330 606 perfecte,
1345 564 1408 595 nisi
1436 561 1648 604 voluptatibus

185 634 279 669 atque
295 625 517 668 cupiditatibus
543 622 685 665 plurimis
710 622 749 652 ad
776 621 1004 663 impudentiam
1028 626 1061 650 et
1082 619 1227 661 injuriam
1251 617 1510 659 compellentibus
1527 616 1649 647 sortiter

185 680 407 724 repugnaverit
422 691 434 718 ς,
456 689 492 721 ac
515 678 635 709 ratione
662 686 818 718 opereque
834 684 866 706 et
889 681 954 716 arte
970 681 1035 705 tam
1045 673 1163 715 jocosis
1187 683 1279 715 quarn
1301 673 1388 704 seriis
1403 672 1435 703 in
1452 671 1545 702 rebus
1558 670 1649 702 devi—

184 736 286 768 cerit?
309 745 350 766 an
364 740 541 774 temperans
557 732 624 767 erit,
640 731 777 772 inquam,
795 730 848 772 qui
871 729 952 760 nihil
967 727 1146 770 hujusmodi
1161 728 1203 758 sit
1219 737 1384 769 perpessus
1401 727 1412 757 ἓ
1436 726 1512 758 Cu.
1536 724 1649 756 Haud-

186 800 343 833 quaquam
367 787 533 819 verisimile
558 791 617 816 est.
660 784 799 815 Aruns.
822 783 885 815 Sed
915 783 976 819 hic,
994 793 1059 819 oro,
1085 781 1254 823 aliquodue
1270 781 1311 812 ad
1325 780 1540 812 inducendum
1554 779 1650 811 timo-

185 854 250 876 rem
267 844 468 886 pharmacum
488 840 602 882 aliquis
631 838 720 870 Deus
734 837 824 869 dedit
850 837 1026 868 hominibus
1044 837 1055 867 ?
1078 842 1124 871 ut,
1141 841 1259 877 quanto
1286 836 1359 877 plus
1383 846 1421 866 ex
1443 845 1481 866 eo
1495 833 1650 876 quispiam

187 898 285 935 bibat,
301 902 390 928 tanto
404 907 441 927 ex
468 894 609 936 qualibet
631 892 760 935 potione
787 892 989 923 infeliciorem
1020 901 1054 921 se
1069 890 1136 921 fieri
1161 896 1261 931 putet,
1276 900 1349 921 cum
1371 889 1478 921 omnia
1491 894 1556 919 tam
1570 898 1652 930 prae-

187 952 291 984 sentia
305 961 400 992 quam
425 950 527 980 futura
542 947 600 979 sibi
625 952 742 978 metuat
755 957 763 984 ;
789 945 886 988 [648]
911 951 1006 986 atque
1021 944 1062 975 ad
1077 954 1204 975 omnem
1227 943 1436 979 formidinem,
1451 942 1576 973 etiamsi
1589 942 1653 974 sor-

189 1006 324 1037 tissimus
337 1004 474 1036 omniurn
490 1003 542 1038 sit,
559 1001 687 1032 tandem
711 1000 861 1031 deveniat
879 1012 885 1029 ε
911 1009 1044 1041 cumque
1066 997 1226 1029 dormierit
1240 1004 1274 1029 et
1298 1007 1318 1028 a
1331 997 1458 1038 potione
1473 995 1653 1039 hujusmodi

189 1060 340 1092 liberatus
366 1058 470 1093 fuerit,
501 1065 606 1087 rursus
635 1054 696 1086 sibi
723 1054 808 1085 idem
834 1053 978 1096 quotidie
1009 1052 1133 1084 accidat
1147 1052 1158 1082 ?
1205 1052 1281 1083 C1.1.
1306 1051 1349 1082 Et
1370 1061 1474 1093 quam,
1495 1061 1516 1081 o
1541 1050 1655 1087 amice,

191 1113 369 1157 hujusmodi
384 1112 548 1154 potionem
562 1110 595 1140 in
618 1108 778 1140 hominum
792 1108 858 1139 vita
882 1108 978 1139 fuisse
998 1117 1135 1150 unquam
1151 1106 1315 1138 dicemus?
1361 1105 1501 1136 Arusn-
1523 1104 1656 1136 Nullam

191 1168 312 1210 utique.
335 1173 441 1198 tamen
457 1165 482 1196 si
496 1164 686 1206 reperiretur
714 1163 781 1193 haec
806 1162 904 1203 potio,
919 1168 1044 1193 essetne
1071 1161 1111 1193 ad
1132 1160 1346 1192 fortitudinem
1375 1159 1530 1191 conditori
1549 1159 1656 1200 legum

159 1224 196 1262 (j
204 1222 308 1253 donea
322 1222 332 1252 ἓ
356 1226 391 1251 ut
405 1221 466 1251 tale
482 1218 558 1260 quid
574 1218 613 1249 de
629 1218 699 1258 ipsa
714 1216 818 1248 dicere
833 1216 874 1247 ad
898 1217 1031 1247 latorem
1045 1216 1124 1257 legis
1137 1225 1299 1257 possemus
1317 1226 1324 1244 :
1349 1213 1434 1256 Age,
1445 1214 1579 1256 primum
1593 1213 1657 1249 dic,

193 1278 299 1317 legum
323 1275 478 1309 conditor,
494 1273 560 1303 sive
584 1270 786 1304 Cretensibus
812 1270 877 1301 sive
903 1270 1141 1312 quibuscunque
1165 1270 1237 1300 aliis
1260 1270 1348 1310 leges
1361 1268 1542 1305 conscribis,
1554 1273 1658 1299 utrum

192 1331 291 1361 velles
305 1329 346 1360 de
361 1328 482 1360 civibus
496 1328 556 1358 tuis
571 1337 664 1367 posse
690 1325 881 1356 fortitudinis
895 1330 929 1355 et
942 1324 1077 1365 ignaviae
1107 1324 1278 1365 periculum
1293 1324 1398 1354 facere
1411 1323 1422 1354 ?
1467 1323 1543 1355 Cu.
1564 1322 1659 1354 Velle

193 1396 227 1415 se
251 1384 388 1426 profecto
404 1382 538 1424 quilibet
565 1379 779 1421 responderet.
824 1379 961 1410 Arnim.
984 1377 1112 1409 Deinde
1140 1383 1243 1409 utrum
1269 1377 1303 1408 id
1327 1383 1396 1408 tuto
1419 1387 1523 1419 neque
1543 1386 1661 1418 mag-no

194 1438 379 1469 imminente
395 1436 534 1478 periculo
552 1447 559 1464 z
585 1445 624 1465 an
649 1439 756 1465 contra
773 1433 783 1464 ?
829 1433 907 1464 C1.r.
929 1433 956 1463 T
958 1438 1012 1463 uto
1034 1433 1156 1463 scilicet
1181 1437 1276 1473 atque
1292 1441 1400 1463 secure
1415 1431 1547 1473 quilibet
1559 1431 1659 1462 confi-

196 1493 322 1523 tebitur.
366 1491 504 1522 Arium.
527 1489 616 1520 Num
633 1488 729 1530 igitur
753 1487 885 1529 potione
905 1488 963 1519 hac
989 1487 1098 1524 uteris,
1114 1487 1160 1517 ita
1175 1497 1229 1517 eos
1243 1485 1285 1517 ad
1300 1491 1430 1518 terrores
1453 1485 1661 1526 compellens.

197 1552 231 1578 et
246 1547 278 1577 in
292 1546 369 1588 ipsis
383 1543 669 1587 perturbationibus
684 1552 818 1584 arguens
832 1542 954 1572 monitu
969 1547 1024 1572 tuo
1041 1551 1077 1572 ac
1088 1541 1190 1583 jussu,
1205 1546 1240 1571 ut
1255 1540 1338 1571 cives
1354 1544 1424 1570 tuos
1436 1539 1662 1581 imperterritos

197 1601 304 1636 facias,
321 1601 400 1631 alios
415 1600 583 1635 honorans,
600 1597 677 1628 alios
693 1602 796 1627 autem
811 1595 1005 1638 vituperans,
1021 1596 1047 1626 si
1061 1595 1124 1625 tuis
1145 1595 1269 1625 monitis
1283 1604 1348 1625 non
1361 1593 1520 1635 paruerint
1535 1593 1546 1624 ?
1569 1598 1665 1635 atque

198 1666 264 1691 cos,
280 1655 334 1696 qui
361 1659 485 1685 strenue
511 1651 687 1683 exercendo
714 1661 746 1681 se
771 1650 934 1692 gesserint,
950 1650 1094 1692 impunes
1118 1650 1300 1690 relinquas:
1325 1658 1358 1679 at
1381 1658 1449 1684 eos,
1463 1647 1519 1689 qui
1543 1653 1666 1683 contra,

200 1708 317 1740 damno
334 1708 450 1739 afficias
463 1707 473 1737 ?
497 1717 538 1737 an
552 1706 640 1737 nullo
654 1705 748 1736 modo
764 1705 869 1741 uteris,
882 1704 1023 1746 quamvis
1037 1704 1116 1735 nihil
1131 1703 1259 1740 habeas,
1270 1703 1304 1733 in
1319 1713 1357 1734 eo
1373 1702 1459 1733 aliud
1473 1701 1558 1744 quod
1571 1712 1664 1734 accu-

200 1763 272 1794 ses?
318 1762 395 1794 Otr.
420 1761 485 1793 Cur
500 1771 564 1791 non
579 1766 694 1796 utatur,
709 1759 846 1801 hospes?
894 1759 1028 1789 Arnen.
1051 1757 1241 1789 Exercitatio
1263 1757 1402 1799 quidem,
1417 1766 1436 1788 o
1458 1756 1570 1792 amice,
1585 1767 1665 1798 prae-

202 1823 251 1848 ter
265 1821 430 1848 consuetas
445 1816 532 1846 mirae
548 1815 710 1846 facilitatis
736 1820 796 1850 est,
812 1824 874 1855 qua
897 1823 979 1844 unus
993 1819 1025 1843 et
1039 1812 1133 1854 pauci
1157 1818 1298 1853 possunt,
1313 1817 1346 1843 et
1360 1817 1562 1853 quotcunque
1574 1810 1665 1841 volu-

202 1872 274 1907 eris,
291 1870 440 1902 exerceri.
461 1881 498 1901 ac
514 1869 578 1900 sive
594 1869 666 1911 quis
680 1869 713 1899 in
740 1868 861 1899 deserto
885 1868 969 1899 solus
990 1868 1142 1909 pudorem
1162 1866 1284 1908 plurimi
1300 1860 1430 1902 faciem,
1443 1865 1538 1908 quod,
1556 1870 1665 1896 antea-

203 1935 296 1968 quam
313 1925 422 1956 fortior
437 1924 489 1960 sit,
504 1923 606 1954 videri
621 1923 659 1954 ab
676 1923 745 1967 aliis
758 1924 850 1959 nolit,
866 1923 913 1954 ita
931 1922 1082 1954 adversus
1102 1921 1300 1952 formidinem
1317 1930 1350 1951 se
1365 1925 1521 1957 exerceat,
1536 1919 1668 1961 potione

203 1980 262 2021 liae
278 1979 344 2009 sola
355 1989 419 2020 prae
434 1978 544 2009 multis
555 1977 648 2008 rebus
662 1977 733 2008 aliis
757 1983 940 2019 pauperata,
953 1977 1049 2019 probe
1070 1976 1189 2018 aliquid
1204 1976 1345 2017 profecto
1365 1974 1480 2006 efficiet
1495 1986 1502 2004 ι
1525 1983 1582 2005 seu
1597 1973 1669 2014 quis

204 2033 376 2068 confidens,
391 2038 502 2063 natura
517 2042 550 2062 se
566 2037 599 2062 et
619 2042 676 2062 usu
696 2031 770 2062 satis
783 2032 982 2068 instructum,
997 2041 1060 2062 non
1074 2030 1220 2061 formidet
1239 2040 1310 2061 cum
1326 2029 1432 2060 multis
1447 2027 1667 2070 computatori-

205 2088 262 2119 bus
274 2087 462 2118 exercitatus
472 2085 648 2127 potentiam
657 2095 726 2126 quae
741 2091 790 2115 est
800 2085 834 2115 in
845 2085 1023 2116 necessaria
1035 2084 1215 2115 differentia
1226 2084 1363 2125 potionis
1376 2081 1554 2117 ostendere,
1568 2091 1667 2122 usque

206 2141 287 2184 adeo
314 2141 487 2182 praevalens
505 2147 539 2170 et
559 2149 760 2180 exsuperans,
779 2145 815 2169 ut
842 2138 874 2169 in
895 2139 982 2170 nulla
1007 2149 1039 2169 re
1061 2148 1175 2179 magna
1191 2148 1247 2178 per
1271 2136 1501 2178 impudentiam
1526 2141 1619 2170 erret,
1635 2142 1670 2166 et

207 2201 333 2237 propter
348 2195 493 2225 virtutem
505 2205 522 2225 e
534 2203 590 2225 suo
597 2199 680 2229 statu
693 2203 757 2223 non
774 2198 933 2223 moveatur
945 2203 952 2229 ς
970 2202 1006 2222 ac
1017 2191 1106 2233 juxta
1121 2191 1262 2220 ultimam
1274 2190 1435 2230 potionem
1447 2194 1520 2219 ante
1532 2189 1668 2220 ebrieta-

207 2256 272 2280 tem
286 2248 439 2285 discedat,
450 2248 591 2290 apprime
600 2257 714 2279 cavens
728 2247 803 2277 meri
813 2248 847 2276 in
859 2256 967 2277 omnes
983 2245 1124 2275 homines
1139 2243 1331 2274 violentiam.
1375 2242 1451 2274 Cu.
1474 2242 1568 2275 Certe
1578 2249 1612 2274 et
1626 2243 1669 2274 is-

208 2311 251 2340 te,
262 2314 281 2335 o
291 2305 416 2345 hospes,
426 2304 471 2333 ita
483 2313 516 2334 se
528 2312 649 2344 gerens,
664 2301 840 2332 moderatus
854 2300 980 2331 evadet.
1013 2299 1151 2330 Aruns.
1175 2296 1296 2328 Rursus
1305 2297 1344 2327 ad
1356 2296 1551 2328 conditorem
1564 2297 1668 2338 legum

208 2360 254 2390 ita
276 2358 434 2389 dicamus:
463 2357 564 2399 [649]
583 2367 602 2388 o
626 2357 704 2397 legis
727 2356 879 2390 conditor,
895 2365 997 2396 neque
1026 2353 1113 2384 Deus
1141 2353 1204 2383 tale
1234 2353 1335 2383 adhuc
1361 2351 1536 2382 hominibus
1550 2351 1672 2383 timoris

210 2413 302 2446 dedit
315 2415 524 2455 pharmacum,
540 2422 642 2452 neque
670 2411 730 2452 ipsi
756 2409 1010 2450 excogitavimus.
1033 2409 1117 2449 ipsos
1142 2417 1275 2448 namque
1303 2406 1458 2437 veneficos
1479 2406 1512 2436 in
1527 2406 1672 2436 convivio

210 2477 407 2508 nequaquam
422 2466 504 2498 dico.
526 2465 704 2497 confidendi
720 2471 822 2496 autem
839 2464 930 2494 valde
945 2470 977 2494 et
998 2462 1152 2503 intrepide
1177 2468 1379 2503 praeterquam
1395 2465 1518 2502 oportet
1533 2459 1672 2491 audendi

209 2520 245 2552 in
260 2521 506 2562 quibuscunque,
521 2525 622 2551 utrum
653 2525 701 2550 est
729 2519 817 2561 potio
843 2518 998 2559 quaedam,
1015 2527 1055 2547 an
1080 2516 1193 2547 nulla?
1241 2515 1317 2547 Cu.
1338 2514 1459 2545 Vinum
1479 2523 1548 2544 esse
1574 2513 1673 2544 dicet.

212 2573 349 2605 Arnen.
372 2575 468 2605 Porro
483 2579 590 2615 contra
613 2573 646 2604 id
662 2573 747 2609 facit,
763 2583 856 2615 quam
871 2583 910 2603 ea
930 2572 1028 2614 potin,
1044 2571 1083 2602 de
1100 2581 1162 2612 qua
1176 2569 1269 2601 modo
1285 2569 1369 2600 facta
1383 2573 1432 2599 est
1446 2567 1576 2598 mentio.
1596 2576 1671 2598 nam

212 2638 282 2660 curn
296 2628 409 2659 biberit
422 2629 501 2669 quis,
516 2629 616 2669 primo
638 2628 765 2659 alacrior
780 2627 815 2657 fit
839 2637 932 2668 quam
960 2626 1046 2666 prius
1066 2630 1152 2656 erat:
1178 2623 1294 2655 deinde
1317 2631 1379 2663 quo
1404 2621 1476 2662 plus
1490 2620 1616 2655 biberit.
1630 2630 1671 2652 eo

214 2682 328 2728 majore
344 2689 375 2712 et
401 2683 527 2713 meliore
558 2693 613 2723 spe
629 2688 724 2722 atque
740 2682 867 2722 insuper
882 2681 1023 2721 potentia
1039 2690 1095 2721 pro
1119 2688 1175 2709 sua
1189 2677 1337 2719 opimone
1359 2675 1508 2716 repletur.
1529 2673 1673 2709 undem,

214 2736 303 2777 quasi
319 2737 454 2777 sapiens,
467 2746 506 2766 ea
524 2737 594 2766 hon.
598 2747 616 2766 0
645 2736 846 2771 confidentia,
863 2735 987 2765 libetrti
990 2745 1006 2764 e
1034 2733 1225 2773 audaciaque
1252 2731 1401 2772 repletur,
1415 2734 1451 2759 ut
1463 2725 1622 2768 intrepide
1638 2733 1673 2758 et

212 2790 298 2821 dicat
313 2796 346 2820 et
368 2790 473 2826 saciat,
498 2790 647 2831 quicquid
672 2791 784 2832 placet.
831 2788 906 2820 CLr.
932 2788 1073 2819 Arbitror
1097 2786 1244 2828 equidem
1268 2793 1378 2815 omnes
1402 2782 1435 2813 id
1459 2791 1673 2813 concessuros

216 2841 313 2874 Meo.
336 2843 429 2875 Certe
457 2853 575 2874 omnes.
624 2843 758 2874 Arnnx.
782 2842 995 2873 Recordemur
1019 2842 1122 2883 itaque
1147 2851 1230 2871 nunc
1257 2838 1319 2869 duo
1343 2836 1488 2879 quaedam
1504 2846 1585 2872 esse,
1601 2845 1671 2876 quae

214 2897 246 2931 in
263 2897 378 2928 uostris
390 2897 497 2928 animis
514 2897 649 2927 curanda
665 2898 805 2938 superius
833 2897 968 2927 diximus
987 2909 992 2926 :
1020 2898 1150 2927 alterum
1178 2901 1211 2925 ut
1235 2893 1367 2924 maxime
1384 2890 1575 2927 confidamus
1592 2900 1601 2926 3
1625 2889 1671 2919 al-
