1840 3225
390 592 921 653 PLATONIS
991 593 1449 655 DIALOGI

546 756 634 796 QUI
661 758 759 793 PRO
783 759 970 794 NOTIIIS
998 758 1285 794 HABENTUR.

674 967 1172 1025 AXIOCHUS,

678 1103 814 1149 SIVE,
846 1103 921 1140 DE
951 1103 1161 1143 MORTE.

768 1201 832 1241 [Ex
857 1201 920 1234 Ed.
944 1202 1072 1244 steph]

543 1309 785 1347 SOCRATES,
810 1310 1004 1348 CLINIAS,
1029 1309 1273 1342 AXIOCHUS.

172 1416 268 1461 [364]
280 1419 390 1456 Quum
403 1418 434 1449 in
451 1419 651 1461 Cynosarges
667 1419 887 1460 proficiscendi
903 1429 1152 1461 causaegressus
1160 1430 1263 1450 essem
1276 1419 1364 1455 urbe,
1377 1418 1480 1460 etjam
1496 1418 1536 1449 ad
1550 1417 1638 1449 Elis·-

169 1483 238 1503 sum
248 1473 554 1509 fluviumvenissem,
570 1474 610 1504 ad
626 1483 715 1504 meas
730 1483 820 1503 aures
832 1484 890 1504 vox
902 1474 1082 1514 percrebuit
1095 1473 1262 1515 cujusdam
1272 1483 1324 1504 me
1331 1473 1460 1503 nomine
1469 1472 1634 1514 appellan-

167 1526 208 1556 tis
221 1537 305 1558 meo.
330 1538 426 1568 quum
441 1526 526 1565 Tvero
556 1538 605 1558 me
621 1527 845 1558 convertissem
860 1532 895 1557 ut
907 1528 1184 1569 circumspicerem
1199 1526 1284 1558 unde
1299 1527 1355 1557 illa
1369 1537 1428 1557 vox
1443 1526 1634 1562 mitteretur,

167 1580 305 1611 Cliniam
346 1582 438 1613 video
468 1581 605 1612 Axiochi
633 1582 732 1611 filium
761 1581 802 1612 ad
843 1581 1024 1613 Callirhoen
1051 1592 1144 1613 cursu
1174 1580 1433 1617 contendentem,
1464 1591 1526 1610 una
1559 1590 1632 1613 cum

165 1633 313 1666 Damone
338 1636 460 1667 musico
485 1641 519 1666 et
547 1635 718 1666 Charmide
744 1634 919 1666 Glauconis
934 1636 1018 1666 filio:
1044 1646 1174 1677 quorum
1191 1636 1270 1666 alter
1281 1635 1367 1675 ipsos
1384 1633 1518 1665 docebat
1533 1633 1632 1664 musi-

165 1699 246 1725 cam,
274 1689 354 1720 alter
378 1690 553 1721 arctissima
577 1700 647 1721 cum
669 1689 724 1720 illo
750 1689 892 1720 amicitia
919 1690 1084 1730 copulatus
1109 1694 1188 1720 erat.
1231 1689 1316 1719 Mihi
1342 1699 1415 1730 ergo
1437 1698 1456 1719 a
1478 1693 1564 1718 recta
1578 1687 1631 1718 via

163 1742 398 1774 deflectendum
421 1744 541 1785 putavi,
566 1749 602 1774 ut
633 1744 680 1774 eis
713 1743 833 1774 obviarn
865 1744 1081 1784 procederem,
1110 1754 1174 1784 quo
1202 1743 1353 1774 facillime
1380 1741 1631 1774 conveniremus.

163 1794 245 1827 Tum
259 1797 384 1829 Cliniae
399 1799 638 1840 collacrymans,
654 1797 760 1834 Nunc,
777 1797 893 1839 inquit,
911 1803 1037 1840 tempus
1049 1803 1108 1834 est,
1119 1798 1273 1834 Socrates,
1288 1801 1323 1827 ut
1338 1796 1526 1838 sapientiam
1538 1796 1629 1826 illam

162 1855 262 1887 tuam,
289 1862 359 1892 quae
389 1852 532 1883 omnium
557 1852 717 1883 hominum
734 1853 930 1884 sermonibus
954 1852 1142 1888 celebratur,
1157 1862 1267 1882 revera
1281 1851 1487 1882 demonstres.
1531 1849 1630 1881 Pater

162 1905 250 1934 enim
275 1905 477 1947 deinsperato
500 1907 535 1936 in
560 1907 701 1937 morbum
715 1907 840 1943 incidit,
857 1914 890 1937 et
905 1907 946 1937 ad
960 1907 1033 1937 vitae
1046 1906 1140 1937 finem
1156 1906 1309 1937 accedere
1324 1904 1462 1940 videtur,
1477 1909 1626 1935 mortem-

161 1968 221 1999 que
236 1958 316 1990 adeo
330 1960 499 2002 periniquo
515 1960 576 1991 fert
603 1961 709 1991 animo
724 1972 732 1991 t
757 1961 833 1991 licet
848 1966 1001 1991 anteactae
1014 1961 1089 1991 vitae
1105 1970 1171 1991 suae
1187 1965 1329 2001 tempore
1344 1969 1397 1990 eos
1413 1958 1558 1989 irrideret
1571 1957 1628 2000 qui

159 2018 291 2043 mortem
316 2014 519 2046 formidolosa
534 2015 668 2056 quadam
686 2015 793 2056 specie
809 2014 871 2045 sibi
889 2019 1149 2056 repraesentantes
1163 2013 1379 2049 reformidant,
1394 2018 1426 2043 et
1441 2013 1574 2043 comiter
1587 2012 1629 2042 iis

158 2066 252 2096 etiam
278 2068 516 2101 convitiaretur.
561 2068 614 2099 Ad
639 2079 711 2099 eum
737 2068 833 2109 igitur
860 2069 976 2100 accede
993 2070 1134 2105 obsecro,
1150 2073 1185 2099 ut
1198 2073 1253 2098 tuo
1267 2068 1324 2098 illo
1338 2077 1424 2097 more
1438 2076 1512 2097 eum
1522 2065 1627 2096 verbis

159 2124 336 2151 sustentes:
361 2133 424 2162 quo
450 2132 540 2163 aequo
567 2123 673 2153 animo
699 2122 856 2153 concedat
879 2123 967 2153 fato:
993 2132 1052 2163 ego
1078 2132 1152 2153 vero
1176 2121 1218 2152 ad
1243 2126 1358 2152 caetera
1382 2130 1454 2150 mea
1473 2120 1507 2150 in
1531 2119 1625 2150 illum

155 2173 287 2213 pietatis
313 2175 415 2206 officia
440 2177 499 2206 hoc
525 2176 672 2206 ultimum
699 2175 883 2216 adjunxero,
929 2177 1031 2217 Atqui
1056 2176 1149 2212 nihil,
1172 2176 1312 2217 inquam,
1337 2174 1392 2205 tibi
1408 2184 1489 2210 sum,
1507 2173 1624 2210 Clinia,

156 2237 263 2258 eorum
279 2238 349 2269 quae
364 2230 398 2260 in
416 2240 484 2260 mea
499 2230 616 2260 fuerint
628 2234 784 2271 potestate
801 2230 951 2270 equidem
966 2230 1189 2271 denegaturus,
1205 2229 1379 2271 praesertim
1395 2238 1446 2258 me
1463 2227 1503 2258 ad
1519 2227 1573 2269 pia
1589 2232 1624 2258 et

157 2286 268 2312 sancta
293 2283 397 2314 officia
421 2284 609 2315 cohortanti.
631 2284 819 2315 festinemus
842 2283 948 2325 igitur.
971 2284 999 2314 si
1027 2283 1110 2314 enirn
1138 2284 1184 2313 ita
1208 2293 1240 2314 se
1264 2292 1314 2313 res
1336 2282 1442 2318 habet,
1459 2282 1622 2313 celeritate

155 2345 236 2376 opus
264 2341 324 2367 est.
368 2337 451 2368 Tum
480 2338 616 2375 Clinias,
653 2338 717 2369 Ubi
745 2339 841 2369 modo
872 2343 903 2368 te
933 2336 1059 2374 viderit,
1093 2337 1249 2373 Socrates,
1282 2336 1359 2367 mihi
1389 2335 1424 2366 fit
1454 2335 1623 2367 verisimile

154 2389 294 2420 futurum
311 2395 346 2422 ut
361 2391 511 2422 continuo
527 2402 545 2422 a
556 2392 665 2424 morbo
677 2392 810 2424 levetur.
834 2394 1050 2433 saepenumero
1063 2391 1147 2422 enim
1158 2391 1222 2433 jam
1241 2390 1270 2421 ei
1287 2390 1393 2421 evenit
1405 2395 1441 2421 ut
1453 2400 1494 2421 ex
1504 2390 1624 2432 gravis·

153 2443 241 2474 simis
265 2445 383 2475 morbis
404 2446 446 2476 sit
468 2451 638 2478 recreatus.
685 2446 758 2483 Quo
782 2451 890 2477 autem
917 2445 1052 2476 celerius
1077 2446 1116 2476 ad
1138 2445 1320 2476 Axiochum
1334 2445 1525 2481 veniremus,
1540 2445 1621 2475 viam

151 2496 241 2527 illam
254 2508 323 2538 quae
340 2499 422 2530 circa
439 2510 540 2530 muros
557 2505 619 2542 est,
634 2500 838 2541 ingredimur.
854 2500 1033 2542 (habitabat
1044 2500 1129 2530 enim
1144 2509 1242 2540 prope
1255 2498 1353 2541 [365]
1365 2503 1499 2539 portam,
1515 2499 1556 2530 ad
1566 2509 1621 2530 co-

153 2549 293 2581 lumnam
310 2551 577 2595 Amazonianam)
593 2565 684 2596 porro
700 2565 773 2585 eum
788 2555 932 2586 collectis
952 2554 1018 2595 jam
1034 2554 1153 2584 viribus
1169 2553 1334 2584 firmiorem
1350 2552 1618 2595 valentioremque

150 2614 279 2645 corpore
307 2606 506 2644 offendimus,
537 2608 594 2638 sed
621 2608 726 2639 animo
742 2619 836 2649 aegro,
852 2613 886 2639 et
900 2609 955 2649 qui
972 2607 1184 2639 consolatione
1199 2607 1338 2638 maxime
1352 2606 1523 2648 indigeret.
1547 2617 1616 2638 sese

148 2658 236 2688 enim
257 2660 390 2691 subinde
410 2662 494 2693 ultro
516 2662 656 2704 citroque
681 2662 837 2698 versabat,
862 2667 895 2693 et
919 2663 1071 2704 lacrymas
1083 2662 1184 2692 multo
1199 2672 1269 2692 cum
1285 2661 1404 2703 gemitu
1418 2666 1452 2692 et
1465 2671 1614 2692 manuum

142 2711 319 2752 jactatione
346 2720 380 2745 et
405 2716 528 2757 crepitu
557 2716 682 2748 edebat.
727 2716 833 2753 Quem
866 2721 900 2747 ut
937 2715 1016 2752 vidi,
1047 2716 1171 2757 Ecquid
1201 2714 1365 2757 (inquam)
1394 2715 1454 2746 hoc
1482 2714 1525 2746 rei
1555 2721 1615 2750 est,

150 2765 295 2799 Axioche
307 2768 319 2798 ἓ
365 2769 429 2800 Ubi
442 2770 535 2801 nobis
550 2770 606 2801 illa
620 2771 744 2812 pridem
755 2770 924 2812 magnifica
933 2770 1040 2806 verba,
1053 2777 1279 2812 perpetuaeque
1291 2769 1442 2800 virtutum
1453 2778 1614 2799 commen-

148 2819 303 2859 dationes,
319 2828 352 2854 et
366 2823 532 2854 infractum
547 2824 627 2854 illud
644 2825 741 2857 animi
758 2825 805 2856 tui
820 2825 913 2856 robur
929 2825 940 2854 ?
963 2825 1047 2856 sicut
1069 2824 1154 2855 enim
1169 2823 1303 2865 ignavus
1317 2822 1447 2858 athleta,
1464 2832 1561 2862 quum
1576 2822 1609 2852 in

144 2875 313 2907 certamine
328 2881 488 2908 strenuum
506 2883 535 2909 te
552 2878 744 2913 exhibueris.
762 2880 888 2910 tandem
905 2878 945 2910 ad
959 2884 1077 2910 metam
1093 2878 1261 2915 accedens,
1276 2882 1308 2908 et
1322 2877 1462 2908 laborum
1477 2875 1611 2917 praemin

138 2926 265 2969 jamjam
286 2936 507 2974 reportaturus,
533 2933 636 2964 animo
661 2933 812 2966 concidis.
860 2933 1032 2965 Naturaene
1049 2934 1192 2964 humanae
1208 2936 1324 2962 sortem
1339 2930 1466 2962 minime
1478 2930 1609 2962 circum.-
