1840 3225
205 269 285 307 482
738 268 999 311 EPISTOLA
1028 269 1121 311 vn.
1571 272 1663 325 [331

197 370 306 402 omnia
325 371 452 413 pertuli,
474 371 507 404 in
530 373 642 404 eadem
674 375 834 405 sententia
861 385 1075 416 perseverans,
1101 386 1164 417 qua
1189 375 1228 406 ab
1257 375 1348 407 initio
1379 374 1541 417 profectus
1563 385 1669 406 eram:

197 429 336 462 tentam,
351 425 375 456 si
392 436 454 468 quo
469 432 564 469 pacto
581 427 648 458 fieri
663 434 784 469 posset,
802 435 835 458 ut
849 429 882 460 in
898 429 1108 470 cupiditatem
1133 431 1204 460 vitae
1229 429 1456 471 philosophicae
1480 429 1674 471 perveniret.

195 484 228 509 at
243 479 297 510 ille
314 486 427 512 contra
444 481 549 513 nitens
564 493 614 513 me
631 482 717 514 vicit.
742 487 774 512 et
789 484 920 524 primurn
938 485 1068 525 quidem
1082 490 1207 526 ternpus
1221 495 1300 516 meae
1315 483 1522 526 profectionis
1533 483 1568 514 iu
1592 483 1673 514 Sici-

194 534 272 564 liam
301 535 524 578 actionumque
555 537 622 567 illic
652 546 804 573 mearum,
833 548 890 578 per
915 539 982 569 haec
1013 539 1120 569 omnia
1141 538 1322 569 traductum
1350 544 1411 569 est.
1433 537 1566 579 posteris
1594 547 1671 568 vero

196 589 390 629 temporibus
417 590 448 620 in
477 590 617 621 Siciliam
648 591 758 621 iterum
790 601 857 621 sum
885 602 1038 628 reversus,
1073 603 1136 633 quo
1167 603 1217 623 me
1247 593 1332 623 omni
1362 591 1469 622 studio
1497 590 1673 633 Dionysius

191 643 370 674 revocabat.
392 655 485 685 quam
513 656 584 675 vero
600 646 640 676 ob
667 656 792 676 causam
820 656 924 676 rursus
952 647 1152 683 accesserim,
1179 647 1295 688 quidve
1324 647 1389 678 illic
1412 646 1542 687 egerim,
1564 655 1668 686 neque

190 695 225 725 id
242 697 372 737 quidem
388 698 506 739 absque
521 699 657 739 ratione,
671 704 748 730 tunc
769 699 895 730 demum
913 700 1000 730 vobis
1018 701 1160 733 reseram.
1178 712 1247 730 curn
1266 701 1366 736 vobis,
1383 700 1461 740 quid
1470 699 1670 740 potissimum

189 750 284 781 rebus
299 751 344 782 sic
360 763 393 782 se
408 753 596 784 habentibus
612 753 772 794 agendum
787 753 837 789 sit,
851 755 1051 783 consuluero.
1078 753 1223 788 referam,
1250 753 1390 794 inquam,
1418 763 1527 783 eorum
1557 753 1668 794 gratia,

190 805 246 845 qui
261 805 467 847 interrogant,
483 816 621 846 quonam
637 807 770 837 consilio
788 807 930 837 secundo
953 806 1114 838 redierim.
1138 808 1193 837 sed
1209 818 1263 842 ne,
1288 817 1358 848 quae
1383 807 1558 838 accessoria
1583 814 1669 844 sunt,

190 860 360 901 praecipuis
375 865 620 901 anteponantur,
636 859 676 890 ad
690 861 857 890 consilium
873 859 938 901 jarn
953 860 1099 891 devenio.
1122 871 1192 892 reor
1207 861 1359 902 equidem
1373 861 1536 892 hominem
1551 870 1668 892 consu-

188 913 308 944 lentem
325 919 443 955 aegroto
459 920 491 945 et
505 915 589 945 circa
603 909 723 945 victum
738 915 946 955 intemperato
962 915 1104 956 inprimis
1121 916 1179 946 hoc
1201 916 1332 946 suadere
1344 915 1474 952 debere,
1490 920 1525 945 ut
1538 915 1668 946 modum

188 967 318 998 vivendi
335 973 450 999 mutet:
476 978 512 999 ac
533 969 558 999 si
576 976 709 1009 aegrotus
721 969 754 998 in
771 969 830 999 hoc
851 969 989 1005 obediat,
1007 974 1083 999 tunc
1104 968 1165 999 alia
1176 968 1245 1010 jam
1269 969 1319 1000 illi
1345 970 1386 999 ad
1409 969 1566 1000 medelam
1592 979 1668 1000 con-

190 1021 293 1052 ferre:
318 1027 351 1053 at
364 1022 390 1052 si
404 1032 516 1063 parere
532 1023 626 1059 nolit,
641 1028 718 1053 tunc
737 1023 957 1053 consulentem
983 1023 1089 1064 ipsum
1110 1023 1212 1054 virum
1237 1023 1355 1064 putabo
1383 1027 1416 1054 et
1441 1023 1615 1059 medicum,
1643 1023 1670 1053 si

188 1086 263 1107 eum
279 1076 431 1107 omiserit.
453 1078 536 1117 qnod
554 1076 577 1107 si
590 1076 786 1107 consulendo
801 1077 933 1107 ulterius
949 1078 1206 1118 perseveraverit,
1234 1086 1343 1109 contra
1369 1077 1498 1118 putabo,
1514 1077 1667 1118 ignavum

187 1130 314 1161 scilicet
326 1135 421 1172 atque
436 1131 511 1161 artis
526 1136 699 1173 expertem.
722 1130 808 1162 idem
833 1142 957 1172 quoque
984 1132 1024 1162 de
1047 1132 1187 1168 civitate,
1215 1132 1282 1162 sive
1311 1142 1393 1162 unus
1418 1142 1486 1163 eam
1512 1131 1670 1173 gubernet

186 1184 251 1214 sive
277 1185 394 1225 plures,
420 1185 576 1216 existimo.
599 1186 624 1216 si
648 1185 733 1216 enim
759 1185 914 1227 probabili
940 1185 1076 1227 quadam
1098 1186 1219 1217 ratione
1247 1191 1399 1227 rectaque
1424 1186 1476 1217 via
1503 1186 1671 1217 incedenti

184 1239 304 1279 populo
325 1239 402 1270 utile
429 1239 551 1280 aliquid
575 1240 772 1276 consulatur,
790 1240 822 1270 id
849 1240 981 1281 quidem
996 1251 1089 1281 agere
1112 1241 1268 1282 sapientis
1283 1240 1421 1272 officium
1450 1240 1592 1271 arbitror.
1615 1240 1667 1272 sin

185 1297 292 1323 autem
307 1293 436 1333 penitus
449 1304 467 1324 a
482 1294 567 1324 civili
587 1294 710 1325 ratione
735 1294 925 1330 desciscant,
940 1305 1046 1336 neque
1057 1295 1192 1336 vestigia
1202 1295 1332 1336 quidem
1358 1295 1427 1337 ejus
1448 1295 1665 1336 sequivelint,

183 1338 354 1388 dicantque
371 1349 543 1379 consultori
562 1354 723 1390 praestare,
750 1349 848 1390 [331]
873 1354 908 1379 ut
936 1350 1168 1390 rempublicam
1192 1349 1328 1386 omittat,
1358 1359 1462 1390 neque
1490 1349 1664 1391 quicquam

182 1401 215 1431 in
242 1412 280 1432 ea
302 1408 512 1441 commoveat,
541 1408 664 1444 utpote,
682 1403 707 1434 si
723 1404 943 1439 commoverit,
960 1403 1115 1445 peritur0;
1146 1404 1364 1445 voluptatibus
1390 1408 1497 1434 autem
1521 1402 1663 1433 libidini-

181 1455 302 1497 busque
317 1457 458 1498 ipsorum
475 1456 652 1498 indulgeat,
671 1463 765 1499 atque
781 1467 820 1488 ea
833 1458 955 1488 ratione
971 1458 1124 1493 consulat,
1141 1468 1204 1499 qua
1226 1457 1375 1488 facillime
1403 1467 1528 1498 semper
1553 1456 1665 1488 celeri·

180 1515 292 1552 terque
308 1511 385 1542 satis
400 1522 507 1542 eorum
522 1512 740 1552 voluptatibus
754 1512 808 1542 fiat
823 1524 830 1542 ε
856 1512 1007 1553 equidem
1022 1523 1104 1548 eum,
1124 1512 1178 1553 qui
1192 1512 1225 1542 in
1249 1511 1406 1554 ejusmodi
1432 1511 1663 1552 gubernatione

179 1566 365 1606 perstiterit,
386 1576 585 1607 nequaquam
605 1566 706 1597 virum
722 1567 861 1607 putabffi
886 1566 942 1596 scd
973 1577 1046 1597 eum
1077 1566 1191 1606 potius,
1222 1565 1278 1607 qui
1302 1576 1424 1606 prorsus
1453 1565 1605 1596 omiserit.
1627 1565 1661 1597 in

180 1619 239 1650 hac
265 1630 340 1660 ergo
367 1620 526 1650 sententia
539 1621 740 1657 constitutus,
757 1621 904 1662 quotiens
921 1621 1039 1662 aliquis
1056 1631 1103 1651 me
1121 1621 1162 1650 de
1178 1620 1272 1651 rebus
1293 1619 1490 1661 gravioribus
1511 1619 1664 1661 consulit,

179 1673 246 1704 sive
273 1675 312 1704 ad
339 1674 467 1705 divitias
483 1675 548 1706 sive
565 1674 605 1705 ad
620 1675 762 1716 corporis
780 1676 831 1706 vel
861 1675 959 1706 animi
976 1675 1194 1716 purgationem
1222 1675 1414 1716 pertineant,
1431 1674 1454 1704 si
1478 1673 1664 1715 quotidiana

178 1727 268 1758 illius
284 1728 350 1758 vita
366 1728 490 1759 modum
521 1729 663 1770 aliquem
693 1740 817 1760 servare
847 1740 942 1770 posse
970 1729 1127 1766 videatur,
1157 1730 1205 1759 vel
1237 1729 1352 1759 saltem
1377 1727 1559 1759 consulenti
1586 1727 1663 1759 mihi

176 1781 323 1813 videatur
338 1783 623 1825 obtemperaturus,
637 1784 775 1814 libenter
788 1785 930 1820 consulo,
948 1794 1052 1825 neque
1076 1784 1165 1825 prius
1192 1783 1303 1814 desino
1329 1792 1425 1824 quam
1449 1781 1575 1813 initium
1600 1791 1660 1824 pro
1694 1796 1697 1799 ·

177 1836 297 1867 viribus
313 1837 354 1883 ad
367 1838 460 1868 finern
475 1849 574 1880 usque
590 1838 802 1880 perduxerim.
827 1839 854 1869 si
868 1843 972 1869 autem
989 1844 1045 1868 aut
1060 1838 1188 1868 omnino
1198 1848 1262 1868 non
1280 1842 1367 1878 petat
1381 1847 1399 1867 a
1412 1847 1461 1867 me
1477 1835 1658 1872 consilium,

178 1896 244 1927 aut,
259 1890 311 1932 qui
328 1892 420 1932 petit,
437 1892 605 1922 manifeste
620 1898 776 1933 appareat
806 1893 987 1923 consulenti
1015 1892 1096 1922 mihi
1117 1892 1208 1922 nullo
1234 1890 1330 1922 modo
1357 1891 1632 1932 obtemperaturus
1649 1901 1656 1920 ε

175 1945 259 1974 ultro
277 1945 406 1985 quidem
420 1955 485 1976 non
501 1946 620 1977 accedo
649 1947 691 1977 ad
718 1946 981 1977 consultandum:
1008 1955 1065 1987 per
1092 1947 1159 1977 vim
1190 1956 1274 1981 vero,
1299 1955 1340 1975 ne
1364 1945 1391 1975 si
1413 1954 1504 1975 meus
1526 1943 1656 1985 quidem

175 1997 217 2028 sit
240 1998 332 2029 filius.
356 2009 444 2030 servo
457 2005 563 2030 tamen
590 2002 686 2030 etiam
707 2001 809 2031 invito
835 2001 1044 2036 consulerem,
1071 2010 1108 2032 ac
1135 2000 1166 2030 vi
1190 1999 1329 2030 adhibita
1354 1999 1593 2040 compellerem.
1621 2003 1655 2029 at

174 2056 300 2092 patrem
329 2053 380 2082 vel
401 2058 530 2084 matrem
556 2064 613 2094 per
639 2054 700 2084 vim
733 2065 846 2095 cogere
875 2055 964 2085 nefas
995 2065 1064 2085 esse
1095 2054 1236 2090 arbitror,
1267 2054 1328 2084 nisi
1353 2058 1483 2094 propter
1509 2052 1656 2083 morbum

174 2110 281 2137 niente
299 2106 463 2137 alienatos.
487 2109 571 2148 quod
589 2108 615 2138 si
632 2118 689 2138 suo
705 2109 842 2149 quodam
859 2119 942 2139 more
960 2109 1077 2145 vivant,
1101 2109 1155 2150 qui
1180 2109 1258 2139 mihi
1283 2117 1483 2149 nequaquam
1500 2107 1657 2148 probetur,

176 2169 281 2199 neque
297 2160 440 2190 infensus
453 2160 636 2192 adversarer
652 2162 765 2192 frustra
784 2163 951 2198 monendo,
968 2173 1071 2204 neque
1087 2173 1192 2193 rursus
1206 2161 1401 2193 blandiendo
1427 2171 1536 2192 eorum
1565 2161 1656 2202 cupi-

175 2213 327 2245 ditatibus
343 2221 530 2251 assentarer,
555 2225 593 2246 ea
619 2217 794 2257 porrigens,
821 2218 936 2257 quibus
962 2227 1021 2257 ego
1044 2218 1069 2247 si
1097 2217 1309 2257 indulgerem,
1333 2215 1440 2246 vivere
1461 2215 1571 2245 nolim.
1594 2215 1655 2246 hac

174 2268 287 2299 eadem
306 2274 410 2299 mente
427 2270 512 2300 clrca
527 2270 660 2311 patriam
677 2271 724 2300 vir
742 2269 882 2311 prudens
908 2281 976 2301 esse
1009 2270 1116 2306 debet,
1143 2277 1179 2301 ut
1206 2270 1251 2300 ita
1278 2268 1488 2310 reprehendat
1514 2268 1654 2299 civitatis

172 2333 303 2360 errores,
320 2324 345 2353 si
361 2334 463 2365 neque
479 2324 593 2354 frustra
608 2324 648 2355 sit
664 2326 906 2366 reprehensurus
922 2335 1026 2366 neque
1053 2325 1093 2355 ob
1117 2324 1375 2365 reprehensiones
1400 2322 1541 2353 studium
1566 2322 1651 2363 peri·

173 2384 272 2408 turus.
307 2378 371 2408 vim
396 2384 502 2408 autem
527 2379 638 2420 patriae
669 2390 726 2420 per
748 2380 930 2421 reipublica>
957 2379 1163 2410 mutationem
1191 2379 1301 2409 atl'cret
1325 2386 1498 2418 nunquam,
1523 2375 1651 2418 quando

171 2431 291 2472 absque
308 2433 491 2473 expulsione
508 2438 540 2463 et
553 2432 639 2464 caede
657 2434 769 2464 civium
788 2433 951 2464 emendari
966 2444 1028 2464 non
1044 2433 1163 2475 possit:
1190 2432 1247 2463 sed
1262 2432 1400 2473 quietem
1414 2430 1499 2472 aget,
1513 2436 1652 2471 votoque

170 2486 352 2525 precabitur
372 2487 491 2527 optima
519 2491 551 2518 et
572 2487 631 2518 sibi
653 2493 686 2518 et
703 2488 823 2529 patriae.
847 2489 904 2519 hoc
930 2489 1026 2529 igitur
1043 2494 1135 2529 pacto
1151 2498 1210 2528 ego
1227 2486 1314 2518 vobis
1338 2485 1547 2516 consulerem.
1570 2494 1647 2515 con-

171 2540 314 2571 sulebam
331 2541 478 2572 similiter
503 2541 745 2583 Dionysio,una
773 2553 841 2574 cum
862 2543 968 2573 Dione
989 2553 1027 2574 ea
1050 2543 1200 2573 vilelicet
1222 2542 1342 2572 ratione
1359 2539 1503 2581 quotidie
1529 2538 1649 2575 vivere,

171 2603 235 2634 qua
250 2595 297 2625 sui
314 2595 413 2635 ipsius
429 2605 559 2636 compos
574 2596 708 2626 maxime
726 2597 920 2632 redderetur,
938 2598 1115 2638 amicosque
1136 2603 1169 2627 et
1194 2595 1364 2626 familiares
1391 2592 1471 2624 fidos
1494 2591 1644 2622 haberet:

169 2657 210 2678 ne
236 2648 324 2678 idem
349 2649 419 2685 sibi,
443 2648 529 2689 quod
556 2656 589 2680 et
619 2650 709 2691 patri,
738 2650 907 2681 accideret.
931 2651 997 2692 qui,
1022 2662 1093 2681 cum
1117 2652 1231 2681 multas
1256 2649 1289 2680 in
1317 2647 1426 2679 Sicilia
1451 2656 1645 2688 magnasque

170 2702 260 2732 urbes
275 2703 465 2742 suscepisset
479 2703 636 2744 quondam
655 2715 671 2734 a
691 2704 826 2735 barbaris
842 2706 1035 2746 devastatas,
1049 2716 1164 2746 easque
1181 2703 1382 2737 restituisset,
1406 2710 1471 2732 non
1496 2700 1600 2742 potuit
1610 2700 1645 2731 in

169 2755 302 2795 singulis
318 2755 442 2785 illarum
461 2757 684 2796 gubernatores
700 2758 998 2798 rerumpublicarum
1017 2761 1207 2790 constituere
1226 2758 1314 2792 lidos,
1332 2766 1436 2797 neque
1459 2765 1496 2785 ex
1519 2753 1645 2785 domes-

166 2808 241 2839 ticis
271 2809 334 2839 suis
351 2819 454 2850 neque
481 2820 519 2839 ex
537 2811 608 2841 aliis
633 2811 842 2852 undecunque
870 2814 1070 2854 comparatis,
1096 2813 1193 2855 [332]
1219 2820 1321 2851 mque
1341 2820 1378 2840 ex
1408 2808 1558 2839 fratribus
1580 2807 1646 2839 suis

167 2862 355 2904 junioribus,
373 2873 450 2904 quos
472 2863 540 2904 ipse
565 2865 776 2896 educaverat:
803 2867 859 2896 sed
881 2873 946 2897 tum
974 2878 1011 2897 ex
1029 2867 1159 2907 prii-atis
1186 2864 1363 2896 homiuibus
1387 2861 1551 2903 pra-sides,
1578 2867 1644 2892 tum

168 2927 208 2947 cx
222 2917 413 2958 pauperibus
425 2916 596 2948 admodum
622 2919 735 2950 divites
757 2920 844 2950 fecit.
868 2921 976 2951 horum
1006 2927 1110 2951 tamen
1138 2920 1260 2951 nullum
1289 2916 1387 2947 fidum
1402 2915 1462 2946 sibi
1479 2916 1637 2957 guberna-

166 2970 266 3002 tionis
281 2971 400 3002 socium
415 2972 519 3012 potuit
534 2973 695 3007 adhibere,
713 2975 762 3004 vel
779 2973 954 3007 suadendo.
971 2975 1038 3005 sive
1053 2974 1210 3008 docendo,
1225 2972 1292 3003 sive
1315 2970 1490 3012 largiendo,
1517 2970 1582 3000 sive
1606 2969 1640 3000 in

162 3025 436 3058 necessitudinem
451 3026 632 3068 recipiendo
649 3040 654 3057 ;
681 3029 796 3070 septies
813 3028 948 3061 deterior
963 3030 1071 3062 Datin.
1089 3029 1142 3070 qui
1165 3038 1268 3069 neque
1294 3025 1441 3059 fratribus
1462 3023 1639 3061 confidens,
