1840 3225
224 201 297 238 192
812 197 1075 236 PLATONIS
1572 201 1670 252 [535

215 307 318 345 potest
332 301 459 334 reddere
475 301 638 338 rationem,
662 304 790 332 eatenus
806 300 1043 342 intelligentiam
1059 300 1140 332 circa
1156 301 1215 332 hoc
1234 301 1347 333 habere
1362 303 1512 343 negabis?
1556 303 1674 336 Grau.

217 358 310 390 Certe
336 369 399 389 non
415 357 504 388 aliter
527 361 574 387 est
599 355 779 386 dicendum.
824 355 880 386 So.
904 355 957 386 De
983 356 1066 386 bono
1091 356 1185 386 etiam
1211 356 1350 387 similiter
1360 356 1579 398 judicandum.
1602 369 1673 390 nam

219 412 400 454 quicunque
416 411 490 442 boni
512 411 614 442 ideam
638 409 756 441 ratione
781 409 911 440 definire
934 420 997 440 non
1025 414 1138 451 potest,
1161 420 1179 440 a
1194 410 1304 441 ceteris
1325 411 1469 443 omnibus
1482 422 1550 443 earn
1565 411 1676 443 distin·

222 477 332 507 guens,
356 472 388 496 et
404 471 550 506 tanquam
577 464 609 496 in
635 463 756 505 proelio,
785 474 840 505 per
864 464 968 494 omnia
986 464 1190 505 penetrando,
1214 469 1316 494 cetera
1331 470 1444 496 cuncta
1458 465 1596 507 rejicere,
1612 476 1676 496 non

218 520 390 552 secundum
406 519 598 560 opinionem,
614 519 668 549 sed
695 519 865 549 secundum
889 518 1091 548 substantiam
1115 528 1246 559 arguens
1273 523 1305 548 et
1320 518 1463 550 refellens
1478 529 1594 561 perque
1610 520 1677 551 haec

221 574 325 604 omnia
351 573 454 605 stabili
470 579 502 604 et
517 573 700 604 inconcussa
715 571 858 613 progredi
883 570 1024 602 ratione:
1050 572 1133 603 hunc
1147 577 1181 602 tu
1206 571 1250 602 ita
1272 572 1418 603 affectum
1435 583 1537 614 neque
1561 573 1676 604 bonurn

220 626 321 668 ipsum
337 628 423 659 dices
439 636 626 669 cognoscere
642 636 744 667 neque
767 625 852 656 aliud
876 625 1043 667 quicquam
1066 625 1194 661 bonurn,
1211 636 1315 656 verum
1337 626 1361 656 si
1377 627 1461 667 quod
1478 626 1556 658 forte
1570 626 1679 658 simul-

219 692 324 712 acrum
349 681 498 723 attigerit,
512 681 662 722 opinione
686 679 789 721 potius
813 689 906 721 quam
933 679 1063 710 scientia
1084 679 1161 710 illud
1185 679 1351 721 attingere,
1374 685 1469 722 atque
1483 681 1542 711 bac
1566 680 1599 711 in
1614 680 1680 711 vita

221 734 381 766 insomniis
395 735 613 766 dormitantem
629 733 730 770 illudi,
746 738 778 764 et
791 738 959 775 antequam
982 733 1224 774 expergiscatur,
1249 734 1288 764 ad
1306 734 1419 765 inferos
1434 734 1677 766 descendentem

219 794 356 820 extremo
373 790 496 820 tandem
513 788 658 829 occupari
681 798 803 829 sopore.
848 787 963 819 Grau.
987 788 1047 819 Per
1068 787 1192 824 Jovem,
1208 788 1312 818 omnia
1328 788 1394 819 haec
1411 798 1532 829 prorsus
1557 798 1679 819 asseve-

217 844 305 875 rabo.
349 844 406 875 So.
430 842 575 873 Ceterum
604 852 715 883 pueros
731 847 812 878 tuos,
837 852 916 883 quos
941 852 1026 873 nunc
1050 841 1190 872 oratione
1215 842 1354 878 instruis,
1379 841 1546 883 siquando
1562 852 1594 873 re
1609 842 1678 883 ipsa

220 898 369 938 erudires,
393 902 428 927 ut
453 897 592 933 arbitror,
618 906 680 926 non
706 895 897 937 permitteres
923 896 1122 927 maximarum
1149 906 1248 926 rerum
1276 896 1307 925 in
1333 895 1461 927 civitate
1489 900 1678 936 potestatem

219 951 344 989 habere,
360 952 433 982 dum
451 951 599 981 linearum
617 950 711 980 instar
727 960 789 979 non
805 955 932 990 possent
946 949 1098 990 cujusque
1113 949 1241 980 reddere
1257 949 1419 980 rationem.
1465 948 1580 981 Graiu.
1602 949 1678 981 Non

219 1010 313 1036 certe.
356 1005 410 1037 So.
435 1004 550 1046 Legem
565 1004 672 1044 itaque
687 1003 777 1040 feres,
792 1013 854 1044 qua
865 1003 1036 1043 jubeantur
1051 1014 1118 1032 eam
1135 1002 1328 1043 potissimum
1352 1002 1551 1044 disciplinam
1570 1013 1681 1044 capes-

219 1069 297 1094 sere,
314 1070 350 1090 ex
367 1069 428 1100 qua
443 1059 483 1088 ad
508 1057 758 1098 interrogandum
775 1061 807 1087 et
826 1056 1090 1096 respondendum,
1107 1061 1142 1085 ut
1155 1056 1304 1086 scientem
1320 1057 1423 1096 decet,
1438 1055 1589 1097 aptissimi
1606 1056 1680 1088 sint.

220 1112 334 1143 GLAU.
357 1113 476 1143 Tecum
492 1121 554 1142 una
569 1111 651 1141 istud
676 1109 868 1150 praecipiam.
912 1109 965 1141 So.
989 1109 1042 1140 An
1059 1120 1131 1151 ergo
1157 1109 1280 1140 videtur
1295 1109 1350 1140 tibi
1374 1110 1523 1141 doctrinis
1536 1110 1680 1141 omnibus

220 1166 385 1197 dialectica
402 1166 487 1197 velut
502 1175 580 1206 apex
597 1175 662 1195 esse
677 1163 863 1205 praeposita:
887 1173 946 1194 nec
962 1163 1026 1194 ulla
1040 1163 1182 1194 doctrina
1198 1163 1326 1194 ulterius
1341 1174 1378 1194 ac
1393 1163 1578 1194 eminentior
1592 1173 1681 1205 repe-

218 1220 292 1259 riri3
317 1220 371 1251 sed
396 1219 446 1250 hic
467 1219 535 1260 jam
562 1217 770 1249 doctrinarum
801 1217 938 1248 omniurn
965 1228 1031 1248 esse
1058 1217 1146 1248 finis?
1176 1216 1274 1259 [535]
1300 1216 1426 1254 Guu„
1439 1217 1523 1248 Mihi
1552 1217 1681 1259 quidem

219 1273 352 1305 videtur.
396 1273 452 1305 So.
476 1272 590 1303 Restat
601 1281 674 1312 ergo
686 1271 836 1312 deinceps
852 1271 1066 1312 aperiendum,
1080 1271 1193 1312 quibus
1204 1271 1427 1301 distribuendae
1439 1272 1496 1302 hac
1506 1271 1680 1312 disciplinae

219 1327 294 1363 sint,
310 1332 342 1357 et
357 1327 527 1368 quomodo.
561 1325 636 1357 GLA
644 1336 676 1356 u.
700 1325 871 1357 Videlicet.
906 1325 962 1356 So.
986 1325 1186 1365 Recordaris,
1201 1325 1232 1354 in
1249 1325 1346 1366 prima
1362 1325 1415 1355 illa
1430 1325 1559 1366 optione
1570 1325 1678 1367 quales

218 1381 424 1422 delegerimus
439 1379 624 1421 principes?
670 1379 785 1410 GLAU.
809 1378 933 1415 Quidni
958 1378 1123 1410 recorder?
1169 1379 1226 1409 So.
1250 1378 1364 1415 Quoad
1393 1378 1453 1409 alia
1477 1379 1604 1420 quidem
1621 1389 1678 1410 na·

221 1439 305 1465 turas
320 1434 386 1464 illas
401 1434 562 1475 eligendas
588 1432 775 1464 existimato.
799 1443 870 1462 nam
895 1437 927 1463 et
942 1428 1137 1473 gravissimos
1161 1431 1302 1462 homines
1327 1437 1360 1462 et
1386 1432 1564 1463 fortissimos
1588 1433 1682 1464 decet

221 1487 346 1528 eligere,
362 1492 404 1522 et,
429 1488 533 1529 quoad
551 1486 615 1517 fieri
634 1491 748 1527 potest,
764 1485 1018 1526 speciosissimos
1034 1496 1136 1527 neque
1163 1485 1262 1516 solum
1280 1486 1438 1527 quaerendi
1455 1491 1527 1517 sunt
1541 1487 1683 1518 homines

220 1542 360 1584 generosi
375 1547 469 1584 atque
487 1541 636 1572 terribiles
650 1552 658 1572 ι
674 1541 727 1572 sed
744 1541 798 1581 qui
813 1541 940 1582 insuper
951 1551 1003 1571 eas
1018 1541 1155 1571 habeant
1172 1546 1289 1571 naturae
1305 1541 1407 1578 dotes,
1423 1551 1500 1582 quas
1515 1541 1682 1583 disciplina

220 1597 287 1627 inec
311 1596 418 1637 exigit.
468 1595 583 1627 GLAU.
606 1595 716 1632 Quas?
762 1594 818 1625 So.
842 1594 985 1626 Acumen
1001 1594 1129 1636 inquam
1147 1595 1390 1636 facilitatemque
1405 1595 1523 1636 ingenii
1538 1600 1682 1637 oportere

220 1653 259 1683 ad
277 1651 484 1682 doctrinarum
500 1649 733 1691 perceptionem
757 1649 876 1679 adesse.
901 1649 997 1690 magis
1019 1649 1102 1679 enim
1119 1649 1267 1679 absterret
1291 1648 1428 1679 animum
1443 1649 1679 1690 disciplinarum

221 1717 313 1748 quam
329 1704 585 1736 exercitationum
601 1703 736 1744 corporis
753 1703 929 1735 difficultas.
953 1704 1106 1745 siquidem
1123 1703 1219 1745 magis
1236 1704 1377 1745 proprius
1392 1703 1439 1734 illi
1455 1699 1615 1745 laborest,
1627 1704 1683 1746 qui

223 1761 282 1791 soli
297 1759 458 1801 competit,
475 1769 567 1800 quam
583 1757 638 1799 qui
653 1758 774 1799 corpori
789 1758 882 1788 etiam
900 1763 947 1789 est
962 1758 1145 1789 communis.
1193 1758 1308 1791 Grau.
1334 1757 1417 1789 Vera
1432 1758 1576 1799 loqueris.
1624 1758 1681 1790 So.

221 1814 417 1851 Quaerendus
427 1813 531 1853 itaque
542 1813 583 1842 vir
597 1817 643 1842 est
653 1812 865 1851 memoriosus,
875 1813 1103 1854 integerrimus,
1115 1812 1381 1843 tolerantissimus.
1398 1822 1468 1842 narn
1482 1822 1574 1853 quem
1586 1813 1681 1843 alium

221 1878 328 1900 censes
353 1867 484 1897 libenter
498 1866 617 1896 labores
633 1866 770 1906 corporis
786 1866 970 1902 subiturum,
994 1871 1120 1907 tamque
1135 1866 1264 1897 arduum
1291 1866 1440 1897 doctrinae
1457 1866 1684 1897 meditationis·

221 1933 282 1964 que
299 1920 435 1952 studium
451 1921 488 1950 ad
517 1920 609 1950 finem
634 1930 732 1960 usque
749 1921 1006 1961 prosecuturum?
1052 1919 1168 1952 Gmu.
1192 1919 1359 1951 Neminem
1385 1930 1519 1961 prorsus,
1544 1920 1605 1951 nisi
1627 1922 1683 1961 qui

222 1975 340 2016 optima
357 1979 466 2005 natura
481 1974 520 2004 sit
534 1973 696 2014 praeditus.
740 1974 795 2005 So.
821 1974 867 2004 Ex
883 1985 920 2005 eo
948 1975 1067 2016 quippe
1084 1985 1195 2014 errore,
1210 1979 1244 2005 ut
1258 1984 1351 2015 supra
1364 1973 1519 2010 dicebam,
1534 1974 1680 2005 adversus

223 2028 454 2069 philosophiam
471 2028 579 2058 oborta
603 2032 649 2058 est
672 2027 811 2064 infamia,
837 2029 921 2070 quod
938 2039 1000 2059 non
1017 2040 1072 2070 pro
1097 2028 1250 2070 dignitate
1273 2028 1370 2069 ipsam
1387 2028 1556 2070 attingunt.
1579 2038 1682 2069 neque

224 2083 307 2113 enim
323 2092 341 2111 a
356 2081 482 2122 spuriis,
497 2081 550 2111 sed
566 2081 712 2121 legitimis
728 2087 774 2112 est
790 2083 995 2113 attrectanda.
1042 2082 1159 2113 GLAU.
1183 2082 1256 2118 Quo
1274 2087 1367 2123 pacto
1381 2082 1392 2111 ἓ
1438 2082 1495 2113 80.
1517 2081 1682 2122 Principio

223 2136 264 2166 ad
288 2135 406 2166 labores
432 2134 649 2175 suscipiendos
673 2135 804 2166 claudus
825 2146 892 2166 esse
919 2146 982 2166 non
1007 2135 1113 2172 debet,
1138 2135 1278 2176 quisquis
1303 2140 1350 2166 est
1370 2134 1575 2176 philosophiae
1587 2135 1682 2165 sacris

222 2188 406 2227 initiandus,
433 2193 468 2218 ut
493 2187 604 2228 partim
627 2198 681 2218 eos
706 2189 810 2225 adeat,
837 2189 948 2229 partim
976 2194 1106 2220 recuset.
1130 2189 1285 2229 contingit
1310 2193 1413 2218 autern
1441 2189 1512 2225 hoc,
1538 2189 1684 2230 quotiens

224 2242 338 2284 aliquis
350 2241 521 2283 gymnasiis
531 2250 562 2271 et
573 2241 728 2272 venationi
742 2246 773 2272 et
789 2241 915 2283 reliquis
927 2243 1064 2283 corporis
1073 2242 1345 2273 exercitationibus
1360 2242 1486 2272 deditus
1501 2241 1684 2283 disciplina·

225 2307 290 2326 rum
299 2295 434 2326 studium
444 2294 570 2336 refugit,
578 2305 678 2335 neque
688 2296 844 2326 audiendo
854 2296 1027 2326 delectatur
1038 2306 1096 2326 nec
1110 2295 1309 2337 inquirendo.
1325 2296 1378 2326 sed
1392 2305 1514 2326 omnem
1528 2295 1607 2326 hauc
1615 2296 1686 2327 odit

224 2360 341 2382 curam.
363 2349 493 2380 claudus
510 2352 656 2389 praeterea
673 2353 704 2379 et
719 2348 771 2379 ille
787 2354 845 2386 est,
860 2349 915 2391 qui
930 2349 1203 2381 exercitationibus
1218 2348 1312 2379 animi
1325 2348 1499 2379 delectatus
1511 2349 1685 2380 contemnit

223 2404 312 2434 alias.
355 2402 469 2433 GLAu.
494 2402 577 2433 Vera
586 2412 701 2434 narras.
745 2403 800 2434 So.
824 2403 874 2433 An
891 2413 954 2433 non
966 2408 998 2434 et
1009 2403 1111 2444 quoad
1125 2402 1284 2433 veritatem
1298 2402 1439 2432 similiter
1455 2412 1599 2434 mancum
1610 2412 1682 2433 eum

227 2466 378 2498 ponemus
392 2456 540 2490 animum,
555 2455 609 2497 qui
626 2456 830 2487 voluntarium
849 2456 1043 2487 mendacium
1059 2456 1126 2486 odit
1141 2462 1172 2487 et
1189 2466 1269 2497 aegre
1283 2456 1343 2486 sert
1353 2456 1422 2497 ipse
1437 2465 1556 2493 secum,
1570 2462 1604 2487 et
1613 2456 1683 2486 aliis

223 2509 445 2540 mentientibus
462 2501 657 2550 indignatur,
676 2510 917 2540 involuntarium
935 2520 1007 2541 vero
1033 2510 1230 2540 mendacium
1247 2509 1339 2541 facile
1355 2509 1478 2548 tolerat,
1493 2514 1527 2540 et
1551 2509 1577 2540 si
1592 2509 1683 2550 igno-

223 2573 287 2592 rare
310 2562 428 2602 aliquid
451 2562 714 2603 deprehendatur,
739 2565 820 2595 haud
847 2564 978 2605 graviter
1001 2563 1126 2604 perfert,
1154 2563 1251 2606 [536]
1276 2563 1330 2594 sed
1359 2563 1491 2594 libenter
1513 2562 1608 2594 veluti
1632 2573 1684 2594 sus

224 2615 410 2656 ignorantia}
437 2616 580 2646 sordibus
604 2616 784 2648 volutatur?
830 2616 944 2648 GLAU.
968 2616 1106 2648 Omnino
1129 2617 1266 2659 quidem.
1311 2617 1364 2648 So.
1387 2617 1474 2654 Quin
1496 2617 1590 2647 etiam
1605 2616 1687 2648 circa

228 2669 462 2710 temperantiam
489 2674 520 2699 et
546 2669 759 2702 fortitudinem
786 2671 1109 2712 magnificentiamque
1134 2677 1166 2702 et
1191 2671 1324 2712 reliquas
1349 2671 1470 2701 virtutis
1495 2676 1597 2711 partes
1620 2680 1686 2701 non

229 2723 329 2753 minus
343 2722 568 2752 observandum
585 2729 642 2760 est,
659 2725 785 2765 quinam
802 2725 956 2766 legitimus
969 2725 1019 2761 sit,
1035 2725 1088 2766 qui
1105 2725 1238 2766 spurius.
1262 2724 1390 2766 quando
1404 2724 1488 2755 enim
1503 2717 1570 2755 hiec
1585 2724 1687 2754 minus

229 2776 428 2807 considerant
443 2782 476 2807 et
503 2777 614 2817 privati
636 2784 668 2808 et
690 2778 810 2815 civitas,
828 2779 924 2821 ignari
952 2784 1080 2810 utuntur
1095 2779 1212 2810 mancis
1226 2784 1259 2810 et
1281 2778 1403 2820 spuriis,
1419 2778 1458 2808 ad
1474 2778 1685 2819 quodcunque

227 2832 353 2861 istorum
371 2830 547 2871 contigerit,
563 2832 673 2872 privati
690 2834 814 2874 quidem
831 2833 949 2869 amieis,
966 2844 1012 2864 res
1029 2834 1153 2875 publica
1169 2843 1240 2864 vero
1257 2832 1460 2874 principibus.
1493 2830 1610 2862 GLAU·
1633 2831 1685 2862 Sic

229 2884 345 2915 accidit
360 2894 494 2925 prorsus,
540 2885 594 2916 So.
619 2885 719 2917 Nobis
735 2887 801 2918 haec
818 2887 921 2918 omnia
943 2889 1147 2928 praecavenda
1170 2892 1252 2919 sunt.
1275 2896 1345 2917 nam
1373 2885 1397 2916 si
1412 2884 1565 2922 homines,
1581 2885 1685 2926 quoad

231 2937 367 2979 corporis
387 2947 424 2970 ac
451 2939 562 2970 mentis
577 2939 716 2972 habitum
744 2941 967 2984 integerrimos,
994 2943 1033 2974 ad
1052 2947 1167 2974 tantam
1184 2940 1356 2973 doctrinam
1373 2938 1688 2980 exercitationemque
