1840 3225
160 272 261 321 585]
592 270 663 308 DE
694 267 1000 306 REPUBLICA
1036 268 1132 305 LIB.
1166 269 1234 305 lx.
1544 269 1620 305 217

153 375 269 409 GLAU.
293 377 343 409 Ita
367 377 469 419 plane.
514 375 570 407 So.
593 373 793 414 Recordaris,
820 373 924 416 qualia
949 384 1016 405 esse
1043 374 1145 404 solent
1168 374 1383 416 aegrotantium
1412 375 1515 410 verba.
1541 374 1615 405 dum

157 432 264 462 morbo
280 431 419 462 laborant
433 431 444 461 ?
489 429 605 462 Gnm.
629 429 744 466 Qualia
757 429 859 460 dicis?
905 428 960 460 So.
986 427 1077 459 Nihil
1093 439 1159 459 esse
1176 429 1298 460 dulcius
1314 429 1446 460 sanitate
1461 441 1468 459 z
1493 430 1547 460 sed
1565 440 1619 461 eos

155 485 282 517 latuisse
297 486 396 522 aiunt,
411 495 503 527 quam
519 484 611 516 dulce
628 484 659 515 id
675 483 726 519 sit,
743 489 910 525 antequam
926 489 1122 525 aegrotarent.
1147 483 1264 515 GLAu.
1280 483 1443 515 Recordor
1460 484 1620 526 equidem·

157 539 215 572 So.
240 539 310 571 Nec
326 550 389 571 non
405 538 610 570 acerbissimis
636 538 795 570 doloribus
810 544 937 569 vexatos
953 538 1094 569 homines
1117 538 1326 569 exclamantes
1342 538 1443 576 audis,
1459 538 1536 570 nihil
1553 550 1621 570 esse

154 593 278 625 dulcius
293 604 384 636 quam
401 604 437 624 ea
452 593 621 624 afflictione
631 603 739 625 vacare
752 592 763 623 ?
809 592 926 624 Gtiu.
948 592 1066 624 Audio.
1113 592 1170 624 So.
1195 591 1282 629 Quin
1299 592 1392 623 etiam
1406 592 1473 623 aliis
1485 593 1619 634 permul-

153 647 192 678 tis
208 647 386 689 hujusmodi
410 647 630 679 afflictionibus
655 646 808 679 cruciatos
824 646 966 678 homines
992 647 1094 683 audis,
1111 648 1186 677 dum
1209 646 1397 681 cruciantur,
1415 647 1620 678 vociferantes

151 707 383 744 asserentesque
407 702 621 733 dulcissimum
637 713 704 733 esse
729 702 817 732 nullo
841 701 948 733 dolore
971 701 1051 733 affici
1075 700 1286 743 praesentique
1301 699 1442 731 molestia
1457 711 1525 732 esse
1543 701 1621 732 libe-

151 767 218 787 rum
235 768 242 786 :
267 766 329 787 non
345 762 449 788 autem
466 757 607 788 dicentes
623 756 838 788 dulcissimum
853 767 921 787 esse
936 756 1045 787 laetari.
1090 755 1207 787 GLAu.
1229 754 1355 796 Nempe
1369 755 1437 786 haec
1452 754 1514 785 illis
1530 755 1619 796 quies

151 816 226 841 tunc
242 810 321 842 forte
337 811 519 853 gratissima.
565 811 622 842 S0.
647 810 692 841 At
707 821 779 842 vero
795 820 866 841 cum
881 810 978 841 laetari
995 809 1064 851 quis
1080 810 1208 846 desinit,
1226 809 1397 851 voluptatis
1413 808 1619 841 cessationem

150 858 244 894 illam‘
259 864 419 896 molestam
445 864 660 896 existimabit?
707 864 823 896 GLAu.
849 864 954 895 Forte.
997 864 1055 896 So.
1080 865 1180 902 Quies
1205 864 1300 905 igitur
1319 864 1388 902 illa,
1411 874 1504 906 quam
1521 862 1618 904 paulo

150 923 224 949 ante
254 925 454 960 utrorumque
493 919 627 950 mediam
665 929 733 950 esse
767 919 916 955 diximus,
947 919 1139 961 quandoque
1162 924 1293 961 utraque
1321 918 1392 956 erit,
1431 924 1496 949 tum
1530 916 1621 948 dolor

148 972 280 1009 scilicet,
306 979 370 1004 tum
395 974 550 1015 voluptaS.
598 973 714 1004 GLAu.
740 974 888 1005 Videtur.
933 973 989 1005 So.
1013 973 1099 1004 Num
1122 973 1189 1004 fieri
1212 977 1330 1015 potest,
1361 977 1397 1004 nt
1431 972 1517 1014 quod
1541 982 1620 1003 neu-

150 1032 230 1058 trum
253 1032 310 1063 est,
333 1027 375 1058 sit
397 1028 550 1069 utraque?
597 1026 713 1059 GLAU.
737 1027 827 1068 Non,
849 1033 884 1059 ut
911 1028 1050 1059 arbitror.
1095 1029 1152 1060 So.
1175 1027 1275 1069 Atqui
1303 1027 1430 1070 quando
1458 1027 1491 1058 in
1515 1025 1620 1057 animo

151 1081 296 1122 voluptas
322 1087 370 1113 est
394 1086 448 1112 aut
471 1081 572 1117 dolor,
601 1082 693 1112 ambo
726 1088 828 1113 motus
856 1082 985 1124 quidam
1020 1082 1149 1114 insunt?
1195 1082 1310 1114 GLAu.
1351 1082 1484 1123 Utique.
1521 1081 1619 1122 [584]

150 1134 209 1167 So.
232 1135 371 1167 Tertium
398 1147 468 1167 vero
496 1136 590 1171 illud,
621 1137 706 1177 quod
736 1146 840 1177 neque
868 1135 957 1167 dolor
984 1142 1034 1166 est
1062 1146 1167 1177 neque
1198 1136 1355 1177 voluptas,
1385 1146 1491 1166 nonne
1530 1135 1619 1176 quies

150 1189 256 1231 aliqua
285 1197 316 1221 et
350 1191 477 1221 istorum
505 1191 641 1222 medium
670 1201 737 1222 esse
772 1201 873 1232 nuper
903 1191 1073 1232 apparuit?
1131 1190 1247 1221 Guu.
1284 1189 1395 1220 Plane.
1453 1189 1510 1221 So.
1545 1189 1619 1226 Quo

150 1249 243 1285 pacto
267 1244 362 1285 igitur
386 1250 502 1276 rectum
537 1250 595 1280 est,
620 1245 705 1287 quod
732 1255 795 1274 non
822 1244 928 1274 dolere
955 1249 1013 1280 est,
1033 1243 1213 1284 jucundum
1241 1242 1429 1284 existimare,
1460 1243 1508 1274 vel
1532 1243 1617 1284 quod

149 1308 213 1328 uon
228 1298 335 1336 laetari,
351 1299 513 1341 molestum
528 1299 539 1329 ?
586 1298 702 1329 GLAU.
725 1298 837 1329 Nullo.
882 1298 939 1329 So.
962 1297 1039 1329 Non
1055 1297 1137 1328 istud
1166 1297 1261 1339 igitur
1275 1302 1335 1335 est,
1348 1298 1404 1329 sed
1420 1306 1563 1340 apparet,
1579 1298 1619 1329 ad

148 1352 312 1383 molestum
327 1352 455 1394 quidem
468 1352 659 1393 jucundum,
676 1352 716 1382 ad
735 1351 912 1392 jucundum
937 1362 1010 1382 vero
1027 1351 1191 1382 molestum
1208 1363 1215 1382 :
1241 1352 1271 1382 id
1289 1357 1365 1382 tunc
1379 1352 1465 1393 quod
1480 1351 1618 1382 medium

147 1410 196 1436 est
210 1410 242 1436 et
255 1407 355 1447 quies,
379 1417 482 1448 neque
509 1407 574 1437 visa
589 1406 770 1448 hujusmodi
793 1406 855 1437 veri
871 1406 1038 1448 quicquam
1057 1407 1096 1438 de
1117 1406 1277 1448 voluptate
1294 1406 1384 1437 nobis
1399 1406 1546 1443 offerunt,
1562 1406 1617 1437 sed

147 1470 185 1490 ex
201 1461 337 1502 quadarn
361 1461 552 1502 deceptione
579 1461 780 1502 proveniunt.
826 1460 942 1493 GLAU.
967 1460 1020 1491 Sic
1043 1465 1195 1491 monstrat
1210 1460 1303 1493 ratio.
1345 1460 1400 1492 So.
1423 1460 1507 1492 Vide
1523 1460 1619 1502 igitur

148 1515 335 1556 voluptates,
351 1525 421 1557 quae
438 1515 578 1547 dolorem
594 1516 713 1547 nullum
729 1520 913 1558 sequuntur,
929 1526 968 1547 ne
983 1516 1099 1557 saepius
1112 1515 1195 1546 istud
1203 1516 1235 1546 in
1249 1515 1393 1557 praesenti
1403 1515 1618 1558 disputatione

145 1569 190 1601 ita
205 1576 315 1602 natura
330 1575 543 1612 comparatum
559 1570 730 1611 existimes,
750 1576 786 1601 ut
798 1571 945 1612 voluptas
968 1569 1096 1612 quidem
1112 1570 1240 1606 doloris,
1257 1570 1346 1601 dolor
1361 1581 1434 1601 vero
1448 1570 1619 1611 voluptatis

146 1623 281 1666 privatio
296 1625 346 1656 sit.
380 1624 495 1657 GLAu.
519 1625 676 1664 Quorsum
692 1625 866 1667 aspiciam?
891 1624 1017 1656 ubinam
1034 1625 1111 1656 tales
1123 1630 1196 1656 sunt
1210 1625 1388 1666 voluptates
1402 1624 1413 1655 ?
1449 1624 1506 1655 So.
1529 1624 1619 1654 Mul-

146 1684 187 1709 tae
202 1679 328 1720 quidem
345 1685 379 1710 et
393 1680 463 1711 aliae
480 1686 564 1718 sunt,
579 1681 634 1712 sed
657 1680 842 1723 praesertim,
866 1679 892 1711 si
908 1680 1154 1711 animadvertere
1169 1679 1228 1722 vis,
1244 1679 1434 1721 voluptates,
1450 1689 1520 1721 quae
1535 1678 1617 1710 circa

145 1733 295 1764 olfactum
310 1733 401 1766 fiunt.
424 1734 474 1765 hae
496 1745 632 1777 namque
655 1735 742 1766 nullo
758 1735 842 1777 prius
864 1735 1074 1766 antecedente
1096 1734 1218 1771 dolore,
1240 1739 1369 1775 repente
1384 1733 1527 1774 ingentes
1545 1743 1615 1773 pro-

145 1787 295 1819 veniunt:
321 1794 354 1819 et
368 1799 438 1821 cum
453 1795 588 1827 cessant,
603 1790 694 1822 dolor
708 1801 760 1822 eas
775 1789 880 1821 nullus
895 1789 1044 1832 sequitur.
1090 1788 1206 1821 GLAU.
1232 1787 1402 1819 verissima
1416 1797 1531 1818 narras.
1556 1787 1614 1818 So.

148 1841 199 1873 Ne
224 1843 387 1874 credamus
412 1844 507 1886 igitur
530 1844 646 1876 doloris
672 1845 879 1876 cessationem
903 1854 1010 1885 puram
1027 1844 1221 1885 voluptatem
1247 1852 1333 1873 esse:
1359 1852 1462 1883 neque
1477 1842 1615 1872 dolorem

146 1897 319 1939 voluptatis
334 1898 520 1930 absentiam.
565 1899 683 1931 Gmu.
707 1899 795 1930 Non.
841 1899 897 1931 So.
920 1898 967 1929 At
992 1909 1065 1929 vero
1087 1908 1205 1934 earum,
1221 1906 1292 1938 quae
1308 1906 1364 1938 per
1388 1906 1500 1937 corpus
1516 1896 1618 1936 ingre-

144 1951 273 1982 diuntur
299 1951 332 1982 in
358 1951 495 1984 animum
522 1953 764 1995 voluptatesque
791 1953 950 1988 dicuntur,
975 1953 1071 1984 ferme
1097 1951 1238 1982 maximae
1262 1960 1396 1993 quaeque
1423 1960 1459 1981 ac
1475 1949 1615 1991 plurimae

146 2005 222 2036 tales
239 2012 322 2042 sunt,
339 2012 375 2037 ut
390 2008 532 2038 dolorum
549 2007 748 2039 liberationes
764 2007 838 2040 sint.
883 2007 1000 2039 Gtau.
1024 2006 1106 2037 Sunt
1121 2005 1273 2048 prosecto-
1318 2005 1376 2035 So.
1397 2003 1439 2034 Et
1453 2014 1524 2045 quae
1534 2003 1616 2034 circa

146 2060 212 2090 haec
228 2059 332 2091 futura
353 2061 394 2091 ab
419 2061 653 2102 exspectatione
680 2067 862 2098 nascuntur,
887 2061 1146 2103 praegustationes
1168 2060 1313 2102 quaedam
1337 2058 1507 2100 voluptatis
1523 2063 1617 2100 atque

145 2113 273 2150 doloris,
289 2115 401 2145 eodem
417 2116 510 2146 modo
527 2126 560 2147 se
575 2116 703 2148 habent.
750 2116 867 2147 GLAu.
891 2116 1026 2147 Eodem.
1069 2115 1126 2147 So.
1150 2114 1229 2156 Scis,
1245 2113 1353 2156 quales
1373 2113 1422 2143 hae
1438 2111 1617 2153 voluptates

143 2173 228 2209 sunt,
253 2174 286 2199 et
312 2169 362 2200 cui
390 2170 520 2201 maxime
546 2170 686 2202 similes?
732 2170 845 2202 GLAu.
870 2170 954 2202 Cui?
1001 2171 1058 2202 So.
1081 2170 1179 2201 Putas
1204 2168 1324 2211 aliquid
1351 2167 1383 2198 in
1410 2172 1520 2198 natura
1549 2177 1616 2198 esse

144 2233 333 2264 supremum,
351 2224 503 2261 infimum,
528 2225 688 2256 medium?
735 2225 850 2257 Gnin.
875 2225 1043 2268 Equidem.
1088 2224 1144 2256 So.
1168 2223 1287 2255 Censes
1310 2222 1458 2264 aliquem,
1483 2232 1553 2252 cum
1578 2222 1617 2250 ab

146 2275 255 2307 infimo
269 2277 309 2308 ad
327 2278 462 2310 medium
478 2279 586 2317 fertur,
601 2280 687 2311 aliud
705 2279 844 2312 arbitrari
859 2291 952 2322 quarn
978 2281 1018 2311 ad
1041 2290 1193 2311 summum
1207 2278 1375 2310 ascendere
1388 2278 1399 2308 ?
1423 2282 1455 2308 et
1470 2276 1545 2307 dum
1557 2280 1618 2306 stat

143 2329 176 2360 in
192 2331 310 2372 medio,
335 2332 539 2375 deflectitque
560 2335 670 2366 oeulos
695 2335 783 2371 illuc,
801 2336 884 2366 unde
907 2341 1046 2372 venerat,
1070 2334 1144 2364 alibi
1168 2343 1236 2365 esse
1251 2332 1374 2374 opinari
1391 2341 1484 2373 quam
1501 2331 1536 2361 in
1563 2341 1615 2360 su-

145 2393 267 2424 premo,
281 2395 352 2416 cum
367 2387 414 2424 id,
429 2389 515 2429 quod
530 2399 636 2420 revera
652 2395 700 2420 est
715 2400 880 2426 summum,
897 2397 960 2420 non
978 2388 1128 2430 suspiciat
1141 2388 1152 2418 ?
1199 2386 1316 2418 Grau.
1341 2385 1401 2416 Per
1416 2384 1540 2420 Jovem,
1551 2394 1614 2413 non

143 2437 233 2468 aliter
247 2439 403 2471 hominem
421 2441 513 2473 talem
529 2442 728 2484 opinaturum
742 2443 896 2474 existimo.
943 2443 999 2474 So.
1025 2443 1056 2474 Si
1073 2443 1183 2473 iterum
1201 2441 1369 2479 deferatur,
1384 2440 1526 2470 deorsum
1543 2438 1615 2470 ferri

145 2491 337 2533 opinabitur,
349 2503 386 2524 ac
400 2504 472 2525 vere
497 2496 644 2536 putabit?
690 2496 808 2529 Guu.
833 2496 977 2534 Quidni?
1024 2497 1081 2527 So.
1105 2495 1222 2526 Nonne
1246 2495 1313 2525 haec
1328 2494 1385 2524 sibi
1402 2503 1470 2523 eam
1484 2493 1524 2522 ob
1540 2503 1614 2523 cau-

145 2555 210 2576 sam
226 2547 415 2589 contingunt
440 2551 558 2586 omnia,
582 2551 657 2592 quia
681 2552 822 2583 nondum
846 2557 993 2593 expertus
1009 2557 1068 2588 est,
1085 2550 1161 2591 quid
1179 2559 1251 2580 vere
1268 2558 1444 2589 supremum
1464 2547 1516 2586 sit,
1540 2546 1615 2588 quid

147 2601 295 2637 medium,
310 2602 426 2643 quidve
442 2603 602 2635 infimum?
654 2605 770 2637 Gtiu.
791 2607 998 2637 Manifestum
1023 2611 1070 2636 est
1095 2605 1236 2646 quidem.
1282 2603 1338 2634 So.
1362 2601 1515 2643 Nunquid
1542 2612 1614 2641 ergo

146 2655 314 2693 miraberis,
330 2657 354 2688 si
370 2658 507 2689 veritatis
522 2659 657 2701 imperiti
681 2661 822 2692 homines
852 2667 918 2693 turn
934 2662 975 2692 de
991 2660 1095 2692 multis
1111 2659 1180 2690 aliis
1204 2668 1267 2689 non
1285 2662 1367 2688 recte
1383 2657 1534 2692 sentiunt,
1550 2661 1614 2686 turn

147 2709 241 2740 etiam
257 2710 340 2741 circa
356 2711 549 2753 voluptatem
564 2719 596 2745 et
611 2713 749 2745 dolorem
768 2716 940 2757 horumque
955 2715 1093 2746 medium
1111 2714 1154 2746 sic
1170 2713 1356 2748 afficiuntur,
1373 2717 1407 2742 ut
1423 2710 1570 2752 quotiens
1586 2709 1619 2740 in

148 2763 285 2795 dolorem
310 2765 461 2803 feruntur,
477 2778 548 2798 vere
571 2768 717 2809 judicent
732 2770 922 2812 doleantque
945 2769 1072 2801 revera?
1098 2768 1195 2810 [585]
1221 2767 1367 2809 quotiens
1383 2776 1455 2796 vero
1471 2775 1487 2795 a
1510 2764 1617 2795 dolore

147 2822 277 2859 surgunt
290 2819 324 2850 in
338 2821 489 2863 medium,
516 2828 547 2852 et
564 2823 768 2864 repletionem
785 2830 817 2855 et
833 2825 1028 2867 voluptatem
1044 2823 1169 2865 assequi
1185 2821 1394 2853 arbitrentur?
1417 2826 1450 2851 et
1465 2817 1615 2860 quemad-

149 2871 274 2901 modum
288 2873 343 2914 qni
355 2873 447 2915 juxta
463 2877 582 2918 nigrum
600 2878 699 2908 solum
717 2878 873 2921 aspiciunt
894 2879 1030 2919 fuscum,
1045 2877 1193 2920 quoniam
1217 2887 1281 2907 non
1297 2876 1405 2906 vident
1420 2873 1535 2907 album,
1551 2871 1615 2902 cla-

148 2922 300 2955 rissimum
315 2925 401 2959 illum
417 2930 615 2961 existimant:
643 2932 684 2963 ita
701 2937 733 2963 et
756 2933 811 2974 qui
837 2932 955 2964 doloris
982 2933 1171 2964 vacuitatem
1195 2935 1379 2972 comparant
1401 2938 1471 2960 cum
1499 2925 1619 2961 dolore,

151 2987 252 3008 veram
267 2986 369 3011 antem
385 2985 505 3024 experti
520 2995 584 3017 non
600 2992 671 3017 sunt
687 2986 892 3029 voluptatem,
912 2988 947 3019 in
959 2987 1134 3028 judicando
1155 2983 1376 3026 decipiantur?
1422 2981 1536 3013 GLAU·
1561 2978 1621 3010 Per

257 3033 346 3065 Plat.
363 3036 417 3067 Tr.
924 3041 971 3072 ΙΙ,
1473 3038 1492 3065 2
1533 3032 1558 3062 E
