1840 3225
234 208 280 244 14
836 208 1106 248 PLATONis
1631 214 1703 267 [36

229 326 301 359 ergo
316 318 328 348 ?
350 316 406 359 qui
421 316 518 359 primo
535 316 702 347 exhaustus
715 320 776 357 est,
791 326 865 347 num
883 322 987 358 potest
1001 316 1050 348 vel
1066 327 1157 348 sensu
1175 316 1222 348 vel
1241 317 1388 349 memoria
1402 319 1537 361 quadam
1552 320 1622 362 ejus
1649 329 1699 354 re.

228 370 400 413 pletionem
425 370 589 412 attingere,
603 370 687 411 quod
713 380 771 401 nec
799 371 944 412 praesenti
975 371 1006 401 in
1034 376 1174 413 tempore
1199 382 1258 403 nec
1289 372 1460 415 aliquando
1488 384 1599 415 passus
1627 377 1697 407 est?

228 426 314 458 Pno.
337 424 434 456 Nullo
462 425 565 455 modo.
611 425 667 456 So.
692 423 755 454 Sed
781 434 852 455 eum
879 425 934 466 qui
956 425 1055 466 cupit,
1083 425 1201 467 aliquid
1228 436 1342 467 cupere.
1366 427 1562 460 confitemur.
1607 429 1699 464 Pao.

230 479 378 517 Quidni?
423 479 477 510 So.
501 479 576 509 Non
602 489 676 520 ergo
702 479 786 520 quod
813 479 931 520 patitur
954 480 1087 521 appetit.
1109 480 1175 510 sitit
1198 480 1293 517 enim,
1316 481 1382 512 sitis
1405 487 1509 513 autem
1525 482 1700 525 indigentia

228 539 297 566 est:
322 535 347 564 is
363 539 466 564 tamen
482 533 688 574 repletionem
704 533 842 564 affectat.
887 533 975 565 Pno.
999 533 1060 566 Ita.
1106 533 1163 564 So.
1185 533 1317 576 Aliquid
1335 535 1429 576 igitur
1443 536 1512 577 ejus
1538 538 1624 578 quod
1640 548 1698 580 ap—

226 589 321 630 petit,
345 587 558 629 expletionem
585 587 730 629 attinget.
776 587 866 618 Pno.
889 586 1040 620 Necesse.
1086 588 1142 619 So.
1169 588 1292 630 Corpus
1323 590 1450 630 quidem
1480 592 1602 632 nequit.
1623 601 1696 623 nam

226 645 410 674 exhaustum
431 648 491 674 est.
537 643 624 674 Pno.
649 643 753 675 Certe.
798 643 854 674 So.
879 643 1003 681 Restat,
1021 649 1055 674 ut
1079 644 1182 675 anima
1204 645 1409 686 repletionem
1437 657 1492 688 per
1517 649 1697 680 memoriam

227 702 448 740 consequatur.
493 697 582 728 Pno.
619 697 724 728 Patet.
769 697 823 728 So.
861 697 944 728 Nam
974 708 1037 740 quo
1068 698 1130 728 alio
1160 701 1424 741 consequeretur?
1470 701 1558 734 Pno.
1596 702 1696 735 Nullo

226 752 334 784 ferme.
378 753 437 784 So.
462 750 514 782 An
537 751 737 792 advertimus,
754 751 830 793 quid
856 752 947 782 nobis
962 762 999 783 ex
1016 752 1062 782 his
1078 751 1250 783 rationibus
1274 753 1449 786 efficiatur?
1495 755 1583 787 Pno.
1608 756 1695 794 Quid

225 806 336 837 istud?
382 806 438 837 So.
462 806 609 848 Corporis
633 806 838 847 cupiditatem
865 816 932 837 esse
954 807 1032 836 ratio
1060 807 1128 836 haec
1143 817 1207 837 non
1223 807 1333 840 dictat.
1378 808 1465 841 Pno.
1490 809 1564 846 Quo
1580 812 1697 852 pacto?

225 860 282 891 So.
307 859 464 897 Quoniam
476 859 675 902 passionibus
686 859 753 900 ejus
766 860 954 891 contrarium
970 865 1118 890 conatum
1134 860 1278 891 animalis
1293 861 1394 892 omnis
1411 873 1533 904 semper
1546 865 1696 897 ostendit.

224 913 313 945 Pno.
338 914 480 946 Penitus.
526 914 582 944 So.
607 913 748 956 impetus
759 919 862 945 autem
877 913 909 944 in
925 914 1077 945 contraria
1087 925 1179 956 quam
1194 916 1352 956 passiones
1366 917 1500 954 trahens,
1516 918 1695 949 memoriam

225 968 447 999 contrariarum
464 968 661 1009 passionibus
678 968 792 998 innuit.
832 968 919 998 Pno.
944 967 1094 1000 Omnino.
1139 968 1192 999 So.
1216 969 1314 1000 Ratio
1328 971 1436 1012 itaque
1446 973 1614 1003 ostendens
1630 983 1697 1004 me-

222 1021 350 1052 moriam
362 1021 401 1052 ad
416 1021 585 1062 concupita
601 1021 784 1062 rapientem,
798 1022 908 1052 animae
920 1031 1042 1052 omnem
1059 1022 1210 1063 impetum
1227 1029 1259 1054 et
1271 1024 1450 1065 cupidinem
1468 1025 1695 1067 principatum-

223 1086 286 1117 que
300 1076 399 1106 omnis
412 1076 543 1107 viventis
559 1076 721 1116 explicuit.
747 1075 833 1106 Pno.
858 1075 962 1105 Recte
975 1075 1118 1106 nimium.
1142 1076 1197 1108 So.
1221 1077 1312 1107 Sitire
1328 1077 1422 1118 igitur
1432 1079 1480 1109 vel
1496 1079 1611 1111 esurire
1626 1090 1694 1111 cor·

222 1140 280 1171 pus
296 1135 447 1171 nostrum,
463 1135 517 1160 aut
531 1130 648 1171 aliquid
665 1129 821 1171 ejusmodi
839 1129 914 1170 pati,
930 1140 1130 1171 nequaquam
1146 1130 1222 1161 ratio
1241 1132 1308 1162 liaec
1323 1132 1473 1164 admittit.
1497 1133 1584 1165 Pno.
1607 1134 1692 1166 vera

221 1183 370 1225 loqueris.
393 1183 447 1214 So.
464 1183 537 1215 Hoc
553 1189 701 1225 praeterea
717 1182 800 1215 circa
816 1183 874 1214 ista
889 1183 1166 1221 considerabimus,
1179 1186 1264 1226 quod
1277 1186 1344 1217 liaec
1355 1185 1434 1217 ratio
1449 1188 1606 1228 quandam
1622 1189 1694 1219 vitae

221 1238 358 1278 speciem
374 1237 408 1268 in
424 1237 460 1268 iis
475 1238 686 1268 demonstrare
703 1237 782 1268 velle
799 1237 932 1269 videtur.
956 1237 1043 1267 Pno.
1068 1237 1104 1267 In
1120 1238 1234 1279 quibus
1248 1239 1258 1268 ?
1281 1241 1363 1271 etde
1378 1250 1440 1281 qua
1453 1241 1516 1272 vita
1532 1241 1692 1284 loqueris?

221 1290 279 1322 So.
303 1291 340 1321 In
356 1291 506 1332 replendo
523 1291 664 1332 inquam,
679 1296 711 1322 et
727 1291 921 1326 evacuand0,
938 1296 970 1320 et
986 1291 1131 1322 omuibus
1147 1301 1217 1332 quae
1233 1292 1272 1322 ad
1290 1292 1420 1324 salutem
1437 1294 1503 1325 sive
1519 1295 1690 1336 perniciem

221 1344 400 1376 animalium
417 1346 562 1376 attinent.
579 1350 612 1376 et
626 1345 652 1376 si
667 1345 736 1386 quis
754 1350 892 1375 nostrum
908 1344 941 1375 in
955 1344 1104 1375 alterutro
1115 1346 1307 1377 constitutus
1320 1347 1478 1389 affligitur,
1490 1354 1565 1380 tunc
1578 1359 1690 1381 secun-

220 1399 296 1429 dum
312 1399 502 1430 mutationes
514 1399 647 1431 laetatur.
693 1399 780 1430 Pno.
805 1399 857 1430 Sic
875 1404 932 1430 est.
978 1399 1034 1430 So.
1059 1399 1157 1441 Quid,
1173 1400 1318 1441 quotiens
1332 1401 1364 1432 in
1379 1402 1488 1433 horum
1501 1403 1604 1434 medio
1621 1414 1690 1445 per·

222 1457 329 1484 manet
345 1453 356 1484 ?
379 1452 467 1484 Pno.
491 1453 661 1490 Quomodo
676 1453 708 1484 in
723 1453 850 1484 medio?
873 1453 929 1485 So,
954 1452 1006 1484 Ob
1024 1453 1199 1494 passionem
1214 1454 1334 1496 quippe
1351 1455 1499 1497 tristatur,
1511 1457 1565 1488 sed
1577 1458 1690 1500 volup·

220 1512 319 1539 tatum
335 1507 458 1539 interim
474 1508 698 1550 praeteritarum
711 1508 853 1539 meminit
867 1519 874 1538 :
898 1513 998 1539 cessat
1009 1508 1137 1550 quidem
1152 1509 1291 1554 tristitia,
1303 1510 1444 1541 nondum
1461 1515 1564 1542 tamen
1580 1511 1690 1554 imple-

222 1567 292 1593 tur:
316 1562 393 1604 quid
411 1567 485 1594 tunc
500 1563 694 1594 dicendum?
718 1573 822 1594 nonne
839 1563 871 1593 in
888 1563 993 1593 medio
1019 1562 1094 1604 [36]
1120 1563 1299 1604 passionum
1316 1565 1410 1595 esse?
1454 1565 1543 1597 Pno.
1566 1565 1689 1597 Dicen.

219 1617 307 1649 dum.
353 1617 409 1649 So.
434 1617 545 1648 Utrum
572 1617 730 1648 dolentem
754 1617 895 1658 omnino,
925 1617 975 1648 vel
1001 1622 1111 1648 contra
1141 1619 1353 1659 gaudentem?
1398 1619 1486 1650 Pno.
1509 1619 1585 1651 Non
1611 1631 1688 1662 gau—

217 1671 356 1708 dentem,
373 1682 429 1713 per
443 1671 566 1709 Jovem,
583 1673 636 1702 sed
654 1673 752 1714 dupla
768 1672 872 1714 potius
885 1672 1033 1704 affectum
1052 1672 1175 1702 tristitia
1191 1684 1197 1702 ι
1223 1673 1395 1704 secundum
1412 1684 1524 1715 corpus
1539 1675 1571 1705 in
1588 1676 1687 1716 passi·

217 1735 289 1761 one,
304 1726 476 1756 secundum
490 1726 624 1756 animam
640 1726 672 1756 in
697 1726 940 1767 exspectationis
967 1727 1086 1757 ardore.
1132 1725 1188 1758 So.
1213 1726 1358 1763 Quonam
1380 1728 1488 1765 modo,
1503 1727 1686 1769 Protarche,

215 1779 354 1810 dolorem
371 1780 501 1821 duplum
519 1781 622 1811 aiebas
635 1781 646 1811 ?
670 1791 775 1812 nonne
786 1791 903 1812 vacuus
916 1781 1072 1823 quispiam
1086 1786 1200 1812 certam
1215 1781 1386 1822 aliquando
1396 1781 1601 1823 repletionem
1612 1793 1685 1825 spe·

213 1838 279 1863 rat:
304 1833 472 1875 aliquando
490 1839 597 1865 contra
612 1835 777 1876 desperat?
825 1835 914 1866 Pno.
937 1834 1090 1866 Maxime.
1137 1834 1190 1866 So,
1215 1834 1311 1872 Num,
1328 1836 1402 1866 dum
1418 1836 1544 1878 assequi
1566 1842 1683 1878 sperat,

213 1887 281 1928 ipsa
297 1889 511 1920 recordatione
527 1889 662 1930 gaudere
679 1889 822 1920 videtur?
847 1889 1003 1931 simulque
1017 1899 1132 1920 vacuus
1147 1899 1185 1920 eo
1201 1889 1235 1920 iu
1253 1894 1390 1931 tempore
1406 1890 1559 1922 cruciari?
1592 1891 1681 1925 Pno.

215 1940 365 1972 Necesse.
411 1942 467 1973 So.
489 1942 580 1974 Tunc
598 1943 690 1984 igitur
706 1948 738 1975 et
753 1944 844 1974 liomo
860 1951 893 1974 et
914 1944 1060 1974 animalia
1076 1943 1194 1985 reliqua
1212 1943 1358 1974 laetantur
1374 1944 1465 1975 simul
1488 1955 1525 1976 ac
1541 1951 1682 1977 moerent.

212 1993 300 2026 Pno.
323 1994 478 2036 Apparet.
525 1996 580 2027 So.
606 1996 649 2027 At
663 2007 732 2028 cum
747 2007 863 2027 vacuus
887 1997 1000 2038 aliquis
1025 1997 1238 2039 expletionem
1254 1998 1382 2029 omnino
1400 1999 1557 2040 desperat,
1575 2009 1681 2031 nonne

214 2053 288 2079 tunc
305 2049 407 2089 passio
423 2049 540 2090 duplex
556 2050 638 2081 circa
653 2051 775 2081 dolores
791 2051 936 2087 exoritur,
954 2061 1045 2091 quam
1065 2052 1132 2092 ipse
1157 2052 1253 2093 paulo
1279 2059 1352 2083 ante
1368 2053 1512 2090 intuitus,
1529 2053 1681 2095 simplici·

213 2107 258 2132 ter
273 2102 401 2144 duplam
417 2103 616 2144 opinabaris?
661 2104 749 2135 Pno.
774 2104 856 2135 Vera
882 2105 948 2135 liaec
973 2110 1055 2135 sunt.
1100 2105 1153 2136 So.
1179 2105 1248 2136 Hac
1276 2105 1382 2136 talium
1409 2106 1588 2147 passionum
1614 2108 1679 2139 dis-

212 2156 392 2197 ceptatione
408 2158 447 2188 ad
463 2158 496 2188 id
515 2163 647 2189 utamur.
692 2158 781 2190 Pno.
807 2158 860 2188 Ad
878 2158 952 2200 quid
970 2158 1039 2188 ais?
1085 2159 1139 2189 So.
1163 2158 1274 2189 Utrum
1292 2158 1471 2200 voluptates
1494 2159 1568 2191 istas
1583 2165 1679 2203 atque

211 2210 367 2242 molestias
383 2221 480 2248 veras,
498 2222 536 2242 an
554 2212 665 2243 falsas:
690 2223 729 2243 an
747 2213 859 2253 partim
875 2222 973 2253 veras,
990 2212 1100 2253 partim
1117 2212 1209 2242 falsas
1225 2211 1331 2243 dicere
1352 2213 1542 2244 debeamus?
1587 2213 1677 2246 Pno.

211 2264 285 2301 Quo
302 2270 407 2307 pacto,
425 2276 443 2296 o
458 2265 611 2303 Socrates,
628 2267 804 2308 voluptates
826 2273 919 2308 atque
943 2266 1093 2297 molestiae
1119 2266 1205 2297 salsae
1220 2276 1287 2297 csse
1311 2268 1463 2308 possunt?
1509 2267 1563 2300 So.
1588 2269 1678 2306 Quo-

211 2319 305 2349 modo
328 2319 434 2356 etiam,
453 2331 471 2350 o
496 2319 678 2361 Protarche,
694 2321 818 2352 timores
835 2321 897 2351 veri
914 2321 962 2351 vel
990 2320 1083 2351 falsi?
1107 2325 1161 2350 aut
1188 2320 1437 2361 exspectationes
1452 2331 1531 2352 verae
1547 2332 1600 2353 seu
1618 2322 1678 2353 mi·

207 2372 291 2403 nime
309 2373 408 2404 vcrae?
431 2378 485 2404 aut
501 2374 667 2415 opiniones
684 2385 762 2405 verae
779 2374 827 2405 vel
849 2374 957 2405 falsae?
1004 2374 1090 2405 Prin.
1115 2373 1292 2415 Opiniones
1319 2375 1464 2416 equidem
1491 2375 1675 2407 confiterer:

204 2427 258 2457 sed
275 2427 342 2458 haec
357 2427 476 2470 reliqua
492 2428 627 2458 minime.
673 2429 727 2459 So.
756 2429 842 2466 Quid
860 2429 927 2459 ais?
951 2428 1196 2469 disputationem
1213 2434 1316 2459 tamen
1333 2429 1417 2459 haud
1431 2429 1553 2461 brevem
1564 2430 1675 2472 incep-

207 2484 270 2511 tare
287 2481 437 2512 videmur.
483 2481 570 2514 Pno.
596 2482 679 2513 Vera
695 2493 809 2513 narras.
855 2482 910 2514 So.
933 2482 975 2513 At
991 2482 1016 2512 si
1033 2483 1283 2524 praecedentibus
1300 2483 1340 2514 sit
1363 2483 1566 2522 conveniens,
1582 2495 1601 2516 ο
1618 2483 1675 2516 viri

206 2533 289 2565 illius
305 2535 361 2576 fili,
378 2535 638 2568 considerandum
656 2542 714 2569 est.
759 2537 847 2568 Pno.
872 2536 960 2567 Istud
978 2537 1066 2568 sorte.
1115 2538 1172 2568 So.
1197 2537 1299 2569 Omne
1314 2537 1409 2579 igitur
1435 2548 1672 2579 supervacuum,

206 2593 237 2619 ct
253 2589 402 2630 quicquid
420 2596 529 2630 prfflter
543 2591 736 2632 propositum
761 2596 819 2627 est,
836 2590 1069 2621 dimittendum.
1116 2591 1200 2622 Pno.
1224 2591 1336 2623 Recte.
1383 2592 1439 2624 So.
1462 2591 1527 2623 Die
1552 2592 1672 2634 itaque.

205 2643 355 2673 continua
372 2654 484 2685 nempe
503 2655 549 2675 me
575 2646 740 2676 admiratio
758 2650 844 2676 tenet
860 2655 980 2686 semper
996 2645 1078 2676 circa
1090 2656 1155 2681 cas,
1173 2655 1249 2687 quas
1265 2656 1349 2677 nunc
1365 2645 1554 2685 induximus,
1570 2656 1672 2687 quaes·

205 2695 318 2727 tiones.
363 2697 449 2728 I‘no.
474 2698 546 2735 Quo
564 2704 655 2740 pacto
680 2699 808 2740 inquis?
854 2700 907 2730 So.
933 2699 985 2729 An
1012 2709 1074 2729 non
1091 2705 1163 2729 sunt
1178 2711 1214 2730 cx
1232 2700 1427 2741 voluptatum
1443 2709 1572 2730 numero
1584 2700 1670 2731 falsae

203 2752 360 2792 quaedam,
376 2752 444 2782 aliae
461 2753 562 2783 verae?
607 2753 695 2785 Pno.
721 2753 891 2790 Quomodo
915 2753 948 2784 id
978 2753 1042 2784 fieri
1060 2755 1182 2794 potest?
1229 2754 1282 2785 So.
1306 2754 1420 2795 Neque
1445 2754 1542 2795 igitur
1562 2763 1668 2786 revera

204 2804 322 2837 falsove
332 2805 428 2837 laetari
441 2811 494 2836 aut
511 2807 620 2837 tristari
637 2807 766 2849 dicitur,
778 2813 812 2837 ut
827 2813 859 2838 tu
878 2808 922 2838 ais
942 2819 948 2838 :
966 2818 1067 2848 neque
1083 2808 1164 2839 inter
1179 2808 1314 2839 furentes
1330 2815 1361 2839 et
1377 2808 1500 2838 insanos
1513 2808 1669 2839 invenitur

203 2858 326 2900 aliquis,
342 2860 396 2901 qui
431 2861 566 2902 gaudere
583 2862 733 2899 videatur,
759 2872 830 2893 cum
854 2872 916 2892 non
934 2863 1079 2903 gaudeat,
1098 2870 1152 2893 aut
1175 2862 1292 2898 dolere,
1310 2863 1436 2905 quando
1462 2872 1525 2892 non
1547 2861 1665 2893 doleat.

203 2912 291 2946 Pno.
317 2913 394 2946 Ilaec
410 2916 511 2946 onmia
529 2915 571 2947 sic
589 2910 621 2947 se
648 2916 774 2958 habere,
801 2926 819 2947 o
843 2917 996 2955 Socrates,
1020 2927 1127 2949 omnes
1143 2916 1332 2948 admisimus.
1378 2917 1434 2949 So.
1457 2915 1542 2947 Num
1558 2916 1666 2948 recte?
