1840 3225
163 217 233 268 65]
793 213 1028 252 TIMAEUS.
1545 216 1619 254 261

157 325 246 351 terea
267 319 351 361 quod
375 329 523 362 generum
538 317 755 349 multitudines
777 317 882 348 locum
906 318 978 348 aliis
994 318 1182 349 contrarium
1205 318 1361 351 obtinent.
1383 319 1466 361 quod
1489 319 1622 351 enimin

160 374 223 406 alio
238 374 307 405 loco
332 375 402 405 leve
420 380 476 410 est,
499 373 571 409 levi,
587 373 670 414 quod
683 372 716 402 iu
732 371 802 402 loco
817 377 866 402 est
881 373 1034 402 contrario
1050 384 1056 401 :
1082 379 1113 402 et
1129 383 1222 414 grave
1238 374 1392 410 similiter,
1409 374 1513 415 gravi:
1538 374 1622 415 etei,

157 427 243 469 quod
254 427 398 459 deorsum
409 429 532 463 dicitur,
543 426 577 458 id
587 426 672 467 quod
686 425 831 456 deorsum
846 437 852 455 ε
871 425 974 466 eique,
986 426 1069 467 quod
1081 437 1209 463 sursum,
1226 427 1260 458 id
1275 428 1359 469 quod
1370 428 1484 459 dicitur
1492 438 1622 458 sursum.

158 483 264 513 omnia
278 483 363 513 enim
378 484 443 513 haec
456 488 630 512 transversa
645 481 783 511 invicem
796 486 829 511 et
844 481 998 511 contraria
1011 492 1047 511 ac
1063 482 1189 522 penitus
1203 481 1385 513 differentia
1400 493 1469 513 esse
1492 482 1622 524 fierique

157 537 363 578 reperientur.
374 547 470 567 unum
480 542 587 566 tamen
604 535 635 565 id
649 534 689 565 de
705 535 754 565 his
770 535 913 565 omnibus
928 535 1142 576 cogitandum,
1159 536 1243 577 quod
1258 537 1307 566 via
1323 537 1501 577 gressioque
1516 537 1623 578 singu-

158 591 268 627 lorum,
293 591 334 622 ad
356 591 458 622 simile
479 595 574 630 atque
591 595 759 630 cognatim
774 589 889 625 ferens,
906 600 999 630 grave
1016 590 1092 620 facit
1106 589 1150 626 id,
1167 590 1252 631 quod
1268 590 1385 620 fertur:
1419 591 1523 621 locum
1539 600 1622 626 vero,

156 645 191 676 in
206 655 301 686 quem
315 646 380 676 tale
395 643 470 686 quid
481 645 588 679 fertus,
604 643 759 674 deorsum.
793 655 862 684 quae
877 644 968 674 aliter
982 655 1015 675 se
1029 644 1157 679 habent,
1171 645 1262 674 aliter
1278 644 1384 674 afficit.
1406 645 1515 674 harum
1530 645 1625 685 igitur

157 699 339 740 passionum
355 698 534 738 hujusmodi
556 697 701 739 quaedam
718 697 810 728 dictae
833 699 896 729 sint
916 708 1031 729 causae.
1078 699 1179 729 Laevis
1193 699 1270 729 item
1286 705 1319 729 et
1331 709 1452 739 asperae
1469 699 1625 739 passionis

158 763 284 785 causam
305 753 438 793 quilibet
456 753 587 783 intuitus
614 752 736 793 aperire
753 752 824 782 aliis
836 752 962 792 poterit.
986 752 1117 783 durities
1129 753 1216 783 enim
1227 754 1308 783 hanc
1329 752 1536 794 inaequalitati
1550 763 1621 793 per-

156 807 265 843 mixta,
287 807 376 837 illam
398 817 472 837 vero
496 807 657 847 aequalitas
684 805 812 836 exhibet
839 806 1000 836 densitati.
1025 806 1100 848 [64]
1136 806 1201 837 Sed
1215 817 1321 837 earum
1344 807 1534 847 passionum,
1551 817 1621 848 quae

155 861 239 892 circa
250 867 351 892 totum
365 871 477 902 corpus
492 861 697 891 communiter
710 859 868 896 accidunt,
885 870 924 890 ea
943 865 1042 891 restat
1063 861 1209 897 maxima,
1223 872 1292 902 quae
1309 861 1476 902 voluptatis
1489 861 1622 892 doloris-

157 925 218 957 que
233 920 282 946 est
293 925 386 946 causa
398 915 432 946 in
446 915 504 951 his,
517 926 585 957 quae
601 914 736 945 diximus
751 925 758 944 :
784 915 928 945 similiter
941 925 1135 956 quaecunque
1148 926 1205 956 per
1215 916 1354 957 corporis
1363 921 1467 956 partes
1480 915 1623 946 sensibus

153 974 276 1011 patent,
291 969 475 1011 doloresque
489 975 521 1000 et
534 970 713 1010 voluptates
728 969 824 999 cient.
846 970 892 999 ita
906 969 1000 1010 igitur
1014 970 1117 1000 omnis
1132 975 1198 1000 tam
1216 970 1377 1001 sensibilis
1392 980 1486 1011 quam
1513 971 1620 1000 insen-

155 1024 256 1054 sibilis
271 1024 426 1065 passionis
440 1033 550 1054 causas
571 1024 742 1064 capiamus,
757 1023 902 1064 inprimis
926 1024 1078 1054 memoria
1088 1030 1282 1065 repetentes,
1298 1024 1383 1065 quod
1395 1026 1436 1055 de
1449 1035 1487 1055 ea
1498 1030 1621 1061 natura,

157 1088 227 1119 quae
243 1078 336 1109 facile
350 1084 501 1114 movetur,
513 1077 616 1119 deque
632 1088 680 1113 ea,
705 1088 774 1119 quae
797 1084 938 1108 movetur
955 1077 1095 1115 difficile,
1118 1089 1212 1120 supra
1227 1078 1438 1110 distinximus.
1460 1080 1518 1110 hoc
1534 1079 1620 1109 enim

158 1137 252 1173 pacto
279 1143 318 1163 ea
343 1133 490 1174 persequi
513 1133 664 1163 debemus
689 1133 805 1168 omnia,
829 1143 899 1174 quae
927 1134 1192 1174 comprehendere
1217 1134 1369 1175 cupimus.
1393 1135 1518 1175 quando
1530 1134 1563 1164 in
1575 1133 1620 1169 id,

157 1186 243 1228 quod
268 1187 361 1218 facile
387 1187 505 1217 moveri
527 1188 619 1223 solet,
647 1187 753 1228 aliqua
773 1188 822 1218 vel
837 1187 940 1217 brevis
951 1187 1064 1218 incidit
1077 1188 1192 1228 passio,
1209 1194 1315 1229 partes
1327 1188 1396 1230 ejus
1409 1188 1558 1230 quaelibet
1572 1198 1621 1218 se-

156 1241 323 1283 quentibus
338 1241 477 1282 panibus
496 1242 634 1282 undique
660 1242 839 1282 passionem
852 1242 955 1282 ipsam
969 1241 1201 1278 transfundunt,
1215 1253 1374 1283 quousque
1391 1243 1432 1273 ad
1447 1242 1622 1283 prudentiae

157 1297 268 1326 sedem
284 1296 493 1337 perveniatur,
503 1296 556 1326 ubi
567 1306 624 1336 per
635 1296 690 1326 hos
703 1296 793 1336 quasi
807 1296 935 1326 nuntios
945 1297 1089 1337 potentia
1102 1296 1198 1332 illius,
1211 1296 1294 1337 quod
1310 1297 1489 1338 passionem
1503 1297 1621 1332 intulit,

156 1351 304 1381 noscitur.
334 1350 419 1391 quod
453 1360 527 1380 vero
558 1355 668 1380 contra
691 1356 740 1380 est
765 1351 915 1381 affectum
941 1357 975 1381 et
1001 1350 1161 1381 immobile
1185 1350 1417 1392 quodammodo
1443 1357 1619 1391 permanet,

157 1404 341 1435 circularem
354 1405 441 1435 illam
456 1405 698 1435 transfusionem
709 1415 772 1435 non
788 1405 894 1441 habet,
919 1410 951 1436 et
962 1405 1065 1446 ipsum
1079 1405 1208 1447 quidem
1223 1405 1341 1446 patitur
1355 1406 1467 1441 solum,
1480 1406 1620 1447 proxima

157 1468 232 1489 vero
258 1459 386 1490 minime
414 1465 531 1490 movet.
566 1464 754 1500 quapropter
775 1470 848 1490 cum
874 1466 980 1501 partes
1007 1461 1078 1491 aiiae
1104 1460 1174 1490 aliis
1198 1460 1380 1501 passionem
1399 1460 1532 1501 primam
1555 1470 1619 1491 non

157 1512 352 1554 impertiant,
364 1518 525 1555 totumque
540 1514 656 1544 animal
673 1515 745 1545 hinc
764 1515 890 1545 minime
905 1515 1052 1555 agitetur,
1076 1525 1185 1545 sensus
1198 1525 1309 1556 expers
1327 1514 1371 1551 id,
1388 1514 1476 1555 quod
1491 1514 1619 1555 patitur,

156 1573 268 1599 exstat.
289 1567 324 1598 id
334 1568 473 1609 profecto
485 1568 568 1599 circa
579 1579 649 1599 ossa
658 1569 853 1611 capillosque
863 1575 897 1600 et
908 1570 1042 1610 reliquas
1052 1574 1169 1610 partes,
1181 1579 1251 1610 quae
1263 1576 1393 1600 terrenae
1406 1574 1441 1599 ut
1451 1569 1618 1610 plurimum

158 1621 194 1652 in
208 1622 300 1652 nobis
317 1627 399 1658 sunt,
409 1622 537 1653 accidit.
558 1623 644 1653 visus
655 1633 728 1654 vero
741 1628 774 1654 et
784 1623 908 1654 auditus
917 1624 1125 1654 insti-iuuenta
1137 1624 1226 1654 aliter
1242 1624 1371 1654 omnino
1387 1623 1535 1659 efficiunt,
1548 1624 1622 1664 quia

154 1676 220 1707 illis
228 1676 311 1717 ignis
322 1676 467 1718 aerisque
477 1677 524 1707 vis
531 1678 668 1707 maxima
678 1677 772 1708 inest.
789 1677 875 1719 quod
882 1683 1036 1719 praeterea
1046 1677 1088 1709 ad
1099 1678 1292 1719 voluptatem
1301 1678 1415 1708 attinet
1424 1683 1458 1708 et
1469 1678 1621 1713 dolorem,

153 1730 200 1761 ita
224 1730 446 1761 consideretur.
468 1731 571 1772 passio
592 1731 746 1762 violenter
761 1737 938 1772 praeterque
954 1738 1097 1762 naturam
1112 1733 1237 1763 abunde
1254 1732 1408 1774 simulque
1424 1732 1517 1763 nobis
1532 1732 1622 1762 illata

157 1785 292 1816 molesta
323 1785 377 1815 fit:
408 1796 513 1816 rursus
536 1796 606 1827 quae
632 1786 666 1816 in
692 1790 837 1816 naturam
863 1785 988 1816 abunde
1012 1787 1166 1827 simulque
1193 1787 1367 1822 revertitur,
1393 1786 1492 1816 dulcis
1505 1798 1512 1815 :
1550 1796 1620 1826 quae

156 1845 266 1871 contra
288 1839 334 1876 fit,
350 1845 469 1871 contra.
493 1840 599 1881 passio
614 1850 685 1871 vero
701 1850 814 1881 mag-na
824 1851 896 1871 cum
908 1840 1060 1871 facilitate
1076 1841 1165 1870 illata
1181 1841 1314 1871 sentitur
1329 1840 1458 1881 quidem
1472 1840 1620 1875 maxime,

154 1894 325 1935 voluptatis
336 1899 442 1926 autem
456 1900 490 1924 et
501 1894 615 1926 doloris
629 1894 760 1924 minime
774 1895 934 1935 particeps
949 1899 1008 1924 est.
1031 1893 1211 1935 hujusmodi
1226 1900 1309 1930 sunt,
1335 1905 1406 1936 quae
1432 1904 1470 1925 ex
1491 1903 1622 1936 aspectu

156 1949 355 1990 proveniunt,
381 1949 433 1979 cui
459 1948 588 1990 quidem
614 1959 728 1989 corpus
754 1953 894 1979 nostrum
918 1953 1087 1990 cog-natum
1111 1949 1179 1979 fieri
1199 1949 1231 1979 in
1242 1949 1293 1979 die
1310 1959 1403 1990 supra
1417 1949 1621 1980 narravimus.

156 2003 231 2034 huic
250 2003 431 2033 adustiones
457 2003 664 2039 sectionesve,
696 2008 728 2033 et
744 2013 937 2044 quaecunque
951 2004 1116 2044 passiones
1131 2002 1320 2044 hujusmodi,
1338 2003 1478 2033 dolorem
1491 2013 1555 2033 non
1571 2003 1620 2034 in-

157 2057 263 2088 ferunt
278 2068 288 2096 ;
311 2067 370 2088 nec
393 2057 500 2093 etiam,
525 2056 652 2098 quando
677 2057 711 2087 in
738 2067 827 2088 suam
853 2058 993 2099 speciem
1017 2058 1052 2088 fit
1078 2058 1241 2094 restitutio,
1273 2057 1483 2098 voluptatem.
1511 2067 1620 2088 sensus

154 2116 262 2142 tamen
273 2111 475 2142 vehementes
485 2112 709 2152 clarissimique
719 2112 781 2153 ipsi
792 2117 985 2154 competunt,
996 2117 1151 2154 quatenus
1161 2111 1281 2153 aliquid
1292 2112 1418 2153 patitur,
1428 2111 1619 2152 incurritque

154 2166 188 2197 in
197 2165 316 2208 aliquid
328 2170 361 2196 et
372 2165 508 2207 attingit.
529 2166 679 2196 violentia
690 2166 845 2207 siquidem
856 2165 950 2207 hujus
959 2165 1141 2197 discretioni
1150 2166 1385 2197 concretionive
1397 2166 1482 2196 nulla
1493 2165 1620 2206 penitus

155 2221 250 2252 inest.
293 2221 432 2262 Corpora
457 2230 532 2251 vero
555 2230 594 2251 ex
617 2220 757 2262 partibus
772 2220 987 2262 grandioribus
1007 2221 1179 2252 constituta
1203 2226 1237 2251 et
1258 2221 1310 2250 vix
1333 2220 1440 2261 agenti
1461 2219 1619 2255 cedentia,

155 2275 282 2316 quando
293 2275 450 2306 motiones
460 2275 564 2305 illatas
573 2275 605 2305 in
619 2280 720 2306 totum
733 2285 844 2316 corpus
853 2275 1022 2317 trajiciunt,
1040 2275 1214 2316 voluptates
1225 2274 1410 2315 doloresque
1435 2274 1599 2305 continent
1612 2285 1618 2303 ε

156 2328 283 2370 quando
306 2328 453 2360 videlicet
468 2339 486 2359 e
502 2339 558 2360 suo
574 2334 657 2360 statu
675 2335 852 2365 moventur,
868 2329 1002 2366 dolores,
1028 2328 1103 2371 [65]
1129 2329 1255 2370 quando
1269 2328 1414 2365 redeunt,
1430 2329 1618 2369 voluptates.

156 2393 350 2424 quascunque
371 2383 524 2424 paulatim
549 2385 711 2415 abscessus
730 2384 1016 2426 evacuationesque
1035 2384 1082 2414 sui
1094 2384 1322 2425 perpetiuntur,
1338 2383 1529 2424 repletione—s
1545 2392 1619 2412 vero

156 2437 250 2468 simul
269 2442 362 2478 atque
386 2437 522 2473 abunde,
535 2448 603 2468 cum
629 2439 842 2470 evacuationis
858 2438 987 2480 quidem
1002 2449 1128 2469 sensum
1143 2438 1280 2468 habeant
1290 2437 1423 2473 nullum,
1437 2436 1621 2478 repletionis

155 2497 263 2522 autem
284 2491 430 2527 habeant,
440 2492 564 2522 mortali
573 2492 685 2523 animae
694 2493 793 2534 ipsius
804 2493 954 2534 potentiae
969 2492 1090 2524 dolores
1105 2493 1221 2527 nullos,
1239 2492 1414 2532 voluptates
1424 2501 1496 2522 vero
1519 2491 1616 2521 maxi-

158 2556 227 2577 mas
241 2546 375 2576 afferunt
389 2557 396 2575 :
413 2545 497 2586 quod
510 2555 545 2575 ex
559 2548 701 2577 suavium
712 2546 842 2578 odorum
854 2548 1060 2589 perceptione
1074 2547 1280 2588 cognoscitur.
1295 2552 1326 2576 at
1336 2556 1405 2586 quae
1417 2556 1433 2576 e
1445 2555 1502 2576 sua
1509 2550 1619 2576 natura

156 2600 247 2631 simul
271 2606 305 2631 et
325 2599 449 2630 abunde
467 2600 635 2641 pelluntur,
661 2602 813 2642 paulatim
838 2612 909 2633 vero
928 2603 981 2632 vix
1003 2603 1037 2633 in
1063 2612 1135 2633 eam
1156 2601 1369 2636 restituuntur,
1395 2605 1502 2630 contra
1525 2610 1619 2642 quam

156 2655 318 2696 superiora
335 2655 417 2686 affici
442 2654 554 2685 solent.
577 2656 636 2686 hoc
659 2656 754 2696 plane
774 2656 808 2687 in
833 2656 978 2688 secandis
1000 2656 1189 2697 urendisque
1205 2655 1352 2686 membris
1363 2659 1502 2696 apparet.
1545 2654 1618 2686 Janl

156 2719 338 2741 communes
349 2709 408 2740 toti
417 2709 538 2750 corpori
546 2709 708 2750 passiones
722 2720 838 2752 easque
853 2711 1054 2742 inferentium
1070 2715 1280 2752 cognomenta
1294 2709 1506 2740 tractavimus.
1537 2719 1620 2739 nunc

155 2763 320 2803 igitureas,
334 2773 404 2805 quae
421 2763 514 2794 certis
525 2765 624 2795 nostri
632 2765 770 2806 corporis
783 2765 921 2806 partibus
931 2765 1089 2806 accidunt,
1107 2771 1138 2796 et
1152 2763 1236 2795 unde
1251 2763 1450 2805 proveniunt,
1465 2762 1615 2804 quibusve

158 2816 262 2848 tausis
286 2816 468 2852 inferuntur,
482 2827 537 2857 pro
553 2817 664 2848 viribus
675 2828 878 2859 exponamus.
901 2820 1067 2860 principio,
1080 2829 1150 2859 quae
1167 2828 1271 2860 supra,
1287 2818 1413 2859 quando
1427 2816 1467 2847 de
1484 2816 1618 2846 humori-

160 2869 218 2899 bus
250 2870 428 2910 agebamus,
448 2870 639 2912 reliquimus,
668 2883 737 2903 cuni
764 2873 879 2914 linguae
906 2874 1068 2915 passiones
1094 2871 1167 2908 sint,
1191 2872 1217 2903 si
1242 2882 1304 2913 quo
1328 2870 1421 2902 modo
1446 2880 1619 2911 possumus,

160 2922 365 2956 declaremus.
386 2923 530 2957 videntur
555 2931 661 2958 autem
678 2927 755 2964 haec,
772 2927 1037 2969 quemadmodum
1052 2933 1085 2958 et
1099 2927 1162 2959 alia
1174 2926 1283 2968 multa,
1295 2923 1533 2957 discretionibus
1548 2922 1618 2964 qui-
