1840 3225
56 264 154 315 502]
477 263 549 300 DE
579 260 884 298 REPUBLICA
919 260 1013 299 LIB.
1038 262 1104 299 VI.
1437 261 1512 298 175

54 376 148 409 quem
172 366 321 409 pingendi
345 365 442 407 [501]
467 365 591 395 modum
618 363 723 395 dicis?
766 363 821 395 So.
845 362 925 394 Cum
955 365 1087 405 pictores
1114 365 1145 396 hi
1168 364 1325 396 civitatem
1350 368 1382 395 et
1412 374 1513 395 mores

54 421 228 459 hominum,
243 421 330 463 quasi
348 420 481 450 tabulam
497 418 666 459 quandam,
682 417 872 459 acceperint,
888 418 918 448 in
937 418 1043 458 primis
1057 429 1124 450 eam
1141 419 1317 460 purgabunt
1331 430 1338 449 :
1355 418 1439 460 quod
1457 429 1513 449 ne-

16 488 18 490 ’
55 486 210 518 quaquam
225 475 316 507 facile
331 480 388 505 est.
431 473 483 504 An
502 473 602 504 nescis
617 473 676 503 hoc
693 472 852 513 praecipue
869 472 907 501 ab
924 472 992 502 aliis
1010 473 1210 513 philosophos
1225 473 1411 514 discrepare,
1426 473 1513 514 quod

55 539 158 570 neque
183 528 335 570 privatum
361 537 461 568 neque
487 526 644 557 civitatem
669 531 808 566 tangere,
833 536 934 566 neque
952 526 1034 567 leges
1050 527 1184 557 condere
1201 531 1331 562 tentant,
1347 531 1514 567 autequam

55 583 105 614 vel
130 583 197 614 haec
222 586 351 624 purgata
374 581 565 622 susceperint
586 580 634 611 vel
657 579 718 621 ipsi
742 580 962 621 purgaverint?
1010 581 1094 611 Anr.
1118 580 1158 610 Et
1179 587 1259 611 recte
1275 581 1413 621 quidem.
1456 580 1514 611 So.

56 636 109 667 An
124 647 187 667 non
203 636 374 667 describere
389 646 441 666 eos
458 640 529 676 post
557 635 624 676 hage
652 639 742 675 putas
759 634 800 664 rei
817 633 950 676 publicae
966 634 1092 665 formam
1107 635 1118 665 ?
1164 634 1246 666 Am.
1269 634 1388 671 Quidni
1402 635 1412 664 ἓ
1458 635 1516 666 So.

55 689 184 721 Deinde
199 695 325 731 agentes
339 691 418 730 haec,
433 694 466 720 ut
481 689 618 726 arbitror,
642 689 679 719 ad
698 693 827 729 utraque
844 689 1020 729 frequenter
1043 689 1221 730 respicient,
1236 689 1275 719 ad
1291 688 1367 718 illud
1384 688 1516 729 scilicet,

56 744 141 786 quod
157 748 266 775 natura
277 743 409 784 justum,
425 744 588 774 honestum
605 749 636 773 et
660 748 866 784 temperatum
890 743 1021 780 exsistit,
1037 749 1200 784 ceteraque
1215 742 1405 783 hujusmodi,
1420 748 1515 784 atque

53 797 164 829 iterum
180 798 219 828 ad
236 798 391 827 humana:
407 804 440 828 et
453 798 493 828 ad
507 797 673 839 superioris
689 797 772 827 illius
789 797 947 838 exemplar
956 798 1091 828 humana
1105 797 1286 838 disponent,
1301 808 1338 827 ex
1354 796 1514 827 hominum

55 851 163 883 officiis
177 856 316 882 naturam
333 852 496 882 humanam
513 857 786 893 contemperantes
810 852 850 882 ad
867 852 994 893 figuram
1011 851 1091 893 ejus,
1107 853 1192 893 quod
1209 851 1374 888 Homerus,
1388 851 1515 892 quando

53 906 86 937 in
112 905 290 936 hominibus
306 906 352 943 fit,
369 905 431 937 Dei
447 906 583 947 speciem
607 913 640 937 et
655 906 820 947 imaginem
845 906 1027 948 appellavit.
1074 906 1155 938 Am.
1179 906 1274 937 Scite.
1319 906 1372 936 So.
1397 905 1514 936 Partim

56 970 129 1002 ergo
145 961 297 991 delebunt
313 961 504 1002 philosophi,
520 961 629 1002 partim
647 961 738 991 etiam
756 960 950 998 colorabunt,
963 971 1125 1002 quousque
1136 961 1288 991 humanos
1300 970 1411 996 mores,
1423 969 1516 1001 quam

55 1014 188 1045 maxime
204 1014 270 1045 fieri
285 1019 399 1055 potest,
413 1014 485 1046 Deo
501 1016 534 1045 iu
553 1026 656 1046 amore
684 1014 914 1056 conjunxerint.
960 1014 1044 1045 Am.
1069 1015 1279 1046 Pulcherrima
1293 1014 1434 1045 nimirum
1450 1014 1517 1046 haec

55 1074 104 1100 est
118 1070 249 1110 pictura.
293 1069 350 1100 So.
375 1068 427 1099 An
445 1070 666 1110 persuademus
683 1069 755 1106 illis,
771 1069 963 1110 quosinvehi
977 1070 1007 1099 in
1020 1080 1076 1099 nos
1088 1069 1224 1105 dicebas,
1236 1068 1329 1100 talem
1341 1079 1407 1100 esse
1417 1079 1517 1099 rerum

55 1123 250 1165 publicarum
267 1123 416 1164 pic¹orem
433 1134 503 1154 eum
519 1124 629 1160 virum,
649 1134 743 1165 quem
767 1134 861 1164 supra
883 1124 968 1165 apud
991 1134 1044 1154 eos
1061 1123 1268 1159 laudavimus,
1282 1122 1389 1164 illique
1415 1122 1519 1163 indig-

57 1179 123 1209 nati
139 1183 223 1215 sunt,
239 1179 324 1220 quod
341 1178 416 1209 huic
442 1177 600 1209 civitatem
628 1178 861 1219 gubernandam
885 1178 1167 1209 committeremus:
1192 1188 1276 1208 nuuc
1301 1188 1373 1208 vero
1390 1177 1519 1218 aequiori

57 1231 162 1262 animo
186 1232 246 1263 hoc
269 1232 423 1263 audiunt?
468 1231 551 1262 Aur.
574 1231 615 1261 Et
636 1231 769 1261 maxime
798 1232 938 1272 quidem,
964 1231 989 1261 si
1010 1232 1149 1272 sapiunt.
1194 1232 1248 1261 So.
1272 1231 1345 1268 Qua
1369 1241 1454 1262 nune
1482 1231 1518 1262 in

56 1291 144 1328 parte
159 1286 248 1317 nobis
263 1285 532 1317 adversabuntur?
557 1290 658 1315 utrum
674 1295 792 1330 eorum,
809 1295 879 1325 quae
903 1295 974 1315 vere
1001 1290 1084 1321 sunt,
1100 1284 1299 1325 veritatisque
1313 1284 1412 1326 ipsius
1434 1295 1518 1315 ama-

55 1345 136 1371 tores
151 1350 214 1370 non
229 1350 295 1370 esse
311 1333 514 1381 philosophos
538 1339 697 1370 asserent?
743 1338 824 1369 Am.
846 1338 1024 1370 Absurdum
1051 1339 1177 1379 quidem
1202 1339 1233 1369 id
1250 1344 1342 1371 esset.
1386 1339 1444 1370 So.
1465 1339 1518 1369 An

55 1394 136 1425 forte
149 1394 309 1436 negabunt
323 1399 462 1425 naturam
480 1393 750 1436 philosophorum,
774 1404 867 1435 quam
891 1393 1091 1433 narravimus,
1109 1394 1220 1434 optimi
1235 1393 1333 1434 ipsius
1348 1403 1414 1424 esse
1429 1392 1519 1424 fami-

55 1448 159 1480 liarem
174 1449 184 1479 ?
230 1447 313 1480 Am.
337 1447 451 1490 Neque
479 1448 540 1479 hoc
567 1448 706 1489 quidem.
751 1449 807 1479 So.
832 1448 918 1485 Quid
947 1458 1030 1484 vero,
1056 1448 1136 1478 hanc
1165 1447 1310 1488 congruis
1337 1446 1518 1478 instructam

56 1502 176 1545 officim,
191 1501 332 1534 absolute
350 1503 461 1533 bonam
477 1503 543 1534 fore
559 1513 594 1534 ac
618 1513 682 1544 prae
706 1503 816 1534 ceteris
831 1501 995 1544 sapientiae
1020 1502 1203 1543 proximam,
1219 1506 1351 1532 renuent
1366 1501 1377 1531 ?
1401 1501 1450 1532 vel
1465 1512 1520 1532 eos

54 1557 231 1598 probabunt
244 1556 353 1598 magis,
367 1557 517 1599 quosipsi
535 1557 744 1587 secrevimus?
779 1555 863 1588 Am.
887 1555 1107 1596 Nequaquam.
1144 1555 1199 1586 So.
1223 1554 1276 1585 An
1292 1555 1521 1586 succensebunt

56 1611 159 1642 adhuc
172 1611 349 1642 dicentibus
365 1612 466 1650 nobis,
481 1611 578 1652 quod,
592 1610 651 1641 nisi
666 1611 924 1652 philosophorum
940 1620 1037 1652 genus
1051 1610 1186 1640 civitatis
1201 1609 1350 1650 suscipiat
1366 1610 1518 1651 guberna-

55 1664 138 1702 cula,
152 1675 212 1696 nec
226 1665 347 1697 civitati
362 1676 420 1697 nec
443 1665 563 1697 civibus
586 1665 644 1696 erit
667 1665 788 1707 requies
812 1664 875 1695 ulla
899 1664 1031 1705 finisque
1047 1664 1219 1694 malorum?
1243 1673 1301 1694 nec
1317 1674 1364 1694 res
1382 1663 1520 1705 publica,

56 1729 150 1762 quarn
165 1718 305 1751 oratione
330 1720 544 1756 describimus,
573 1720 606 1750 in
630 1720 733 1751 lucem
749 1719 923 1751 exorietur?
971 1718 1054 1750 Aur.
1078 1718 1170 1749 Forte
1186 1718 1299 1749 minus.
1342 1717 1399 1750 So.
1422 1717 1521 1750 Visne

55 1773 197 1805 dicamus
219 1785 273 1806 eos
294 1784 359 1805 non
384 1785 506 1816 parum,
533 1775 589 1806 sed
612 1784 736 1816 prorsus
759 1775 848 1805 mites
871 1784 1096 1816 persuasosque
1111 1773 1231 1812 fuisse3
1254 1783 1295 1803 ne
1318 1773 1415 1815 [502]
1440 1772 1520 1803 forte

56 1828 273 1859 erubescentes
298 1828 417 1871 aliquid
444 1829 529 1860 aliud
555 1829 786 1860 confiteantur?
834 1828 917 1860 Am.
940 1828 1071 1870 Absque
1094 1827 1203 1859 dubio.
1247 1827 1303 1858 So.
1328 1826 1398 1858 Hoc
1427 1826 1521 1868 igitur

54 1880 107 1912 isti
123 1881 260 1923 persuasi
271 1881 338 1924 jam
353 1882 427 1915 sint.
449 1884 490 1914 de
505 1884 565 1914 hoc
589 1888 691 1914 autern
708 1883 777 1925 quis
802 1882 950 1923 ambiget,
966 1882 1042 1923 quin
1063 1892 1170 1922 regum
1186 1881 1421 1922 potentiumque
1437 1880 1519 1911 viro-

57 1944 124 1966 rum
149 1935 206 1967 filii
231 1936 411 1979 philosophi
437 1937 585 1968 nascituri
607 1948 671 1968 non
701 1937 788 1968 sint?
833 1937 917 1967 Am.
940 1935 1054 1967 Nemo.
1099 1936 1154 1967 So.
1178 1935 1289 1966 Posset
1317 1939 1421 1965 autern
1449 1934 1519 1976 quis

55 1988 317 2032 adjicere‚qu0d,
332 1991 451 2022 etiamsi
461 1991 540 2022 tales
557 1997 735 2033 nascantur,
748 1991 900 2033 inquinari
916 2001 969 2022 eos
984 2001 1111 2022 necesse
1127 1990 1188 2020 sit:
1206 1989 1291 2030 quod
1307 1988 1389 2020 enim
1406 1988 1518 2020 servari

56 2052 75 2073 a
91 2043 219 2075 maculis
233 2054 343 2085 purum
366 2046 484 2077 ardium
501 2046 551 2082 sit,
576 2057 632 2077 nos
656 2057 781 2088 quoque
807 2045 1023 2077 concedimus.
1072 2044 1152 2081 Quis
1178 2049 1282 2075 autem
1296 2043 1375 2074 illud
1391 2043 1518 2085 insuper

56 2097 165 2134 addet,
179 2097 214 2128 in
229 2098 313 2129 omni
334 2103 473 2140 tempore
487 2111 523 2130 ex
540 2101 683 2131 omnibus
710 2100 886 2131 hominibus
903 2110 941 2130 ne
958 2109 1053 2130 unum
1069 2099 1195 2140 quidem
1212 2108 1349 2139 unquam
1364 2098 1518 2139 integrum

55 2149 350 2195 immaculatumque
377 2154 507 2185 evadere
533 2165 634 2196 posse.
681 2154 764 2185 Ani.
786 2154 902 2185 Nullus
926 2154 987 2185 hoc
1013 2153 1134 2185 dixerit.
1178 2153 1236 2185 So.
1260 2152 1306 2183 At
1329 2163 1400 2184 vero
1424 2161 1519 2189 unus,

55 2210 165 2235 natura
180 2205 224 2238 sic
247 2206 406 2238 institutus
422 2208 644 2250 civitatemque
670 2215 779 2240 nactus
803 2210 1014 2245 obedientem,
1038 2207 1193 2239 sufficiens
1207 2207 1308 2238 estad
1323 2207 1390 2237 haec
1413 2206 1520 2237 onmia

58 2259 256 2300 perficienda,
273 2271 342 2302 quae
365 2272 449 2294 nunc
473 2268 505 2293 ut
528 2263 736 2304 impossibilia
761 2265 973 2305 reprobantur.
1017 2262 1099 2293 Aur·
1120 2261 1282 2293 Sufficiens
1297 2261 1416 2302 utique.
1461 2261 1520 2291 So.

58 2312 167 2350 Porro,
182 2314 207 2344 si
222 2314 368 2357 princeps
383 2316 495 2358 aliquis
511 2317 594 2359 leges
610 2323 643 2348 et
658 2317 772 2358 officia,
784 2328 853 2358 quae
865 2317 1066 2353 narravimus,
1082 2317 1220 2352 mandet,
1231 2315 1314 2346 haud
1326 2314 1519 2356 impossibile

57 2371 104 2396 est
119 2366 202 2397 cives
216 2367 263 2398 his
285 2369 415 2410 obsequi
431 2370 521 2401 velle.
566 2370 650 2402 Ani.
674 2371 748 2402 Non
764 2377 858 2402 certe.
904 2370 960 2401 So.
985 2370 1085 2412 Atqui
1112 2370 1226 2401 sentire
1250 2374 1282 2400 et
1297 2369 1374 2399 alios
1395 2368 1518 2403 eadem,

60 2430 131 2461 quae
155 2426 187 2452 et
210 2421 270 2463 ipsi
295 2424 457 2460 sentimus,
483 2435 559 2456 num
582 2426 691 2457 mirum
717 2432 771 2457 aut
793 2425 985 2467 impossibile
1009 2425 1078 2456 est?
1124 2424 1205 2456 Aur.
1228 2423 1314 2459 Non,
1331 2428 1365 2453 ut
1379 2422 1517 2453 arbitror.

58 2473 114 2506 So.
139 2473 233 2511 Quod
250 2482 352 2507 autem
367 2478 486 2518 optima
501 2480 567 2510 haec
583 2480 656 2516 sint,
679 2481 831 2522 siquidem
857 2479 1025 2521 possibilia,
1054 2481 1127 2510 satis
1150 2488 1243 2520 supra
1258 2482 1316 2517 est,
1329 2483 1364 2507 ut
1378 2477 1518 2512 arbitror,

60 2527 262 2569 disputatum.
307 2531 388 2561 Anr.
411 2532 504 2562 Satis.
550 2533 605 2565 So.
631 2536 735 2571 Quare
761 2546 797 2565 ex
823 2535 881 2571 his,
898 2545 968 2576 quae
984 2534 1068 2565 dicta
1084 2539 1166 2569 sunt,
1184 2531 1333 2573 sequitur,
1350 2537 1384 2561 ut
1400 2530 1520 2571 optima.

61 2580 164 2612 futura
179 2583 252 2625 sint,
269 2593 339 2625 quae
354 2585 394 2615 de
418 2585 538 2627 legibus
560 2587 695 2619 ferendis
720 2588 931 2630 praediximuS,
947 2589 973 2619 si
999 2593 1130 2629 agantur
1145 2599 1151 2617 ε
1176 2585 1313 2617 difficilia
1328 2586 1401 2615 item
1418 2585 1517 2620 factu,

61 2644 124 2666 non
140 2640 243 2667 tamen
260 2638 477 2679 impossibilia.
521 2640 605 2672 Am.
628 2642 773 2684 Sequitur
799 2642 901 2684 plane.
948 2643 1004 2673 So.
1030 2642 1199 2682 Postquam
1216 2640 1264 2669 vix
1281 2639 1407 2670 tandem
1423 2639 1517 2669 finem

62 2689 110 2720 his
124 2690 337 2733 imposuimus,
353 2694 392 2723 ad
409 2693 529 2736 reliqua
540 2695 604 2736 jam
632 2698 836 2738 pergendum,
853 2708 913 2739 qua
938 2697 1056 2728 ratione
1071 2695 1218 2726 videlicet
1231 2694 1407 2735 quibusque
1423 2692 1518 2723 disci-

60 2743 154 2784 plinis
168 2750 200 2776 et
213 2748 323 2778 studiis
337 2748 481 2780 instructi
497 2755 588 2780 erunt
609 2749 702 2791 hujus
719 2757 831 2782 nostrae
854 2752 897 2782 rei
914 2751 1047 2793 publicae
1063 2754 1243 2790 servatores,
1253 2752 1285 2779 et
1300 2757 1362 2789 qua
1378 2746 1410 2777 in
1426 2751 1518 2777 aetate

61 2796 174 2838 singuli
191 2800 312 2842 singula
326 2803 525 2835 exercebunt.
562 2803 645 2835 Am.
668 2803 719 2836 De
734 2805 781 2836 his
797 2812 878 2837 certe
891 2806 957 2847 jam
973 2804 1152 2835 dicendum.
1184 2803 1240 2834 So.
1263 2801 1517 2842 Haudquaquam

64 2851 221 2892 sapienter
234 2855 310 2886 mihi
325 2860 427 2887 actum
443 2861 502 2898 est,
518 2867 589 2888 cum
606 2857 637 2888 in
654 2858 863 2900 superioribus
886 2859 1060 2900 reliquerim
1076 2857 1336 2888 matrimoniorum
1352 2854 1518 2886 difficulta-

63 2908 126 2935 tem
153 2911 246 2948 atque
275 2909 459 2952 molestiam,
493 2911 689 2954 filiorumque
721 2913 964 2953 procreationem
994 2917 1025 2943 et
1049 2911 1302 2942 constitutionem
1330 2908 1518 2950 principum.

65 2959 230 2993 noscebam
245 2961 341 3003 enirn,
357 2973 448 3004 quam
463 2965 617 2996 invidiosa
632 2976 678 2997 res
696 2972 777 2997 esset
789 2966 936 3007 factuque
951 2966 1096 3002 difficilis,
1113 2965 1160 2996 vel
1177 2964 1302 2996 omnino
1319 2972 1399 2995 vera.
1423 2960 1518 2991 Nunc
