1840 3225
249 167 328 205 270
850 160 1114 200 PLAToNJs
1627 165 1698 217 [ει

249 268 378 300 lationis
397 267 534 304 initium,
560 265 732 297 secundum
758 264 947 307 principium
971 266 1147 303 velocioris,
1163 265 1325 298 inducunt.
1349 266 1424 298 dum
1438 276 1511 298 vero
1523 266 1704 298 desinentes

249 322 396 354 motionis
407 320 644 352 similitudinem
655 319 715 350 sibi
728 319 886 362 quandam
898 321 1146 356 accommodant,
1158 331 1254 351 unum
1263 331 1301 351 ex
1316 325 1408 352 acuta
1419 326 1452 352 et
1465 321 1551 362 gravi
1564 331 1702 353 concen-

248 383 317 409 tum
340 381 588 418 contemperant.
609 374 693 405 unde
718 374 938 416 insipientibus
953 376 1157 416 voluptatem,
1181 375 1375 416 sapientibus
1387 375 1547 416 gaudium,
1573 382 1702 417 propter

247 432 365 462 divinae
384 431 552 461 barmoniae
575 429 783 460 imitationem
797 429 1006 460 inlationibus
1016 429 1197 460 mortalibus
1208 435 1374 470 repertam,
1389 430 1539 461 tribuunt.
1582 429 1704 460 Eadem

247 486 328 517 ratio
344 490 392 516 est
406 485 446 515 de
461 494 611 526 aquarum
624 483 768 520 fluxibus,
785 482 825 513 de
839 483 1004 513 fulminum
1018 484 1149 524 impetu,
1165 483 1204 513 de
1217 484 1324 515 electri
1337 483 1474 514 mirabili
1487 484 1543 514 illo
1557 487 1707 519 attractu,

248 540 402 581 lapidisve
422 540 516 575 illius,
538 539 593 579 qui
614 537 780 568 Heraclius
802 538 988 572 nominatur,
1009 548 1116 568 revera
1139 537 1255 568 nullius
1283 538 1393 568 horum
1406 537 1552 568 attractio
1568 537 1623 568 fit:
1648 536 1706 567 sed

249 605 322 626 cum
341 603 495 635 nusquam
515 593 555 623 sit
575 602 719 627 vacuum,
740 596 772 622 et
789 593 855 622 haec
868 602 902 622 se
917 592 1053 622 invicem
1067 592 1194 632 pulsent
1206 597 1300 633 atque
1315 592 1488 633 repulsent,
1500 596 1708 633 concretaque

248 653 282 679 et
298 648 435 679 discreta
448 658 537 678 suum
563 648 667 677 locum
683 646 806 687 singula
822 651 963 687 poscant,
977 646 1121 688 diligenti
1135 646 1244 677 harum
1255 656 1360 677 rerum
1372 645 1587 688 investigator-i
1603 655 1642 676 ex
1658 646 1710 676 his

249 703 368 734 mutuis
383 701 581 744 passionibus
604 705 732 731 eventus
747 700 796 730 illi
815 700 974 730 mirabiles
994 700 1174 741 contingere
1189 700 1388 731 videbuntur.
1414 706 1509 741 atque
1531 699 1710 741 respiratio,

247 757 332 788 unde
359 757 419 788 huc
449 755 579 797 digressi
603 764 719 789 sumus,
745 754 784 784 ab
813 753 862 784 his
887 754 990 784 causis
1015 760 1048 784 et
1071 755 1153 784 hunc
1177 754 1210 784 in
1237 753 1377 790 modum,
1400 760 1435 785 ut
1453 763 1547 795 supra
1561 753 1709 790 diximus,

249 810 404 853 provenit.
433 809 507 840 dum
531 809 679 839 videlicet
692 807 776 849 ignis
787 807 872 838 cibos
888 807 1011 843 dividit,
1024 809 1226 849 elevaturque
1242 808 1428 839 intrinsecus
1442 814 1603 840 assecutus
1617 808 1710 849 spiri-

248 871 328 901 tum,
351 874 449 895 venas
473 873 492 894 a
504 868 614 893 ventre
626 862 783 893 communi
798 861 974 892 elevatione
990 861 1166 903 hujusmodi
1178 863 1291 903 replet,
1304 872 1341 893 ex
1357 872 1395 892 eo
1411 861 1495 903 quod
1512 862 1619 893 attrita
1631 861 1707 893 inde

248 919 352 951 lraurit
365 930 372 948 τ
397 923 430 949 et
451 918 491 948 ob
508 918 590 947 hanc
611 916 765 947 rationem
786 925 842 955 per
851 920 951 946 totum
965 914 1147 945 animalium
1158 915 1300 946 omnium
1315 926 1427 956 corpus
1441 916 1660 947 alimentorum
1671 917 1710 946 li-

248 983 362 1015 quores
374 972 498 1013 penitus
510 969 738 1000 diffunduntur.
751 969 856 999 statim
867 979 939 999 vero
949 969 1056 1000 attrita
1068 974 1100 1000 et
1111 979 1130 1000 a
1141 969 1284 1011 cognatis
1295 969 1360 1000 suis
1373 969 1488 1006 ablata,
1501 969 1616 1011 partim
1628 969 1709 1000 fruc-

249 1026 331 1057 tibus
344 1026 456 1067 partim
478 1023 678 1066 graminibuS‚
702 1034 771 1064 quae
798 1023 889 1054 Deus
908 1023 950 1053 ad
965 1023 1146 1054 alimoniam
1161 1023 1297 1065 corporis
1309 1024 1407 1054 nostri
1420 1023 1577 1065 produxit,
1591 1023 1713 1055 colores

252 1086 380 1122 propter
395 1079 579 1110 mixtionem
603 1078 729 1109 omnino
742 1077 843 1108 varios
855 1077 989 1109 habent:
1004 1077 1062 1109 sed
1072 1078 1223 1119 plurimus
1231 1078 1262 1108 in
1275 1078 1325 1108 his
1333 1078 1446 1109 rubeus
1455 1078 1606 1119 praevalet
1615 1079 1713 1114 color,

250 1134 341 1176 cujus
358 1138 470 1164 natura
498 1143 535 1163 ex
548 1133 631 1173 ignis
643 1132 784 1173 portione
796 1137 829 1162 et
841 1131 1031 1163 abstersione
1044 1132 1078 1162 in
1088 1131 1215 1163 humido
1230 1132 1314 1163 facta
1319 1132 1476 1173 provenit.
1497 1138 1665 1174 propterea
1674 1143 1693 1164 e
1701 1150 1713 1155 -

247 1188 314 1230 jus,
325 1188 409 1230 quod
422 1188 456 1218 in
471 1193 571 1218 totum
585 1197 694 1228 corpus
704 1191 878 1227 permanat,
893 1187 977 1217 color
991 1187 1063 1218 talis
1078 1192 1208 1228 aspectu
1218 1191 1276 1223 est,
1293 1187 1418 1227 qualem
1433 1186 1580 1217 diximus.
1594 1185 1629 1217 id
1640 1196 1712 1217 san-

249 1243 378 1285 guinem
387 1241 626 1277 nominavimus,
641 1241 777 1271 carnium
793 1245 826 1271 et
837 1241 974 1271 universi
986 1241 1124 1282 corporis
1137 1241 1300 1282 pabulam:
1315 1240 1389 1283 [81]
1402 1240 1487 1271 unde
1498 1240 1639 1282 irrigatio
1649 1240 1714 1271 dis-

248 1297 364 1329 tributa
375 1297 488 1338 passim
501 1297 650 1326 exhausta
659 1300 771 1326 cuncta
782 1296 895 1335 replet.
907 1294 1020 1325 modus
1043 1301 1148 1325 autem
1166 1295 1358 1336 impletionis
1373 1295 1626 1326 evacuationisve
1641 1295 1715 1325 talis

250 1355 309 1388 est,
329 1351 430 1393 qualis
439 1351 473 1381 in
485 1350 630 1380 universo
640 1348 808 1390 cujuslibet
823 1349 909 1384 latio,
925 1359 982 1390 per
997 1359 1090 1389 quam
1102 1353 1270 1390 cognatum
1284 1348 1448 1389 quodlibet
1460 1348 1501 1379 ad
1516 1358 1548 1379 se
1561 1349 1666 1389 ipsum
1678 1359 1712 1379 se

249 1406 382 1437 confert.
395 1415 464 1447 quae
489 1404 573 1435 enim
588 1403 678 1433 nobis
693 1403 884 1434 extrinsecus
899 1403 1084 1434 circumfusa
1097 1408 1179 1438 sunt,
1195 1403 1357 1433 resolvunt
1371 1413 1428 1434 nos
1448 1402 1571 1434 assidue
1591 1408 1625 1433 et
1649 1402 1717 1433 sin-

250 1461 338 1501 gulas
359 1459 458 1490 nostri
479 1458 639 1500 portiones
661 1456 702 1487 ad
724 1457 845 1498 species
867 1467 938 1488 suas
959 1457 1039 1487 foras
1062 1457 1220 1487 emittunt.
1251 1457 1425 1498 sanguinea
1461 1467 1545 1492 vero,
1568 1457 1602 1487 in
1624 1456 1717 1487 nobis

249 1513 359 1544 attrita
369 1513 552 1553 inclusaque
566 1512 750 1546 visceribus,
769 1516 802 1541 ut
815 1521 871 1551 par
884 1520 932 1541 est
944 1511 978 1541 in
994 1511 1134 1551 quolibet
1148 1511 1276 1541 animali
1292 1511 1359 1541 fieri
1373 1511 1429 1542 sub
1441 1512 1521 1542 coelo
1533 1511 1715 1546 constituto,

248 1567 345 1598 totius
359 1567 507 1597 lationem
521 1566 636 1596 imitari
648 1570 811 1605 coguntur.
846 1576 917 1596 cum
930 1565 1025 1606 igitur
1041 1565 1147 1595 attrita
1160 1565 1310 1606 quaelibet
1322 1565 1355 1595 in
1370 1565 1462 1596 nobis
1475 1571 1643 1607 cognatum
1656 1575 1714 1606 po-

249 1625 350 1657 scant,
373 1621 523 1651 exhausta
545 1619 694 1660 quaelibet
715 1619 863 1659 implent.
885 1629 976 1660 porro
999 1620 1125 1660 quando
1148 1618 1290 1649 abscedit
1310 1619 1383 1659 plus
1406 1629 1501 1660 quam
1531 1620 1714 1655 accesserit,

248 1674 405 1706 decrescit
433 1674 550 1704 animal
566 1684 571 1702 :
605 1671 730 1714 quando
754 1678 862 1703 contra
885 1673 930 1708 fit,
955 1679 1095 1713 augetur.
1117 1683 1227 1703 recens
1245 1673 1339 1714 igitur
1364 1673 1510 1704 animalis
1545 1673 1717 1714 cujuslibet

250 1728 436 1770 compositio
456 1738 528 1758 cum
548 1737 646 1758 novos
665 1727 750 1757 velut
763 1737 803 1757 ex
818 1727 922 1768 ligneo
935 1726 1071 1768 quodam
1084 1733 1233 1757 contextu
1246 1727 1419 1768 triangulos
1434 1727 1714 1768 habeat,valida1n

247 1783 382 1824 quidein
410 1792 517 1813 eorum
551 1781 770 1822 compaginem
803 1780 961 1821 possidet:
1006 1781 1104 1812 moles
1137 1786 1242 1812 autem
1268 1780 1338 1822 ejus
1358 1781 1496 1813 tenerior
1510 1787 1577 1813 tota
1587 1782 1717 1818 coaluit,

249 1837 368 1879 quippe
391 1846 461 1878 quae
484 1846 521 1866 ex
540 1835 709 1866 recentiori
722 1834 863 1865 medulla
889 1835 1053 1866 concrevit
1077 1845 1177 1876 nuper
1202 1841 1234 1865 et
1248 1836 1329 1866 lacte
1345 1836 1463 1866 nutrita
1474 1840 1533 1866 est.
1555 1841 1715 1877 susceptos

249 1901 327 1934 ergo
353 1891 522 1932 triangulos
530 1890 602 1920 illos
616 1889 805 1920 extrinsecus
816 1888 1003 1925 incidentes,
1014 1889 1125 1930 quibus
1138 1889 1199 1920 cibi
1211 1894 1364 1932 potusque
1377 1890 1561 1925 conflantur,
1574 1889 1716 1931 triangu—

252 1944 292 1976 lis
315 1945 447 1986 propriis
461 1944 653 1985 antiquiores
665 1943 946 1984 imbecillioresque
959 1942 1119 1984 juniorum
1133 1943 1164 1974 vi
1178 1943 1332 1985 pervincit
1344 1948 1377 1974 et
1390 1943 1537 1979 conterit,
1549 1948 1583 1974 et
1595 1942 1715 1985 grande

252 1999 370 2030 animal
393 1999 500 2040 ipsum
519 1998 636 2034 reddit,
663 1998 739 2029 dum
767 2009 803 2028 ex
822 1998 931 2028 multis
951 1998 1104 2029 similibus
1119 1998 1185 2028 alit.
1200 2003 1234 2028 at
1247 2008 1318 2029 cum
1337 1997 1564 2038 triangulorum
1574 1997 1715 2028 radicem

252 2063 502 2094 compagemque
514 2053 644 2088 relaxat,
660 2063 699 2082 ex
713 2062 750 2083 eo
765 2052 849 2093 quod
861 2053 983 2093 magnis
1001 2052 1158 2083 laboribus
1174 2053 1268 2093 longo
1282 2057 1423 2093 tempore
1443 2052 1593 2082 adversus
1618 2050 1720 2082 multa

253 2106 402 2137 certando
421 2106 552 2147 fatigata
575 2111 606 2136 et
618 2105 737 2136 domita
751 2105 803 2141 sit,
815 2111 891 2136 tunc
908 2115 984 2136 sane
999 2106 1150 2136 alimenta
1164 2110 1310 2146 suscepta
1331 2106 1365 2135 in
1380 2105 1617 2135 similitudinem
1630 2113 1718 2134 suam
1752 2136 1758 2145 -.

252 2170 317 2192 non
338 2165 443 2202 potest
454 2159 694 2191 comminuendo
704 2159 846 2200 redigere
864 2171 871 2189 z
896 2169 951 2190 sua
964 2170 1037 2191 vero
1052 2161 1193 2190 membra
1204 2159 1243 2190 ab
1257 2158 1508 2200 ingredientibus
1518 2157 1609 2189 facile
1625 2157 1716 2188 dissi-

253 2219 379 2257 pantur.
399 2214 472 2245 hinc
480 2214 547 2256 jam
555 2214 654 2244 minui
673 2223 709 2244 ae
726 2213 861 2243 deficere
873 2223 966 2244 omne
981 2214 1091 2254 incipit
1105 2214 1234 2250 animal,
1250 2223 1322 2244 cum
1336 2218 1501 2253 superatur
1515 2223 1523 2241 ε
1543 2211 1714 2242 detrimen·

252 2274 381 2310 tumque
413 2268 497 2299 istud
527 2273 671 2299 senectus
702 2268 888 2308 appellatur.
920 2267 991 2298 finis
1015 2277 1087 2298 vero
1123 2273 1196 2298 tunc
1227 2267 1364 2303 obvenit,
1388 2266 1514 2307 quando
1543 2265 1716 2306 triangulo-

253 2334 324 2355 rum
351 2324 486 2359 illorum,
518 2333 555 2353 ex
578 2322 689 2363 quibus
711 2321 851 2352 medulla
873 2321 1045 2357 conficitur,
1069 2321 1144 2351 olim
1168 2326 1314 2362 coaptata
1337 2320 1464 2351 vincula
1485 2319 1565 2350 nihil
1581 2319 1718 2360 amplius

254 2383 398 2414 nectunt,
422 2377 478 2408 sed
500 2376 724 2418 defatigatione
743 2375 811 2417 jam
833 2376 972 2406 relaxata
994 2385 1092 2405 nexus
1114 2375 1225 2405 anima:
1239 2375 1399 2406 deserunt.
1420 2374 1524 2404 anima
1542 2383 1618 2404 vero
1632 2373 1716 2404 clam

255 2431 429 2464 secundum
453 2436 595 2462 naturam
616 2441 687 2461 cum
710 2430 868 2471 voluptate
892 2429 1032 2471 protinus
1055 2430 1170 2460 evolat.
1193 2426 1343 2469 quicquid
1357 2428 1443 2459 enim
1455 2432 1563 2459 contra
1577 2431 1718 2458 naturam

258 2486 306 2523 fit,
333 2486 496 2517 molestum
524 2490 590 2516 est:
609 2484 694 2526 quod
710 2489 812 2515 autem
831 2494 884 2525 pro
899 2484 943 2514 rei
961 2490 1081 2520 natura,
1093 2482 1282 2524 jucundum,
1306 2481 1458 2513 similiter.
1481 2487 1514 2512 et
1526 2491 1608 2512 mors
1623 2490 1719 2522 quam

256 2540 356 2572 morbi
371 2545 403 2572 et
416 2540 542 2571 vulnera
558 2540 741 2575 intulerunt,
756 2538 890 2569 violenta
905 2543 952 2568 est
966 2543 1059 2579 atque
1072 2538 1200 2568 molesta
1214 2549 1220 2567 :
1238 2547 1309 2578 quae
1323 2547 1396 2568 vero
1412 2535 1499 2567 senio
1512 2534 1662 2576 paulatim
1676 2535 1718 2566 nd

255 2594 350 2626 finem
373 2595 549 2626 deducente
573 2594 753 2625 naturaliter
776 2593 926 2634 subrepit,
947 2593 1029 2623 inter
1053 2592 1158 2623 omnia
1178 2591 1283 2623 mortis
1304 2600 1417 2632 genera
1436 2588 1590 2620 levissima
1613 2593 1673 2625 est,
1687 2594 1720 2620 et

256 2658 330 2679 cum
346 2649 508 2690 voluptate
527 2649 632 2690 potius
647 2658 739 2690 quam
755 2648 862 2679 dolore
883 2647 1049 2688 contingit.
1094 2647 1201 2678 Morbi
1225 2651 1328 2676 autem
1343 2644 1428 2676 unde
1447 2648 1624 2678 nascantur,
1650 2642 1720 2684 quis

255 2700 402 2733 dubitet?
417 2712 488 2733 nam
505 2713 575 2733 curn
598 2707 729 2743 quatuor
741 2702 797 2733 illa
819 2702 894 2741 sint,
915 2712 955 2732 ex
977 2702 1089 2743 quibus
1103 2705 1300 2742 compactum
1314 2704 1362 2731 est
1382 2708 1506 2740 corpus,
1533 2696 1609 2739 [82]
1626 2702 1720 2735 terra.

255 2754 349 2797 ignis,
365 2765 456 2797 aqua,
473 2755 538 2792 a'e‘r,
549 2757 660 2786 horum
670 2767 732 2788 non
747 2756 896 2787 naturalis
911 2766 1054 2788 excessus
1069 2756 1283 2797 defectusque,
1296 2759 1328 2785 et
1341 2763 1379 2784 ex
1391 2753 1460 2784 loco
1475 2752 1602 2794 proprio
1614 2752 1647 2782 in
1658 2750 1719 2782 ali-

258 2819 350 2840 enum
375 2810 547 2852 translatio,
571 2820 626 2851 per
639 2821 745 2852 quam.
762 2811 845 2852 quod
861 2811 920 2842 sibi
943 2811 1134 2842 conveniens
1145 2816 1203 2846 est,
1215 2819 1279 2840 non
1295 2813 1415 2844 tenent,
1429 2806 1609 2838 intestinam
1618 2815 1718 2847 quan-

261 2861 334 2895 dam
350 2863 535 2896 seditionem
552 2869 584 2895 et
598 2865 721 2897 morbos
735 2865 883 2897 inserunt.
905 2866 1029 2907 quando
1047 2865 1128 2898 eninr
1144 2870 1256 2907 praeter
1270 2868 1410 2896 naturam
1427 2860 1671 2903 unumquodque
1685 2859 1720 2891 fit
