1840 3225
273 239 345 275 118
862 233 1124 271 PLATON1S
1628 235 1724 285 [392

266 337 429 369 beralitate
444 347 514 368 cum
531 335 670 372 avaritia,
686 339 779 376 atque
795 335 868 365 item
886 335 1022 365 Deorum
1041 335 1263 376 hominumque
1278 340 1471 377 contemptu.
1519 336 1601 367 Am.
1624 335 1725 367 Recte

265 391 434 422 admodum
451 389 598 430 loqueris.
642 388 695 420 So.
719 387 838 418 Rursus
858 398 961 429 neque
987 389 1052 418 haec
1068 385 1250 425 credamus,
1266 399 1368 430 neque
1395 389 1458 419 dici
1482 389 1618 420 sinamus
1642 389 1725 419 Tlne-

262 456 348 476 scum
365 443 507 485 Neptuni
524 443 620 473 filium
638 448 670 472 et
684 442 865 473 Perithoum
884 442 979 472 filium
995 442 1083 474 Jovis
1106 442 1137 472 in
1165 442 1288 483 rapinas
1314 443 1394 473 adeo
1420 442 1566 473 maximas
1591 443 1724 478 irruisse,

261 509 365 540 neque
380 497 506 528 alterius
521 497 583 527 Dei
598 497 696 526 filium
712 496 775 527 sive
793 496 917 527 lieroe'm
935 507 1041 526 ausum
1058 506 1124 527 esse
1140 506 1275 537 unquam
1292 496 1395 540 gravia
1412 496 1569 537 impiaque
1591 502 1723 537 patrare,

264 553 369 594 qualia
384 553 424 582 de
438 552 514 593 ipsis
531 551 673 592 quotidie
691 550 893 581 mentiuntur.
909 560 1012 581 verum
1030 550 1140 591 poe'tas
1154 550 1238 591 ipsos
1253 560 1401 591 cogamus
1416 550 1464 580 vel
1487 559 1599 591 negare
1615 550 1722 580 horum

263 608 331 638 haec
347 617 414 637 esse
429 615 534 647 opera,
552 605 599 636 vel
616 615 679 634 non
696 603 843 634 affirmare
859 604 938 635 filios
958 603 1095 634 Deorum
1113 614 1179 634 esse
1194 616 1200 633 :
1226 604 1316 634 ambo
1332 614 1404 635 vero
1429 603 1496 634 haec
1520 613 1582 634 una
1604 613 1722 644 nequa-

263 671 357 702 quam
373 670 516 695 asserere,
532 669 635 700 neque
651 668 774 699 operam
791 658 864 688 dare
880 663 914 688 ut
929 657 1039 688 nostris
1051 657 1220 698 juvenibus
1246 657 1462 698 persuadeant,
1477 657 1562 698 quod
1589 667 1626 687 ex
1650 655 1724 687 Diis

262 714 344 745 mala
358 714 463 755 aliqua
476 713 624 749 oriantur,
641 711 766 753 quodve
793 710 904 741 lieroe's
930 710 1106 741 hominibus
1130 710 1228 740 nihilo
1254 711 1396 741 meliores
1409 710 1490 741 sint:
1515 709 1674 751 quoniam,
1689 716 1723 740 ut

258 769 325 811 jam
341 768 459 798 dictum
476 771 534 804 est,
550 776 651 806 neque
667 770 773 796 sancta
787 765 854 795 hanc
871 770 942 794 sunt
958 775 1060 805 neque
1078 775 1158 795 vera.
1184 764 1380 795 ostendimus
1395 764 1477 795 enim
1493 774 1532 794 ex
1547 762 1620 794 Diis
1641 764 1722 794 mala

263 822 369 864 aliqua
383 820 544 863 provenire
560 830 623 850 non
639 830 741 861 posse.
789 818 874 848 Am.
895 817 1100 848 Ostendimus
1117 817 1220 858 plane.
1266 818 1322 849 So.
1346 817 1433 854 Quin
1447 817 1540 848 etiam
1567 817 1721 848 audienti-

263 877 320 907 bus
335 877 403 906 liaec
417 879 544 905 nocent.
566 883 672 903 omnes
688 873 805 913 quippe
822 871 965 912 pravitati
982 881 1045 901 suae
1061 871 1236 911 ignoscent,
1251 871 1390 913 persuasi
1406 870 1478 902 talia
1501 871 1646 912 quaedem
1675 871 1721 901 fa-

263 940 333 962 ccre
348 929 519 968 fecisseque
535 932 566 957 et
581 926 662 963 illos,
678 926 731 966 qui
749 925 885 965 proxime
901 935 936 955 ex
955 924 1092 955 Deorum
1109 935 1222 966 genere
1248 926 1313 955 nati
1339 932 1422 961 sunt,
1438 925 1479 956 de
1503 925 1616 966 quibus
1641 924 1720 955 illud

263 984 390 1020 dicitur,
405 981 466 1012 diis
483 980 619 1022 proxime
635 979 712 1015 nati,
727 978 802 1009 Jovi
820 979 999 1020 propinqui,
1015 989 1144 1019 quorum
1159 979 1239 1010 circa
1256 978 1375 1009 Idaeum
1392 978 1538 1010 verticem
1551 978 1646 1009 Jocis
1665 989 1721 1019 pu-

262 1038 321 1070 triz'
335 1047 393 1068 ara
408 1038 513 1067 exstat
529 1035 562 1065 z'n
584 1033 710 1067 aethere,
725 1042 820 1073 ‘neque
845 1034 918 1063 dum
942 1033 1018 1073 ipsis
1040 1033 1167 1064 evanuit
1193 1032 1322 1072 sanguis
1347 1032 1497 1064 Deorum.
1521 1031 1720 1073 quamobrem

261 1091 375 1123 fabulae
390 1087 568 1130 hujusmodi
585 1086 775 1127 recipiendae
791 1096 853 1116 non
879 1091 962 1122 sunt,
988 1085 1085 1127 [392]
1111 1096 1150 1116 ne
1175 1085 1296 1117 facilem
1324 1085 1518 1117 occasionem
1543 1085 1582 1115 ad
1610 1085 1719 1126 nequi-

260 1146 334 1176 tiam
349 1143 461 1174 nostris
476 1140 727 1171 adolescentibus
743 1140 912 1180 praebeant.
957 1139 1040 1171 Am.
1063 1139 1115 1171 Sic
1132 1150 1254 1180 prorsus
1270 1140 1437 1181 agendum.
1481 1138 1537 1170 So.
1561 1139 1642 1176 Quae
1664 1139 1720 1170 de-

261 1200 370 1240 inceps
385 1196 504 1237 reliqua
519 1195 609 1225 nobis
635 1193 755 1234 species
781 1199 828 1224 est
853 1204 1040 1234 sermonum,
1056 1194 1290 1234 disserentibus,
1305 1193 1413 1235 quales
1438 1193 1553 1234 cuique
1576 1192 1719 1223 narrandi

260 1253 310 1284 vel
326 1262 387 1282 non
403 1249 547 1280 narrandi
562 1248 644 1278 sint?
668 1248 707 1278 de
724 1246 794 1277 Diis
807 1247 889 1278 euim
906 1248 1169 1289 quemadmodum
1185 1247 1270 1289 loqui
1285 1248 1389 1283 decet,
1404 1252 1452 1278 est
1465 1246 1582 1278 dictum
1599 1257 1605 1276 ε
1630 1246 1720 1277 item-

260 1317 323 1349 que
337 1307 377 1337 de
393 1304 468 1346 ipsis
483 1301 676 1334 daemonibus
702 1306 734 1332 et
758 1300 901 1332 heroibus
928 1307 960 1332 et
985 1301 1044 1337 liis,
1061 1311 1132 1342 quae
1158 1307 1231 1332 sunt
1253 1301 1339 1341 apud
1363 1300 1489 1331 inferos.
1532 1298 1617 1330 Am.
1638 1299 1720 1330 Satis

261 1360 399 1392 abunde.
443 1358 496 1389 So.
519 1356 571 1386 An
600 1360 681 1386 esset
706 1355 835 1386 fortasse
862 1355 1026 1396 reliquum,
1054 1361 1088 1384 ut
1117 1355 1156 1385 de
1187 1354 1364 1385 hominibus
1392 1353 1588 1384 diceremus?
1635 1351 1718 1383 Am.

265 1415 370 1446 Certe,
393 1413 449 1444 So,
465 1409 663 1451 Impossibile
679 1409 761 1439 istud
775 1409 806 1439 in
821 1409 996 1450 praesentia,
1011 1419 1029 1439 o
1042 1408 1153 1445 amice,
1165 1408 1345 1449 disponere.
1367 1407 1451 1439 Ani.
1466 1406 1601 1438 Carnam
1616 1405 1628 1436 ἒ
1661 1405 1717 1437 So.

264 1467 423 1504 Quoniam
439 1464 581 1496 existimo
597 1473 653 1492 nos
670 1462 805 1493 dicturos
821 1461 933 1503 poetas
945 1467 1143 1503 oratoresque
1157 1462 1196 1492 de
1212 1461 1389 1491 hominibus
1400 1460 1480 1491 circa
1492 1469 1530 1490 ea
1539 1469 1609 1500 quae
1621 1458 1719 1489 maxi-

264 1521 308 1552 mi
323 1519 471 1551 momenti
486 1522 569 1555 sunt,
580 1516 660 1546 male
676 1516 791 1552 dicere,
803 1527 873 1546 cum
887 1516 1024 1546 scribunt
1036 1515 1166 1556 injustos
1179 1515 1305 1557 quidem
1319 1514 1431 1545 multos
1440 1513 1547 1545 felices
1557 1523 1637 1549 esse,
1648 1511 1719 1553 jus-

263 1581 312 1606 tos
338 1578 441 1604 autem
468 1571 607 1602 infelices
622 1582 628 1600 :
654 1570 891 1611 conducereque
917 1568 1034 1610 injuste
1061 1579 1161 1610 agere,
1187 1569 1212 1599 si
1236 1568 1330 1599 lateat
1344 1580 1351 1598 :
1376 1568 1538 1610 ipsamque
1559 1566 1715 1608 justitiam

264 1629 400 1660 alienum
417 1627 531 1656 bonum
559 1635 637 1660 esse,
653 1623 806 1664 propriam
833 1634 903 1654 vero
924 1623 1076 1664 jacturam
1093 1635 1099 1653 :
1125 1629 1157 1653 et
1184 1629 1285 1654 cetera
1312 1621 1492 1663 hujusmodi
1517 1620 1716 1651 damnaturos

263 1692 342 1717 esse,
354 1679 557 1721 jussurosque
572 1688 612 1708 ne
629 1677 746 1713 dicant,
761 1677 914 1708 contraria
930 1687 1001 1707 vero
1018 1678 1124 1707 horum
1139 1683 1169 1707 et
1186 1682 1301 1707 canant
1315 1681 1347 1707 et
1370 1675 1484 1706 fabulis
1507 1674 1654 1704 inserant.
1675 1683 1717 1703 an

263 1746 327 1767 non
343 1733 455 1776 putas?
480 1732 562 1763 Ani.
586 1731 678 1762 Certe
695 1731 778 1762 novi.
824 1731 881 1762 So.
905 1730 1020 1761 Nonne
1045 1731 1148 1771 igitur,
1165 1731 1188 1760 si
1216 1729 1391 1761 confitearis
1418 1733 1500 1760 recte
1526 1738 1575 1758 me
1601 1727 1717 1763 dicere,

262 1779 366 1821 dicam
383 1794 412 1818 te
427 1786 627 1822 concessisse,
644 1795 713 1826 quae
724 1785 848 1826 jamdiu
864 1784 1027 1826 quaerimus
1041 1785 1051 1814 ?
1096 1784 1177 1816 Ani.
1205 1783 1306 1815 Recte
1323 1783 1451 1814 nimium
1468 1781 1628 1822 accepisti.
1659 1780 1715 1812 So.

261 1842 378 1874 Nonne
395 1846 425 1871 et
440 1841 479 1870 de
496 1839 683 1875 hominibus,
699 1839 784 1879 quod
799 1838 876 1869 tales
889 1843 1032 1878 oporteat
1047 1848 1202 1868 sermones
1217 1837 1305 1878 serre,
1321 1843 1394 1867 tunc
1410 1846 1472 1867 una
1495 1835 1714 1870 concedemus,

261 1907 345 1936 cum,
355 1893 586 1936 qualisjustitia
601 1893 651 1929 sit,
667 1892 885 1928 invenerimus,
901 1898 932 1923 et
947 1893 1030 1932 quod
1049 1898 1156 1922 natura
1171 1892 1240 1932 ipsa
1256 1891 1352 1932 prosit
1378 1889 1516 1925 habenti,
1531 1899 1585 1919 seu
1610 1888 1715 1918 videa-

261 1955 312 1980 tur
322 1959 388 1980 esse
399 1947 503 1988 justus
513 1946 577 1977 sive
588 1957 651 1977 non
664 1947 825 1977 videatur?
860 1946 943 1977 Am.
962 1946 1043 1976 Vera
1055 1946 1200 1987 loqueris,
1233 1946 1287 1976 So.
1305 1944 1355 1975 De
1368 1943 1414 1974 his
1425 1953 1511 1984 ergo,
1523 1952 1593 1984 quae
1606 1942 1715 1973 dicen-

262 2004 304 2034 da
320 2008 394 2033 sunt
408 2012 516 2042 quaeve
532 2011 607 2036 non,
623 2000 695 2030 satis
711 2006 756 2030 est
773 2000 963 2041 disputatum
978 2011 984 2029 ε
1011 1999 1160 2040 deinceps
1177 1999 1216 2029 de
1233 1998 1359 2029 dicendi
1376 1998 1506 2038 ratione,
1520 2002 1556 2028 ut
1576 1996 1713 2031 arbitror,

261 2062 310 2087 est
324 2055 536 2086 disserendum
551 2065 558 2084 ε
583 2060 676 2095 atque
692 2054 733 2084 ita
749 2053 852 2088 nobis,
866 2059 896 2084 et
912 2063 981 2094 quae
997 2059 1028 2084 et
1043 2054 1200 2094 quomodo
1213 2052 1347 2083 dicenda
1358 2052 1431 2087 sint,
1441 2055 1633 2092 compertum
1643 2050 1712 2081 erit.

264 2111 349 2140 Aur.
373 2108 459 2145 Quid
474 2108 573 2147 dicas,
588 2117 650 2137 non
667 2108 741 2137 satis
758 2107 911 2148 intelligo.
956 2107 1012 2138 So.
1036 2106 1171 2147 Oportet
1187 2112 1289 2137 tamen
1305 2106 1337 2136 id
1356 2111 1387 2136 te
1402 2104 1596 2145 intelligere:
1618 2109 1713 2144 atque

262 2163 307 2194 ita
322 2162 450 2193 sortasse
465 2161 576 2192 clarius
590 2161 650 2191 hoc
666 2160 830 2201 intelliges.
854 2172 893 2191 an
909 2171 971 2190 non
988 2170 1182 2201 quaecunque
1199 2170 1216 2190 a
1233 2159 1333 2200 poetis
1350 2158 1398 2189 vel
1422 2157 1579 2188 fictoribus
1593 2157 1712 2187 sabula—

262 2226 327 2246 rum
344 2215 502 2250 dicuntur,
519 2214 721 2244 narrationem
738 2224 803 2244 esse
819 2214 951 2244 dicimus
967 2213 1014 2244 vel
1031 2213 1250 2255 praeteriturum
1267 2212 1315 2243 vel
1341 2211 1536 2252 praesentium
1553 2210 1601 2240 vel
1627 2209 1711 2240 futu·

260 2269 384 2299 rorum?
431 2268 510 2298 Ani.
535 2267 620 2303 Quid
636 2267 717 2297 enim
734 2267 840 2296 aliud?
886 2267 941 2298 So.
965 2267 1049 2297 Num
1067 2277 1138 2307 ergo
1157 2266 1204 2296 vel
1228 2266 1359 2305 simplici
1385 2264 1558 2295 narratione
1584 2264 1631 2294 vel
1658 2274 1712 2304 per

259 2322 463 2353 imitationem
481 2321 561 2351 sacta
577 2320 625 2351 vel
642 2321 733 2351 etiam
761 2326 890 2361 utroque
918 2327 1040 2351 narrant
1054 2321 1065 2350 ?
1110 2320 1190 2350 Ani.
1215 2319 1334 2350 Clarius
1360 2319 1418 2349 hoc
1445 2327 1571 2360 quoque
1596 2316 1712 2357 exponi

258 2376 390 2415 requiro.
434 2375 487 2405 So.
510 2373 675 2404 Ridiculus
699 2374 843 2414 equidem
871 2380 1054 2414 proeceptor‚
1071 2379 1102 2404 et
1124 2374 1264 2413 inprimis
1289 2373 1436 2403 obscurus
1460 2372 1578 2402 videor.
1601 2380 1710 2412 quem·

259 2429 426 2460 admodum
442 2427 536 2469 igitur
551 2426 605 2468 qui
620 2427 754 2457 dicendo
772 2437 877 2468 parum
895 2426 998 2456 valent
1013 2427 1134 2457 efficere
1149 2426 1262 2462 solent,
1279 2426 1320 2456 ita
1336 2435 1394 2466 ego
1411 2435 1494 2456 nunc
1509 2434 1571 2455 non
1587 2423 1710 2454 univer-

258 2494 324 2513 sum
340 2483 452 2523 ipsum,
467 2482 521 2512 sed
537 2486 652 2522 partem
669 2481 802 2522 aliquam
818 2491 952 2517 sumens,
967 2481 999 2510 iu
1017 2490 1054 2511 ea
1080 2480 1148 2516 tibi,
1164 2480 1248 2520 quod
1276 2479 1359 2515 volo,
1375 2479 1512 2510 conabor
1535 2477 1710 2508 ostendere.

256 2541 289 2567 et
305 2536 434 2576 primum
451 2535 526 2565 milii
541 2534 648 2570 dicito,
666 2534 780 2564 nostin’
796 2535 913 2565 Iliados
929 2534 1092 2575 principia,
1108 2534 1138 2563 in
1154 2533 1267 2574 quibus
1283 2533 1328 2563 ait
1343 2532 1440 2574 poeta
1454 2531 1607 2573 Chrysen!
1621 2530 1708 2571 Aga-

256 2588 412 2619 memnoni
428 2588 631 2629 supplicasse,
647 2593 682 2618 ut
697 2587 754 2618 sibi
769 2587 862 2618 filiam
879 2587 1062 2623 restitueret,
1079 2586 1346 2628 Agamemnonem
1363 2595 1434 2616 vero
1458 2585 1581 2615 turbato
1603 2583 1707 2614 auimo

255 2643 447 2682 denegasse:
473 2642 556 2682 quod
574 2648 737 2682 postquam
761 2652 824 2671 non
849 2640 1034 2681 impetravit,
1061 2640 1157 2682 [393]
1183 2641 1385 2681 imprecatum
1410 2639 1455 2670 ait
1478 2638 1578 2679 ipsum
1602 2642 1708 2668 contra

258 2695 397 2726 Achivos
414 2695 540 2725 Deum?
585 2695 667 2725 Am.
691 2695 855 2735 Equidem.
899 2695 955 2725 So.
979 2693 1020 2723 Et
1034 2694 1111 2724 illud
1129 2694 1220 2724 credo
1247 2693 1339 2728 nosti,
1354 2692 1437 2734 quod
1466 2701 1562 2732 usque
1587 2691 1627 2722 ad
1652 2691 1708 2721 hos

258 2759 374 2788 versuS,
398 2750 552 2780 Precutus
574 2753 619 2780 est
635 2759 738 2779 omnes
753 2748 889 2780 Achivos
904 2748 1037 2788 duosque
1053 2747 1198 2787 inprimis
1212 2747 1306 2778 Atrei
1322 2746 1413 2788 filios
1437 2746 1581 2785 gentium
1603 2746 1706 2779 duces.

256 2805 324 2845 ipse
341 2803 435 2844 poeta
452 2802 599 2842 loquitur,
616 2814 715 2842 neque
732 2808 829 2833 tentat
846 2802 906 2832 alio
924 2807 1057 2832 mentem
1083 2808 1216 2832 nostram
1245 2807 1438 2839 convertere,
1455 2805 1600 2839 tanquam
1627 2799 1706 2829 alius

258 2868 350 2900 quam
367 2857 430 2897 ipse
448 2856 600 2897 loquatur.
624 2857 771 2897 deinceps
789 2867 858 2887 vero
875 2857 918 2886 ita
934 2856 1080 2896 loquitur,
1098 2867 1133 2887 nc
1151 2855 1175 2886 si
1205 2855 1332 2896 Chrysis
1358 2855 1425 2895 ipsc
1449 2854 1500 2888 sit,
1515 2858 1705 2894 conaturque

258 2922 319 2942 non
336 2910 503 2942 Homerum
521 2899 667 2946 semotus,
685 2911 736 2941 scd
753 2911 941 2942 sacerdotem
969 2910 1054 2940 illum
1082 2920 1185 2940 senem
1214 2909 1388 2940 ostendere.
1410 2908 1441 2939 'ui
1467 2906 1638 2948 ceterisque
1664 2905 1705 2936 itu
