1840 3225
179 275 258 312 490
699 270 955 311 EPISTOLA
988 273 1077 310 Vll.
1539 273 1638 322 [345

181 367 316 397 bumana
338 365 488 396 facultate
519 365 724 395 contendens.
747 365 950 404 quamobrem
976 365 1162 405 permultum
1191 365 1290 400 abest,
1317 369 1350 394 ut
1365 363 1411 394 vir
1426 362 1586 393 studiosus
1598 363 1639 393 de

180 421 240 456 his,
266 430 334 460 quae
361 428 469 449 revera
494 418 590 459 'digna
616 425 691 448 suut
716 417 830 454 studio,
862 418 1001 449 scribens
1024 418 1210 453 homnibus,
1237 428 1271 448 se
1288 417 1382 448 simul
1395 422 1428 447 et
1440 426 1498 447 sua
1511 415 1640 446 invidia

180 473 437 515 ambiguitalique
464 472 619 513 subjicere
650 472 774 503 debeat.
796 482 858 502 uno
885 482 958 502 vero
986 482 1026 502 ex
1051 471 1099 501 his
1124 482 1266 502 sermone
1290 471 1325 501 id
1350 470 1524 511 intelligere
1544 469 1639 500 licet:

179 527 306 567 quando
330 526 479 557 videlicet
501 526 582 566 quis,
607 525 739 567 alicujus
762 525 877 566 scripta
901 536 1042 560 cernens,
1070 525 1135 555 sive
1157 524 1372 564 legumlatoris
1386 525 1419 554 in
1433 522 1559 564 leg-ibus
1570 522 1640 553 sive

177 581 208 610 in
235 580 426 620 quibuslibet
453 580 524 610 aliis
549 579 692 615 aliorum,
717 579 943 610 animadvertat
964 579 1018 609 illa
1034 589 1094 608 non
1111 589 1177 609 esse
1192 578 1240 609 illi
1256 583 1404 618 tanquam
1419 577 1547 608 omnino
1559 576 1641 606 seria

176 633 406 664 studiosissime
430 637 616 674 pertractata
631 645 636 662 :
666 633 692 663 si
702 633 826 673 quidem
844 633 883 663 sit
897 633 965 674 ipse
980 633 1138 663 studiosus
1151 644 1156 661 :
1179 632 1290 673 jacent
1303 637 1409 662 autem
1423 630 1505 661 inter
1520 639 1588 666 sua,
1604 629 1640 660 in

176 688 304 729 regione
329 687 550 728 pulcherrima.
573 687 621 717 siu
649 692 755 717 autem
784 697 888 717 revera
914 686 976 727 ipsi
1002 687 1068 717 haec
1095 692 1248 726 tanquam
1269 686 1349 716 seria
1373 684 1511 716 studiose
1526 683 1640 715 litteris

176 741 291 772 tradita
317 747 401 777 sunt,
428 741 487 771 Dii
514 741 640 781 quidem
670 740 806 776 minime,
835 739 892 771 sed
907 740 1048 770 homines
1065 746 1201 770 mentem
1217 739 1412 781 eripuerunt.
1434 739 1515 769 hanc
1529 737 1640 778 utique

178 794 317 826 fabulam
341 795 626 836 digressionemque
655 794 834 834 quicunque
858 798 1014 834 sequetur,
1040 793 1133 833 plane
1164 793 1331 833 intelliget,
1362 792 1428 823 sive
1458 791 1640 833 Dionysius

177 849 298 890 aliquid
312 848 352 879 de
367 849 494 880 summis
504 856 537 879 et
546 848 653 888 primis
669 853 787 878 naturae
801 847 968 887 scripserit,
980 846 1047 877 sive
1059 847 1160 887 quivis
1172 847 1266 883 alius,
1278 852 1333 877 aut
1342 847 1445 876 minor
1456 851 1510 876 aut
1521 844 1636 886 major,

176 903 256 934 nihil
271 914 342 934 eum
358 903 513 934 sincerum
531 901 690 932 audivisse
705 901 753 931 vel
771 900 919 931 didicisse
939 911 1061 940 eorum,
1075 910 1143 940 quae
1158 900 1294 942 scripsit,
1312 906 1346 930 ut
1362 891 1430 930 mea
1441 900 1504 930 fert
1517 898 1640 940 opinio.

177 958 318 998 alioquin
347 957 462 999 pariter
485 962 578 997 atque
606 965 664 996 ego
688 955 757 995 ipsa
783 959 951 985 veneratus
977 953 1108 984 fuisset:
1132 964 1236 994 neque
1261 964 1353 984 ausus
1376 954 1488 984 fuisset
1501 962 1640 994 unquam

174 1016 294 1042 temere
316 1010 440 1042 edendo
455 1009 642 1041 absurditati
657 1007 909 1048 indecentiaeque
926 1006 1089 1048 subjicere.
1112 1017 1215 1048 neque
1238 1018 1313 1038 vero
1329 1007 1421 1048 quasi
1435 1007 1468 1038 in
1481 1006 1638 1038 memoziae

176 1064 347 1095 subsidium
373 1064 426 1094 illa
448 1064 584 1104 scripsit.
606 1073 670 1094 non
697 1062 783 1092 enim
809 1063 867 1092 hac
892 1061 924 1092 in
950 1072 984 1092 re
1011 1061 1169 1092 memoriae
1190 1061 1410 1098 diffidendum.
1433 1061 1459 1092 si
1479 1060 1516 1092 id
1541 1059 1638 1092 semel

175 1118 281 1149 animo
310 1118 404 1150 fuen't
429 1118 696 1159 comprehensum.
719 1126 792 1146 nam
821 1115 854 1146 id
881 1121 979 1146 totum
1005 1115 1187 1147 brevissime
1212 1115 1350 1146 omnium
1381 1120 1429 1146 est
1457 1114 1639 1146 collectum.

175 1171 254 1202 sorte
277 1182 352 1202 vero
379 1172 461 1213 turpi
489 1171 623 1212 quadam
649 1170 821 1201 ambitione
847 1169 881 1200 id
896 1170 984 1206 fecit,
1015 1170 1066 1200 vel
1094 1176 1240 1210 tanquam
1262 1179 1318 1200 sua
1336 1170 1404 1200 haec
1418 1179 1574 1205 asserem,
1587 1168 1639 1199 vei

174 1231 322 1266 tanquam
338 1226 498 1267 particeps
513 1225 700 1266 disciplinae,
717 1231 780 1266 qua
790 1224 940 1265 indignus
956 1229 1033 1259 erat,
1048 1233 1189 1264 quaerens
1205 1223 1332 1264 gloriam
1345 1234 1386 1254 ex
1397 1223 1638 1265 participatione

175 1280 351 1321 quaesitam.
376 1280 472 1322 [345]
497 1290 603 1315 verum
632 1279 658 1309 si
685 1289 726 1309 ex
750 1289 812 1309 una
840 1279 1002 1308 dumtaxat
1024 1278 1245 1318 congressione
1268 1277 1302 1308 id
1317 1277 1476 1319 Dionysio
1491 1276 1637 1318 contigit,

174 1338 260 1364 esset
273 1334 307 1364 id
322 1334 424 1365 forsan
440 1333 690 1364 concedendum.
714 1332 817 1372 qualis
829 1337 933 1362 autem
949 1331 1031 1362 suit?
1057 1332 1135 1372 proh
1159 1330 1178 1363 J
1183 1331 1318 1372 uppster,
1335 1331 1440 1372 inquit
1457 1331 1637 1362 Thebanus.

175 1388 315 1428 percurri
337 1388 483 1428 equidem
509 1388 574 1418 haec
603 1386 662 1422 illi,
690 1397 739 1421 eo,
768 1396 831 1426 quo
859 1385 933 1421 dixi,
956 1384 1062 1421 modo,
1091 1385 1251 1426 semelque
1267 1390 1410 1416 tanturn:
1437 1390 1548 1426 postea
1560 1394 1638 1416 vero

173 1451 346 1482 nunquam.
367 1447 440 1483 post
466 1442 532 1472 hoec
557 1445 665 1471 autem
688 1439 952 1471 considerandum
976 1445 1033 1476 est,
1050 1439 1077 1470 si
1091 1439 1143 1470 cui
1155 1449 1231 1470 cura.
1243 1439 1285 1470 sit
1302 1439 1441 1470 invenire
1457 1438 1540 1479 ejus,
1553 1438 1638 1480 quod

173 1495 265 1526 uobis
280 1496 362 1526 circa
378 1496 428 1526 illa
442 1495 569 1531 accidit,
584 1504 710 1525 causam
725 1505 731 1524 :
757 1504 812 1524 cur
823 1493 975 1524 videlicet
987 1498 1019 1523 et
1031 1492 1169 1524 secundo
1184 1499 1216 1523 et
1229 1493 1333 1529 tertio,
1349 1498 1381 1524 et
1394 1492 1511 1534 saepius
1525 1502 1564 1523 ea
1572 1502 1636 1523 non

175 1548 432 1589 pertractavimus
448 1560 454 1578 ε
481 1554 582 1579 utrum
612 1548 794 1590 Dionysius,
820 1547 897 1589 ipsis
919 1547 1015 1578 semel
1031 1546 1196 1578 dumtaxat
1208 1547 1336 1583 auditis,
1353 1547 1432 1578 adeo
1448 1546 1637 1578 sufficientes

174 1612 212 1633 ca
225 1613 259 1633 se
275 1603 354 1635 scire
370 1602 536 1644 putaverit,
553 1603 666 1633 satisve
682 1602 775 1639 norit,
791 1602 857 1632 sive
873 1601 1030 1632 invenerit
1046 1601 1113 1642 ipse
1128 1601 1195 1632 sive
1211 1602 1250 1631 ab
1277 1601 1348 1632 aliis
1372 1606 1446 1631 ante
1471 1600 1639 1631 didiceritz

175 1666 215 1692 an
240 1657 364 1693 frivola,
390 1667 460 1698 quae
484 1656 683 1693 dicebantur,
709 1656 919 1686 existimarit:
945 1666 984 1686 an
1009 1655 1088 1686 forte
1116 1661 1227 1696 praeter
1250 1656 1318 1686 haec
1341 1654 1472 1685 tertium
1485 1653 1638 1695 quiddam

172 1710 333 1747 acciderit,
360 1710 511 1742 videlicet
540 1715 574 1740 ut
600 1710 671 1751 ipsa
696 1709 780 1740 baud
801 1710 868 1740 suis
893 1710 1029 1750 aequalia
1054 1709 1181 1744 viribus,
1198 1708 1254 1739 sed
1268 1708 1399 1750 majora,
1415 1708 1638 1744 censuerinac

169 1773 279 1795 »evera
295 1775 328 1794 se
344 1764 473 1795 minime
487 1764 637 1794 idoneum
651 1773 732 1803 esse,
745 1761 800 1804 qui
812 1763 870 1793 sub
885 1762 1064 1804 prudentiae
1079 1763 1264 1802 virtutisque
1287 1761 1454 1803 diligentia
1473 1761 1560 1792 vim
1573 1761 1585 1792 ?
1608 1761 1637 1793 si

172 1818 256 1848 euim
280 1818 391 1849 frivola
419 1817 614 1848 existimasse
637 1817 769 1852 dicatur,
795 1817 902 1847 multis
931 1822 1014 1847 certe
1035 1816 1172 1847 testibus
1197 1826 1255 1857 pro
1277 1813 1384 1847 causa‘
1398 1821 1504 1847 nostra
1527 1821 1638 1847 centn

172 1871 373 1912 pugnabitur,
398 1872 453 1912 qui
478 1871 511 1901 iu
535 1871 627 1902 rebus
651 1870 810 1912 ejusmodi
834 1870 1017 1911 judicandis
1041 1871 1136 1911 longe
1164 1869 1320 1911 majorem
1340 1879 1431 1910 quam
1460 1869 1637 1912 Dionysius

172 1925 388 1957 auctoritatem
413 1925 560 1956 habeant.
584 1925 669 1965 quod
695 1924 722 1955 si
745 1924 906 1955 invenisse
932 1924 983 1954 vel
1008 1923 1172 1964 didicisse,
1199 1929 1294 1965 atque
1311 1924 1379 1964 ipsa
1394 1923 1525 1964 quidem
1538 1922 1636 1965 digna

171 1978 281 2016 videri,
311 1990 381 2020 quae
406 1979 529 2010 liberali
547 1978 650 2009 animo
664 1978 698 2009 in
714 1977 912 2019 disciplinam
928 1977 1157 2008 adhibeantur:
1182 1977 1255 2018 quis
1269 1987 1334 2008 non
1349 1977 1380 2007 id
1397 1978 1514 2008 mirum
1529 1983 1634 2019 putet,

172 2032 366 2075 Dionysium
381 2033 426 2064 sic
440 2032 586 2063 affectum
603 2033 714 2063 horum
728 2031 900 2072 aliquando
915 2031 1029 2061 ducem
1057 2036 1089 2061 et
1108 2036 1267 2062 auctorem
1282 2035 1343 2061 tam
1359 2031 1453 2062 facile
1468 2036 1635 2073 contemp-

171 2088 272 2118 sisse?
296 2098 357 2128 quo
381 2092 486 2118 autem
512 2092 604 2127 pacto
631 2085 866 2126 contempserit,
886 2085 951 2126 jam
976 2084 1090 2116 dicam.
1113 2084 1256 2126 profecto
1278 2095 1343 2115 non
1371 2084 1468 2115 multo
1485 2091 1557 2126 post
1571 2086 1632 2116 hoe

173 2147 313 2182 tempore
341 2140 560 2181 patrimonium
591 2139 716 2174 Dionis,
741 2139 825 2179 quod
851 2139 938 2179 prius
963 2149 1036 2169 eum
1058 2138 1154 2169 libere
1180 2137 1343 2179 possidere
1357 2138 1539 2179 fructusque
1553 2138 1633 2170 inde

171 2196 333 2236 percipere
346 2193 559 2235 permittebat,
570 2193 636 2234 jam
648 2193 750 2223 vetuit
760 2192 886 2222 omnino
898 2202 953 2232 per
965 2192 1032 2234 ejus
1042 2197 1261 2234 procuratores
1270 2192 1394 2233 attingi,
1404 2192 1633 2234 pecuniasque,

172 2255 206 2280 ut
220 2253 458 2284 consueverant,
479 2247 519 2278 ad
541 2247 642 2287 ipsum
668 2246 701 2277 in
727 2245 985 2287 Peloponnesum
1012 2245 1105 2281 mitti,
1119 2246 1209 2286 quasi
1233 2246 1374 2286 epistolae
1399 2245 1484 2276 illius
1504 2256 1632 2287 prorsus

171 2303 297 2339 oblitus,
314 2312 406 2343 quani
433 2301 509 2332 mihi
533 2301 714 2341 scripserat.
738 2299 893 2331 asserebat
915 2300 998 2330 enim
1014 2309 1064 2329 res
1078 2299 1151 2329 illas
1167 2310 1230 2329 non
1259 2299 1374 2330 Dionis
1384 2309 1463 2336 esse,
1477 2300 1533 2330 sed
1549 2300 1607 2331 filii
1621 2312 1629 2330 :

171 2357 226 2397 qui
242 2367 311 2387 cum
329 2361 413 2386 esset
427 2365 468 2385 ex
483 2364 586 2385 sorore
603 2364 714 2395 nepos,
730 2364 801 2384 eum
818 2363 859 2384 ex
874 2353 943 2394 lege
958 2353 1016 2384 sub
1033 2353 1133 2383 tutela
1145 2353 1247 2394 ipsius
1256 2363 1337 2383 esse.
1351 2354 1417 2384 baec
1426 2353 1628 2395 igiturusque

171 2409 212 2440 ad
224 2410 302 2440 iliud
329 2415 453 2450 tempus
466 2414 536 2440 acta
560 2408 697 2439 suerunt.
719 2418 788 2449 quae
804 2417 863 2448 ego
877 2407 1089 2443 considerans,
1101 2407 1168 2448 jam
1191 2408 1283 2448 plane
1299 2407 1538 2448 perspiciebam,
1561 2419 1626 2450 quo

169 2470 262 2505 pacto
288 2473 360 2504 erga
383 2462 615 2504 philosophiam
641 2461 813 2503 Dionysius
839 2461 952 2492 fuisset
976 2461 1129 2492 affectus:
1154 2461 1396 2502 conturbarique
1417 2462 1535 2493 licebat
1555 2462 1623 2494 sive

166 2523 281 2558 sponte
306 2517 371 2547 sive
386 2517 494 2547 invite.
516 2521 580 2547 erat
597 2516 661 2557 jam
689 2521 763 2547 tunc
780 2520 882 2555 aestas,
895 2522 927 2546 et
943 2516 1121 2556 frequenter
1136 2515 1343 2556 navigabatur
1356 2527 1365 2545 ι
1394 2515 1624 2558 videbaturque

167 2570 246 2602 mihi
270 2581 332 2602 non
355 2576 417 2602 tam
441 2570 481 2601 de
510 2570 670 2611 Dionysio
695 2579 788 2610 quam
813 2569 852 2600 de
879 2579 927 2600 uie
950 2570 1018 2610 ipso
1037 2568 1305 2610 conquerendum,
1321 2574 1354 2600 et
1369 2570 1409 2601 de
1424 2570 1485 2605 bis,
1499 2570 1554 2611 qui
1569 2581 1622 2602 me

166 2624 370 2665 impulerant,
386 2623 466 2654 utin
480 2629 579 2654 artum
596 2624 709 2665 Scylla:
723 2623 817 2654 tertio
834 2623 1025 2658 devenirem,
1043 2622 1298 2665 Charybdimque
1314 2624 1620 2665 remetirerperniei-

165 2687 263 2710 osam.
285 2678 464 2718 compulsus
489 2677 594 2717 itaque
621 2687 690 2708 sum
717 2676 872 2718 Dionysio
893 2675 1009 2712 dicere,
1035 2686 1098 2707 non
1124 2686 1217 2717 posse
1234 2687 1283 2707 me
1299 2676 1363 2708 ullo
1375 2676 1470 2708 modo
1484 2678 1569 2719 apud
1583 2689 1618 2709 se

164 2731 245 2768 fore,
272 2730 378 2762 Dione
405 2736 465 2761 taiu
489 2730 698 2771 ignominiose
725 2735 918 2771 contempto.
943 2736 976 2760 at
998 2730 1051 2761 ille
1067 2740 1118 2760 me
1133 2730 1363 2767 consolabatur,
1378 2730 1568 2772 rogabatque
1582 2738 1622 2762 ut

166 2795 336 2825 manerem,
360 2794 424 2815 non
451 2790 564 2825 putans
590 2784 648 2815 sibi
679 2785 857 2820 honestum,
886 2790 921 2815 ut
944 2794 1004 2825 ego
1017 2785 1086 2825 ipse
1101 2790 1164 2814 tam
1181 2784 1247 2815 cito
1259 2785 1450 2815 horumne
1464 2783 1618 2815 factorum

165 2839 296 2870 nuntius
318 2838 407 2870 irem.
432 2837 529 2880 [346]
554 2849 623 2869 cuin
650 2848 723 2869 vero
752 2838 827 2869 mihi
841 2840 1030 2870 manendum
1045 2839 1232 2879 persuadere
1244 2847 1309 2870 non
1319 2843 1442 2879 posset,
1456 2837 1526 2879 ipse
1541 2838 1620 2870 mihi

164 2902 200 2923 se
225 2898 405 2933 paraturum
428 2892 485 2928 ait,
512 2892 564 2932 qui
591 2897 623 2923 et
645 2902 708 2933 quo
732 2898 825 2933 pacto
847 2903 897 2924 me
921 2892 1089 2924 deferrent.
1113 2901 1172 2932 ego
1197 2897 1302 2923 autern
1322 2891 1356 2922 iu
1382 2892 1619 2928 transmissurus

162 2945 294 2987 navigiis
306 2946 444 2987 trajicere
455 2945 688 2982 constitueram,
699 2946 803 2977 onmia
811 2956 880 2977 esse
894 2945 1080 2988 perferenda
1093 2946 1221 2983 ducens,
1232 2945 1258 2976 si
1270 2945 1355 2976 abire
1365 2955 1415 2976 mo
1425 2946 1616 2988 pmhiherer,
