1840 3225
96 248 195 299 467]
523 251 594 288 DE
626 248 945 287 REPUBLICA'
965 247 1061 286 LIB.
1094 248 1139 286 V.
1483 249 1557 286 157

93 351 174 382 inter
189 360 221 381 se
246 351 372 382 minime
397 351 629 387 dissidentibus,
646 351 727 381 haud
755 349 957 381 metuendum
985 355 1042 390 est,
1069 360 1108 381 ne
1134 351 1261 391 qnando
1287 350 1395 382 civitas
1421 352 1483 383 alia
1509 352 1558 383 vel

93 405 240 436 adversus
257 406 324 441 hos,
343 407 389 437 vel
408 405 467 447 ipsi
484 406 562 435 inter
577 415 609 435 se
626 409 769 446 pugnent
783 404 1017 445 seditionesque
1035 411 1190 435 moveant.
1234 405 1348 437 Grau.
1372 405 1446 437 Non
1463 411 1558 438 certe.

95 459 153 490 So.
179 459 283 490 Pudet
306 460 426 496 referre,
451 460 524 501 quia
548 459 649 489 minus
676 459 798 495 deceat,
816 458 1021 489 minutissima
1045 469 1178 500 quzequo
1202 459 1294 496 mala,
1312 459 1455 501 aquibus
1469 460 1559 492 liberi

94 514 178 544 cives
193 520 294 544 erunt.
318 514 512 545 adulationes
536 518 618 543 certe
635 513 775 549 abr-runt,
792 513 904 553 quihus
929 513 1074 543 adversus
1100 513 1213 544 divites
1238 513 1348 555 inopes
1374 515 1418 545 uti
1434 515 1560 556 solent;

93 566 321 598 sollicitudines
337 567 410 598 item
438 567 644 608 indigentium
672 572 766 608 atque
792 567 925 603 dolores,
941 567 1054 607 quibus
1080 567 1111 596 in
1136 567 1207 597 tiliis
1231 569 1405 600 nutriendis
1419 582 1562 612 quaeren·

95 621 207 662 disque
225 621 364 662 pecuniis
381 626 504 662 propter
520 621 722 652 necessariam
750 621 989 652 domesticorum
1016 631 1236 662 servorumque
1263 623 1462 655 nutritionem
1490 619 1562 657 {ex-

95 679 207 705 antur:
239 676 313 706 dum
337 681 370 706 et
393 675 550 706 fenoribus
578 675 655 705 dant
680 685 818 716 operam,
845 680 877 705 ct
901 679 1018 715 negant
1043 685 1113 716 quae
1140 682 1341 716 acceperunt,
1370 682 1402 707 et
1428 681 1561 719 quaestui

97 728 306 770 undecunque
321 730 460 760 student.
484 734 641 770 seponunt
657 734 804 770 praeterea
822 729 904 770 apud
924 728 1065 759 mulieres
1082 728 1296 771 ministrosque
1311 732 1475 772 permulta,
1491 744 1562 775 quae

95 782 135 812 ad
153 787 275 824 tempus
289 783 476 818 condantur,
492 793 563 812 nam
580 793 672 824 quam
689 782 786 813 multa
800 787 831 814 et
847 781 952 823 qualia
968 781 999 812 in
1017 782 1055 812 iis
1072 782 1211 813 homines
1228 784 1399 824 patiuntur,
1417 798 1434 816 υ
1452 788 1563 828 amice,

93 842 124 866 et
142 837 211 877 ipsa
229 846 281 876 per
296 846 328 866 se
342 836 456 877 cuique
475 842 583 877 patent
599 842 631 867 et
652 836 817 867 illiberalia.
832 842 904 866 sunt
930 841 962 867 et
984 836 1113 878 indigna
1129 843 1264 871 narratu.
1307 838 1423 871 Grau.
1447 841 1564 872 Patent

92 890 186 930 plane
204 890 250 920 vel
267 900 363 921 caec0.
409 891 464 922 So.
489 890 586 921 Porro
603 891 642 921 ab
666 891 713 921 his
728 891 871 922 omnibus
887 890 973 921 liberi
990 897 1091 927 erunt,
1108 892 1265 933 vitamque
1282 900 1376 933 agent
1392 894 1560 927 beatiorem

95 944 271 974 beatissima
299 944 355 976 illa
383 955 488 976 corum
515 944 589 981 vita,
616 945 670 986 qui
699 944 840 975 vicerunt
865 944 1030 986 Olympia.
1077 944 1191 975 GLAU.
1215 946 1287 981 Qua
1318 946 1462 978 ratione?
1507 950 1563 981 So.

93 997 218 1038 Nempe
241 997 289 1028 illi
304 999 344 1028 ob
360 998 504 1039 exiguam
532 1004 649 1038 partem
675 1008 793 1034 eorum,
810 1009 880 1039 quae
907 998 1068 1038 possident
1095 997 1140 1036 hi,
1157 1000 1237 1029 beati
1263 1005 1421 1041 putantur.
1444 1013 1517 1034 nam
1533 1010 1572 1036 et

94 1051 220 1082 victoria
248 1052 355 1082 horum
383 1052 566 1092 praeclarior,
582 1057 613 1082 et
631 1051 795 1093 perfectior
824 1063 860 1082 ex
889 1051 1017 1092 publico
1044 1052 1213 1083 alimonia:
1240 1054 1412 1096 horumque
1436 1057 1567 1089 victoria

95 1105 232 1136 civitatis
263 1106 357 1136 totius
387 1112 436 1136 est
471 1107 565 1137 salus.
602 1106 750 1136 alimenta
783 1111 945 1145 praeterea,
976 1111 1009 1136 et
1045 1116 1241 1148 quaecunque
1271 1108 1333 1138 alia
1371 1110 1409 1140 ad
1447 1111 1564 1142 victum

97 1160 281 1196 necessaria,
309 1160 368 1200 ipsi
395 1170 563 1200 eorumque
593 1160 647 1190 filii
677 1159 886 1190 coronationis
912 1159 981 1190 loco
1008 1160 1191 1200 accipiunt3
1224 1161 1357 1193 honores
1384 1162 1511 1206 insuper
1533 1172 1568 1197 et

95 1214 221 1254 praemia
236 1215 275 1245 ab
291 1214 357 1256 ipsa
375 1214 534 1256 republica
558 1215 698 1245 viventes
721 1218 966 1255 consequuntur,
982 1219 1012 1244 et
1038 1214 1100 1244 vita
1126 1214 1227 1245 functi
1241 1215 1337 1257 digna
1353 1219 1563 1259 sepulcrorum

94 1267 157 1298 suis
189 1268 353 1299 virtutibus
381 1269 583 1300 monimenta.
643 1268 759 1299 GLAU.
783 1268 862 1299 Haec
899 1272 983 1299 certe
1012 1269 1180 1298 admodum
1212 1270 1338 1311 egregia
1367 1278 1450 1303 sunt·
1505 1275 1563 1306 So.

94 1322 283 1358 Meministi,
314 1323 399 1364 quod
431 1323 463 1353 in
493 1321 704 1364 superioribus
735 1322 840 1353 nescio
880 1321 970 1363 cujus
1000 1322 1098 1353 oratio
1130 1323 1220 1354 nobis
1257 1324 1385 1365 objecit,
1417 1332 1563 1369 tanquam

94 1376 240 1409 custodes
271 1375 397 1407 minime
428 1377 536 1408 beatos
566 1376 781 1407 efficeremus?
819 1380 929 1416 utpote
958 1375 1012 1417 qui
1051 1375 1148 1418 [460]
1188 1377 1264 1408 nihil
1302 1378 1461 1417 haberent,
1493 1393 1564 1414 cum

95 1434 196 1460 tannen
221 1429 328 1460 liceret
341 1430 399 1460 illis
423 1430 536 1461 civium
564 1430 670 1461 omnia
696 1430 868 1472 possidere.
890 1430 950 1471 ipsi
973 1435 1076 1460 autem
1103 1432 1320 1472 respondimus
1347 1433 1379 1464 in
1407 1441 1564 1476 posterum

94 1493 162 1520 nos,
177 1484 277 1515 sicubi
303 1484 483 1526 contigerit,
511 1484 770 1516 consideraturos.
798 1495 869 1515 nam
898 1484 929 1514 in
958 1484 1121 1523 praesentia
1136 1485 1283 1516 custodes
1307 1487 1433 1527 quidem
1460 1500 1564 1522 revera

94 1538 241 1568 custodes
257 1538 358 1570 facere
374 1549 431 1569 nos
446 1550 454 1577 3
472 1538 631 1569 civitatem
649 1549 733 1579 vero,
746 1538 848 1579 quoad
868 1548 1039 1578 possemus,
1053 1538 1258 1570 beatissimam
1275 1552 1282 1570 :
1301 1551 1402 1583 neque
1415 1544 1454 1574 ad
1472 1555 1566 1576 unam

95 1594 252 1634 quandam
281 1593 349 1634 ejus
374 1598 506 1635 partem,
530 1594 584 1624 sed
612 1594 650 1624 ad
678 1599 773 1623 totam
800 1592 1003 1634 respicientes
1029 1593 1253 1625 beatitudinem
1283 1594 1366 1626 illam
1395 1599 1568 1639 exquirere.

96 1646 211 1678 Gtau.
237 1647 373 1679 Memini
403 1648 561 1688 equidem.
622 1648 678 1678 So.
702 1647 797 1678 Nunc
829 1652 911 1677 certe
943 1647 1173 1679 auxiliariorum
1205 1648 1281 1689 vita,
1314 1652 1440 1691 quando
1472 1652 1567 1695 longe

97 1702 271 1741 praeclarior
295 1712 332 1732 ac
351 1702 466 1732 <melior
482 1712 574 1742 quam
601 1712 719 1739 eorum,
736 1702 790 1743 qui
815 1701 966 1744 Olympia
982 1701 1124 1738 vincunt,
1141 1709 1282 1744 apparet,
1300 1715 1494 1747 nequaquam
1511 1718 1568 1740 co-

94 1756 253 1787 riariorum
270 1761 325 1786 aut
339 1755 470 1786 aliorum
487 1757 638 1787 artificum
653 1762 708 1787 aut
723 1756 942 1797 agricultorum
968 1757 1041 1787 vitae
1062 1757 1170 1788 similis
1186 1768 1253 1789 esse
1271 1759 1403 1792 videtur.
1449 1761 1566 1794 GLAU.

96 1809 170 1840 Non
188 1815 282 1846 certe,
301 1815 335 1840 ut
349 1814 382 1840 et
406 1810 474 1851 ipse
501 1811 640 1842 arbitror.
687 1810 742 1841 So.
767 1810 993 1852 Veruntamen,
1009 1812 1094 1852 quod
1110 1816 1143 1842 et
1158 1822 1249 1853 supra
1266 1813 1341 1854 dixi,
1356 1825 1411 1855 par
1426 1821 1473 1846 est
1487 1822 1521 1847 ut
1536 1822 1570 1847 et

95 1863 147 1894 hic
163 1869 312 1905 repetam.
337 1865 421 1906 quod
450 1865 474 1895 si
505 1865 549 1895 ita
574 1871 678 1896 custos
706 1866 815 1896 beatus
841 1865 907 1896 fieri
934 1866 1071 1905 studeat,
1100 1871 1135 1895 ut
1163 1876 1227 1896 non
1257 1867 1296 1897 sit
1322 1873 1437 1904 custos,
1465 1880 1568 1911 neque

97 1917 228 1950 sufficiat
244 1917 304 1959 ipsi
321 1917 383 1948 vita
398 1918 478 1948 adeo
496 1918 654 1948 moderata
671 1924 702 1949 et
719 1919 839 1949 stabilis
861 1925 905 1960 et,
923 1924 957 1949 ut
973 1929 1030 1949 nos
1047 1920 1222 1957 asserimus,
1239 1921 1369 1961 optima,
1386 1923 1440 1953 sed
1459 1923 1568 1955 insana

98 1977 131 2002 et
148 1971 274 2012 puerilis
289 1977 395 2002 exorta
421 1972 579 2003 felicitatis
606 1972 715 2013 opinio
731 1973 831 2014 rapiat
854 1983 924 2003 eum
953 1973 992 2003 ob
1007 1973 1108 2013 ipsam
1133 1974 1305 2015 potentiam
1322 1976 1360 2006 ad
1378 1977 1482 2007 omnia
1496 1978 1567 2016 sibi,

98 2035 167 2066 qnae
194 2025 227 2055 in
253 2025 378 2056 civitate
405 2031 489 2062 sunt,
517 2026 736 2056 vendicanda:
763 2031 932 2067 cognoscet
957 2026 1129 2057 Hesiodum
1157 2028 1313 2069 sapienter
1338 2030 1416 2060 illud
1440 2030 1567 2068 dixisse,

98 2079 262 2115 dimidium
289 2090 356 2111 esse
386 2080 456 2120 plus
481 2090 573 2121 quam
593 2085 703 2112 totum.
749 2079 865 2111 GLAU.
888 2081 920 2111 Si
949 2091 997 2112 me
1023 2081 1199 2112 consultore
1224 2087 1339 2119 utetur,
1365 2084 1422 2115 hac
1446 2084 1480 2114 in
1507 2085 1570 2116 vita

99 2134 248 2164 manebit.
292 2133 348 2165 So.
372 2133 489 2164 Probas
508 2134 602 2175 igitur
618 2135 881 2171 communionem,
897 2145 990 2176 quam
1015 2135 1193 2166 mulieribus
1219 2146 1290 2167 cum
1306 2137 1377 2167 viris
1394 2137 1570 2179 tribuimus,

98 2187 203 2228 quoad
226 2187 438 2229 disciplinam,
454 2187 585 2218 filiorum
614 2187 858 2229 susceptionem,
874 2188 1048 2220 custodiam
1076 2189 1200 2230 civium,
1216 2195 1250 2220 ut
1275 2201 1337 2221 una
1353 2202 1423 2222 cum
1439 2192 1512 2222 viris
1533 2193 1568 2224 in

97 2251 174 2282 pace
191 2242 375 2282 gubernent,
393 2243 424 2277 in
453 2242 534 2273 bello
560 2242 708 2282 militent,
724 2243 905 2274 custodiant
923 2254 995 2279 una,
1012 2248 1044 2274 et
1059 2254 1171 2274 canum
1198 2246 1296 2275 instar
1322 2251 1484 2283 venentur,
1502 2257 1569 2278 om-

98 2295 247 2337 niumque
263 2295 433 2329 officiorum
450 2296 591 2334 omnino,
609 2297 713 2338 quoad
740 2297 808 2327 fieri
825 2302 938 2339 potest,
957 2298 1123 2339 participes
1139 2298 1212 2329 sint.
1235 2310 1272 2331 ac
1287 2300 1359 2331 dum
1379 2301 1444 2332 haec
1459 2307 1569 2342 agunt,

99 2348 217 2388 optima
231 2359 321 2390 agere
337 2349 405 2380 illas
421 2351 568 2382 concedis
583 2361 686 2392 neque
700 2357 808 2382 contra
831 2356 970 2382 naturam
988 2352 1124 2390 feminae,
1140 2363 1201 2393 qua
1217 2353 1359 2384 instituta
1374 2360 1432 2391 est,
1449 2360 1484 2385 ut
1497 2365 1568 2386 curn

101 2412 181 2433 mare
209 2404 429 2436 communicet.
476 2404 592 2436 GLAu.
616 2405 737 2448 Probo‘
748 2406 907 2446 equidem.
954 2406 1007 2437 So.
1032 2406 1147 2437 Nonne
1178 2412 1272 2438 restat
1299 2408 1461 2449 deinceps,
1484 2415 1520 2439 ut
1535 2410 1566 2440 id

99 2456 303 2493 declaremus,
321 2462 420 2488 utrum
437 2469 504 2490 esse
521 2460 618 2500 possit
635 2460 702 2490 haec
719 2459 748 2489 in
767 2460 957 2501 homiuibus,
972 2461 1235 2502 quemadmodum
1259 2461 1291 2492 in
1308 2462 1433 2503 reliquis
1448 2463 1569 2494 anima-

98 2509 191 2550 libus,
207 2511 398 2550 communio,
413 2517 446 2542 et
459 2523 522 2554 quo
539 2519 632 2554 pacto
648 2514 745 2554 possit
760 2514 770 2544 ἓ
801 2514 917 2545 Grau.
935 2514 1137 2555 Anticipasti‚
1151 2516 1236 2556 quod
1252 2526 1310 2557 ego
1328 2516 1571 2559 interrogaturus

98 2574 192 2596 eram.
239 2564 295 2596 So.
321 2565 373 2596 De
390 2576 419 2597 re
443 2565 570 2607 quidem
597 2567 707 2598 bellica
732 2568 929 2600 manifestum
946 2580 1012 2600 esse
1029 2569 1167 2605 arbitror,
1182 2579 1245 2609 quo
1263 2575 1354 2610 pacto
1371 2580 1439 2601 eam
1457 2576 1568 2602 tracta-

98 2617 187 2648 bunt.
233 2618 347 2650 Grau.
371 2620 517 2656 Quonam
543 2621 660 2661 pacto?
705 2623 763 2653 So.
787 2623 973 2654 Militabunt
998 2623 1138 2664 profecto
1155 2624 1371 2661 communiter,
1386 2630 1448 2655 tam
1472 2635 1570 2656 mares

99 2680 190 2711 quam
218 2671 353 2710 semime,
379 2673 558 2715 ducantque
584 2675 708 2707 adultos
737 2676 817 2708 filios
843 2688 947 2709 secum
975 2677 1013 2708 ad
1041 2677 1204 2718 proelium:
1233 2682 1276 2715 ut,
1303 2679 1568 2718 quemadmodum

100 2724 230 2756 aliorum
245 2726 392 2768 opificum
417 2728 486 2764 filii,
500 2734 532 2759 et
556 2729 588 2759 hi
613 2734 732 2770 patrum
756 2741 879 2762 suorum
907 2742 1003 2773 opera
1025 2737 1164 2768 cernant,
1182 2742 1252 2772 qum
1268 2731 1326 2772 ipsi
1343 2742 1481 2774 quoque,
1496 2743 1568 2764 cum

99 2779 138 2809 ad
156 2785 304 2811 maturam
322 2786 445 2812 aetatem
463 2783 672 2823 pervenerint,
688 2785 829 2817 effecturi
845 2792 937 2816 sunt:
957 2791 1050 2827 atque
1066 2786 1206 2827 insuper,
1223 2791 1257 2816 ut
1274 2785 1371 2827 [467]
1391 2786 1569 2826 parentibus

101 2833 218 2870 anxilio
245 2835 318 2871 sint,
345 2835 582 2878 ministrentque
605 2838 720 2875 omnia,
735 2849 805 2880 quae
831 2840 871 2870 ad
901 2840 1015 2871 bellum
1042 2845 1195 2881 spectant,
1219 2845 1383 2881 patresque
1404 2845 1436 2871 et
1459 2846 1569 2871 matres

101 2891 220 2920 curent.
265 2888 317 2919 An
334 2899 396 2920 non
413 2891 668 2930 animadvertisti,
685 2893 769 2934 quod
793 2894 826 2924 in
851 2894 967 2924 artibus
982 2894 1109 2931 accidit,
1128 2894 1221 2925 veluti
1238 2894 1387 2936 quamdiu
1405 2893 1566 2934 figulorum

102 2939 158 2971 lilii
175 2940 326 2983 tingentes
343 2949 443 2984 patres
470 2950 614 2987 spectant
630 2947 747 2988 [eisquc
774 2947 959 2990 ministrant,
974 2953 1139 2990 antequam
1156 2948 1214 2990 ipsi
1229 2948 1396 2991 quicquam
1423 2946 1540 2988 tingant
1555 2947 1566 2975 ἓ
