1840 3225
280 209 358 247 174
882 204 1147 244 PLATONIS
1634 205 1738 256 [499

280 312 406 345 civitate
422 314 594 353 potentem,
619 308 716 351 [499]
741 318 899 350 nunquam
915 313 1078 340 autunum
1106 312 1160 338 aut
1185 307 1288 348 plures
1313 307 1417 338 intuiti
1443 311 1526 339 sunt.
1553 317 1594 338 an
1616 306 1733 348 putas?

282 366 368 398 Am.
389 364 486 396 Nullo
501 365 606 395 modo.
654 363 710 396 So.
735 362 849 404 Neque
871 372 1020 404 unquam,
1035 373 1054 393 o
1080 363 1182 398 beate,
1198 362 1390 393 sermonibus
1415 372 1504 393 aures
1528 361 1738 393 adhibuerunt

283 420 422 452 honestis
436 430 473 451 ac
488 419 601 456 liberis,
616 418 729 460 quibus
744 418 857 449 obnixe
873 423 904 448 et
920 418 1004 448 omni
1021 417 1125 447 studio
1140 416 1290 447 noscendi
1306 417 1404 458 gratia
1429 427 1534 448 verum
1559 415 1737 458 inquiritur.

283 476 353 506 haec
368 479 471 505 autem
487 473 581 515 plena
596 473 736 504 versutiis
752 477 784 503 et
798 473 965 503 subornata
979 472 1145 513 litigiorum
1162 471 1421 507 machinamenta,
1436 470 1514 501 nihil
1527 470 1613 501 aliud
1640 480 1741 512 appe·

286 529 384 560 tentia
396 539 489 570 quam
502 528 696 570 opinionem,
710 528 832 558 inanem
846 527 987 568 gloriam,
999 526 1231 558 contentionem
1247 530 1309 556 tarn
1325 526 1356 556 in
1368 524 1500 566 judiciis
1522 534 1615 566 quarn
1638 523 1740 565 privar

285 584 326 614 tis
342 582 520 624 colloquiis,
536 582 730 613 omittuntur.
774 582 856 612 Am.
880 581 953 611 Non
970 586 1063 612 certe.
1109 580 1162 611 So.
1185 580 1406 618 Quamobrem,
1421 590 1492 611 cum
1509 579 1575 610 haec
1589 577 1650 620 ipsi
1662 588 1741 620 prae-

286 638 461 669 videremus
477 643 756 678 metueremusque,
774 636 903 666 veritate
920 637 1021 666 coacti
1048 635 1182 666 diximus
1207 645 1310 676 neque
1336 634 1495 665 civitatem
1520 632 1616 664 ullam
1638 641 1742 674 neque

287 702 351 723 rern
366 691 523 733 publicam
538 702 639 733 neque
657 692 752 721 virum
768 691 936 732 perfectum
954 690 1032 726 fore,
1049 690 1226 732 priusquam
1242 689 1351 730 paucis
1366 688 1450 720 hisce.
1466 687 1671 730 philosophis,
1686 686 1741 728 qui

287 756 347 777 nec
361 746 434 777 mali
449 757 508 777 nec
522 746 647 776 inutiles
664 751 748 782 sunt,
764 750 798 775 ut
814 745 906 785 vulgo
923 745 1145 782 existimantur,
1161 744 1327 775 necessitas
1340 743 1483 785 quaedam
1502 748 1583 774 sorte
1599 742 1743 784 contige-

288 799 327 830 rit
344 805 389 837 ut,
405 811 459 830 seu
475 799 572 831 velint
586 811 639 831 seu
655 799 768 836 nolint,
784 799 918 830 civitatis
933 810 1035 830 curam
1052 799 1236 840 suscipiant,
1251 799 1298 829 vel
1323 808 1342 828 a
1368 798 1490 829 civibus
1515 796 1741 828 exaudiantur:

286 854 335 885 vel
350 854 458 885 saltem
473 854 520 885 his
535 854 588 896 qui
615 854 824 890 dominantur,
837 859 891 884 aut
915 864 1018 884 eorum
1045 853 1128 889 filiis,
1144 854 1250 883 divina
1274 854 1409 894 quadam
1432 851 1648 893 inspiratione,
1663 860 1743 882 verae

286 909 493 950 philosophias
508 919 596 939 verus
610 919 694 939 amor
709 909 875 939 inhaeseiit.
918 908 1014 945 Quod
1031 915 1133 939 autem
1149 908 1243 939 altera
1263 908 1372 938 horum
1398 907 1448 938 vel
1474 912 1603 948 utraque
1627 906 1745 947 impos·

290 963 391 993 sibilia
405 964 478 999 sint,
494 963 696 993 demonstrari
724 973 786 993 non
815 973 906 1004 posse
931 962 1068 994 arbitror.
1093 963 1231 1003 alioquin
1253 961 1325 1003 jure
1348 961 1409 1003 ipsi
1435 961 1639 997 irrideremur,
1653 960 1745 1002 quasi

289 1027 338 1048 res
353 1027 408 1058 pro
421 1017 574 1048 desiderio
588 1017 782 1057 effingentes.
804 1026 843 1046 an
859 1027 920 1046 non
935 1016 981 1046 ita
994 1017 1005 1047 ?
1050 1016 1131 1047 Am.
1156 1016 1204 1046 Ita
1215 1026 1348 1057 prorsus.
1393 1015 1449 1046 So.
1471 1015 1506 1046 Si
1516 1015 1643 1057 quando
1653 1015 1748 1056 igitur

291 1071 366 1101 olim
380 1071 506 1101 infinito
522 1077 660 1111 tempore
671 1075 828 1111 anteacto,
840 1070 897 1101 viri
907 1070 937 1100 in
952 1069 1149 1112 philosophia
1162 1076 1342 1111 praestantes
1351 1070 1536 1101 necessitate
1546 1068 1673 1111 impulsi
1683 1079 1746 1101 rem

292 1125 449 1166 publicam
465 1125 675 1166 gubernarunt
690 1125 736 1155 vel
763 1125 848 1156 hisce
871 1124 1060 1165 temporibus
1087 1131 1198 1166 regunt
1222 1124 1380 1156 barbarica
1405 1125 1540 1166 quadam
1564 1124 1600 1155 in
1620 1123 1747 1165 regione

292 1178 383 1209 nobis
397 1178 616 1219 inaccessibili,
632 1179 679 1210 vel
695 1178 726 1209 in
741 1179 877 1209 futurum
894 1179 1154 1210 administrabunt
1169 1191 1175 1209 ε
1200 1180 1231 1210 in
1248 1180 1308 1210 hoc
1323 1184 1405 1211 certe
1419 1189 1518 1210 rerum
1533 1183 1615 1210 statu
1637 1179 1748 1220 procul

293 1233 391 1264 dubio
416 1244 624 1264 asseveramus
649 1243 711 1263 rem
735 1233 894 1275 publicam
918 1244 1010 1274 supra
1036 1234 1223 1275 descriptam
1247 1233 1352 1270 fuisse,
1376 1244 1444 1264 esse
1467 1243 1503 1265 nc
1527 1233 1605 1270 fore,
1620 1233 1748 1275 quando

294 1286 414 1319 civitati
429 1288 496 1318 haec
511 1287 606 1317 Musa
621 1287 745 1328 praesit3
772 1286 834 1317 fieri
850 1293 932 1318 certe
957 1287 990 1317 id
1017 1293 1132 1328 potest,
1147 1297 1249 1329 neqre
1271 1297 1328 1318 nos
1352 1286 1556 1329 impossibilia
1580 1287 1747 1328 fingimus:

293 1341 433 1372 difficilia
447 1347 549 1372 tamen
564 1342 631 1372 haec
645 1352 711 1372 esse
727 1352 745 1372 a
760 1341 851 1372 nobis
866 1352 991 1383 quoque
1006 1352 1152 1372 concessa
1166 1341 1301 1373 fuerunt.
1344 1341 1427 1372 Am.
1449 1341 1533 1372 Mihi
1555 1352 1682 1384 quoque
1706 1342 1750 1373 itu

294 1395 428 1427 videtur.
474 1395 529 1426 So.
552 1395 663 1426 Addes
674 1396 815 1436 forsitan,
831 1396 924 1436 vulgo
941 1396 972 1426 id
999 1406 1061 1425 non
1090 1395 1197 1426 videri.
1242 1395 1324 1426 Am.
1346 1395 1455 1426 Forte:
1495 1395 1552 1427 So.
1575 1395 1626 1427 Ne
1651 1405 1750 1438 usque

295 1450 376 1481 adeo
392 1450 502 1491 vulgus
517 1450 637 1491 culpes,
652 1461 671 1479 o
687 1449 732 1480 vir
749 1451 847 1482 beate.
870 1461 975 1480 verum
992 1450 1067 1491 quid
1084 1460 1137 1480 eos
1151 1450 1330 1490 opinaturos
1351 1450 1519 1485 existimas,
1533 1450 1558 1480 si
1583 1460 1646 1481 non
1673 1460 1751 1481 con-

295 1504 445 1535 tentionis
459 1504 575 1540 studio,
591 1504 644 1535 sed
661 1503 767 1535 amicis
782 1504 918 1541 monitis,
934 1504 1083 1534 dissoluta
1099 1503 1305 1546 philosophiae
1321 1505 1449 1535 adversa
1463 1504 1631 1541 calumnia,
1646 1509 1753 1536 osten—

294 1558 364 1595 das,
378 1569 457 1601 quos
470 1559 664 1600 potissimum
680 1558 759 1589 viros
775 1559 915 1600 appellas
930 1559 1143 1600 philosophos,
1157 1566 1187 1589 et
1202 1565 1236 1589 ut
1250 1569 1350 1600 nuper
1364 1557 1537 1600 distinguas
1548 1564 1580 1590 et
1591 1559 1752 1601 ingenium

293 1612 432 1654 ipsorum
448 1618 481 1643 et
495 1613 642 1648 studium,
669 1611 765 1654 [500]
789 1623 830 1643 ne
844 1618 875 1643 te
892 1613 1087 1654 suspicentur
1102 1623 1154 1644 eos
1169 1613 1283 1651 dicere,
1299 1622 1377 1654 quos
1391 1611 1453 1654 ipsi
1467 1613 1626 1654 cogitant:
1653 1611 1702 1644 vel
1728 1612 1754 1644 si

295 1667 340 1697 ita
355 1666 567 1706 conceperint,
582 1666 646 1697 salli
661 1677 714 1697 eos
729 1666 878 1707 opinione
893 1667 1005 1698 dixeris
1019 1677 1076 1698 nec
1093 1668 1130 1697 ad
1147 1667 1307 1709 proposita
1333 1668 1520 1709 respondere
1534 1667 1545 1698 ?
1567 1677 1608 1698 an
1633 1677 1754 1703 censes,

298 1720 437 1762 inquam,
453 1720 599 1750 adversus
612 1720 716 1750 mitem
732 1720 828 1751 virum
843 1720 953 1751 irritari
970 1721 1104 1762 aliquem
1119 1721 1130 1751 ?
1153 1727 1207 1751 aut
1221 1722 1377 1751 hominem
1394 1721 1460 1753 sine
1472 1721 1588 1752 invidia
1599 1727 1633 1752 et
1643 1721 1754 1763 malig-

297 1774 396 1805 nitate
411 1774 475 1804 viro
491 1784 553 1805 non
567 1773 673 1804 invido
688 1774 826 1805 invidere
840 1775 851 1804 ?
896 1774 1051 1816 Equidem
1068 1786 1123 1817 pro
1151 1781 1181 1807 te
1207 1776 1393 1817 respondeo,
1408 1786 1472 1807 non
1495 1776 1529 1807 in
1553 1775 1754 1807 multitudine

278 1829 469 1877 ,hoininum
484 1829 537 1859 sed
554 1829 585 1858 in
602 1829 709 1870 paucis
725 1829 892 1859 admodum
908 1829 988 1860 adeo
1003 1829 1151 1860 immitem
1179 1829 1280 1860 inesse
1305 1835 1456 1860 naturam.
1499 1829 1582 1860 Am.
1604 1829 1695 1861 Idem
1721 1834 1755 1861 et

298 1883 366 1924 ipse
381 1882 496 1924 cogito.
540 1883 596 1914 So.
620 1882 673 1913 An
689 1888 721 1913 et
735 1884 794 1913 hoc
819 1883 962 1924 cogitas?
987 1893 1123 1920 causam,
1140 1884 1181 1914 ob
1206 1893 1299 1924 quam
1326 1883 1494 1915 multitudo
1519 1883 1751 1926 philosophiam

298 1936 407 1978 iniquo
423 1938 525 1967 animo
540 1937 610 1974 fert,
623 1948 677 1968 eos
692 1948 769 1974 esse,
785 1938 840 1979 qui
854 1948 924 1968 cum
940 1938 1038 1979 inepti
1054 1939 1093 1968 ad
1110 1938 1338 1979 philosophiam
1361 1938 1433 1975 sint,
1450 1948 1518 1969 eam
1542 1938 1672 1980 professi
1697 1939 1755 1970 ho-

301 1991 400 2021 mines
411 1991 554 2022 convitiis
569 1991 680 2032 passim
698 1992 862 2027 lacessunt,
878 1997 921 2029 et,
937 1993 1025 2033 quasi
1041 1993 1208 2023 inimicitiis
1223 1992 1429 2033 delectentur,
1444 2003 1565 2034 semper
1586 1993 1627 2024 de
1651 1993 1755 2024 omni·

299 2046 358 2076 bus
373 2045 593 2087 obloquuntur,
610 2056 671 2076 rem
687 2053 813 2088 agentes
829 2046 1032 2087 philosophiae
1050 2047 1175 2077 minime
1191 2057 1370 2088 congruam.
1413 2046 1496 2078 Am.
1518 2046 1669 2078 Omnino.
1698 2047 1757 2080 So,

301 2099 415 2140 Neque
430 2100 512 2131 enim
528 2100 592 2131 viro
608 2100 664 2135 illi,
681 2111 699 2130 o
716 2099 898 2137 Adimante‚
913 2101 967 2141 qui
983 2111 1105 2131 omnem
1121 2101 1233 2132 mentis
1247 2102 1345 2132 aciem
1361 2101 1400 2132 ad
1415 2111 1464 2138 ea,
1479 2111 1550 2143 quae
1575 2111 1646 2132 vere
1671 2106 1756 2138 sunt,

302 2152 427 2192 direxit,
454 2154 551 2184 otium
577 2159 730 2194 superest,
755 2164 817 2194 quo
842 2153 967 2195 negotia
993 2154 1151 2184 hominum
1179 2155 1325 2186 inferiora
1352 2155 1507 2196 respiciat,
1530 2165 1664 2197 cumque
1694 2155 1757 2187 illis

302 2217 447 2249 pugnans
475 2208 623 2238 invidiam
653 2207 710 2238 sibi
739 2214 771 2238 et
794 2208 1042 2239 malevolentiam
1064 2209 1180 2239 conflet
1195 2220 1202 2238 :
1227 2209 1279 2239 sed
1306 2219 1354 2245 ea,
1376 2219 1446 2250 quae
1471 2219 1594 2250 semper
1620 2210 1756 2241 eundem

303 2266 426 2293 servant
453 2262 606 2298 ordinem,
635 2262 874 2302 contemplatur,
899 2272 970 2303 quae
996 2272 1098 2303 neque
1131 2262 1266 2292 inserunt
1294 2263 1428 2293 invicem
1465 2273 1567 2305 neque
1597 2264 1757 2305 patiuntur

302 2315 459 2357 injuriam,
475 2316 578 2346 omnia
605 2325 676 2346 vero
703 2321 809 2346 ornate
837 2322 869 2346 et
897 2316 1067 2347 secundum
1097 2316 1246 2347 rationem
1272 2317 1423 2358 disposita
1451 2323 1536 2348 sunt.
1567 2323 1662 2360 atque
1691 2318 1758 2350 haec

305 2369 454 2409 imitatur,
484 2380 578 2411 seque
607 2370 654 2399 liis
681 2380 773 2411 quam
809 2370 997 2401 simillimum
1033 2371 1146 2401 reddit.
1179 2381 1219 2401 an
1255 2377 1345 2413 putas
1383 2371 1449 2402 fieri
1485 2383 1588 2414 posse,
1617 2378 1651 2403 ut
1678 2373 1758 2403 illud

304 2435 368 2455 non
395 2423 531 2455 imitetur
553 2424 678 2466 aliquis,
693 2424 745 2455 cui
768 2434 837 2455 cum
862 2435 965 2456 amore
992 2425 1233 2456 admirabundus
1258 2426 1420 2457 adhaeret?
1465 2425 1546 2458 Aur.
1569 2426 1668 2458 Nullo
1692 2437 1759 2458 rno-

306 2479 359 2510 do.
403 2479 457 2511 So.
481 2478 585 2515 Quare
611 2489 680 2510 cum
708 2479 910 2521 philosophus
935 2479 1042 2510 divino
1065 2485 1158 2521 atque
1183 2481 1296 2511 decoro
1319 2481 1495 2522 frequenter
1516 2482 1684 2518 adhaereat,
1710 2480 1759 2512 di·

308 2532 398 2563 vinus
413 2533 478 2574 ipse
495 2538 588 2574 atque
615 2534 756 2570 decorus,
773 2535 875 2573 quoad
900 2534 1016 2565 homini
1043 2534 1190 2576 possibile
1214 2540 1273 2571 est,
1288 2535 1429 2566 efficitur.
1461 2535 1617 2566 calumnia
1640 2535 1760 2567 veroin

309 2586 452 2617 omnibus
469 2587 574 2618 multa.
618 2588 697 2620 ΑΜ.
721 2589 772 2619 Sic
787 2594 834 2620 est
849 2589 987 2620 omnino.
1032 2589 1087 2620 So.
1111 2589 1145 2620 Si
1161 2599 1233 2631 ergo
1250 2589 1433 2620 necessitate
1456 2589 1561 2631 aliqua
1582 2589 1763 2627 induentur,

310 2645 345 2670 ut
359 2651 408 2677 ea,
424 2651 493 2682 quae
509 2641 572 2673 illic
589 2642 735 2679 intuetur,
753 2643 792 2673 ad
808 2654 906 2675 mores
921 2643 1079 2674 hominum
1095 2644 1235 2685 privatim
1261 2650 1293 2675 et
1316 2643 1442 2685 publice
1469 2643 1643 2683 transferat,
1658 2653 1760 2685 neque

310 2704 344 2725 se
358 2699 489 2731 tantum,
506 2698 559 2726 sed
574 2701 605 2727 et
627 2696 704 2728 alios
719 2697 854 2728 formet:
878 2699 1019 2740 nunquid
1033 2698 1162 2729 inertem
1189 2698 1308 2729 fabrum
1334 2697 1546 2738 temperantia
1566 2697 1761 2740 justitiaeque

310 2753 343 2778 et
357 2748 506 2779 universae
522 2750 680 2791 popularis
694 2750 815 2782 virtutis
830 2752 894 2783 fore
909 2752 1009 2793 ipsum
1033 2751 1215 2783 existimas?
1259 2752 1340 2783 Am.
1363 2751 1505 2784 Minime.
1549 2751 1606 2784 So.
1628 2751 1663 2783 Si
1687 2761 1760 2783 sen-

310 2802 367 2832 tiat
382 2801 492 2843 vulgus
509 2813 578 2833 vera
601 2813 657 2833 nos
684 2804 723 2835 (le
749 2806 808 2836 hoc
834 2805 1005 2847 perhibere,
1021 2815 1059 2836 an
1082 2806 1274 2847 philosophis
1299 2806 1504 2842 succensebit,
1520 2806 1671 2848 nobisque
1695 2814 1760 2837 non

311 2856 416 2888 credet
429 2856 605 2888 dicentibus
620 2867 682 2888 non
698 2858 786 2890 aliter
799 2860 954 2891 civitatem
971 2860 1036 2890 fore
1060 2860 1192 2897 beatam,
1208 2871 1300 2902 quam
1324 2860 1348 2890 si
1373 2870 1452 2897 mm,
1469 2860 1602 2902 pictores
1627 2859 1762 2891 forment

310 2910 364 2952 qui
379 2911 485 2942 divino
502 2916 627 2942 utuntur
641 2913 806 2954 exemplo?
850 2914 932 2947 Ani.
956 2913 1162 2957 Nequaquam
1187 2914 1393 2951 succensebit,
1408 2914 1434 2946 si
1457 2914 1596 2946 senserit.
1640 2913 1757 2946 Verum
