1840 3225
229 253 253 288 ‘2
265 253 309 291 16
808 250 1075 290 PLATONJS
1597 254 1694 305 [582

232 355 348 387 GnAu.
373 355 422 385 Ita
448 366 493 386 res
518 366 550 386 se
573 356 677 386 habet.
724 355 780 387 So.
804 355 1032 397 Philosophum
1056 365 1182 397 quoque
1210 365 1363 396 ponamus
1386 361 1504 388 ceteras
1520 357 1696 398 voluptates

230 409 320 440 flocci
353 410 555 450 pendentem,
586 410 659 439 dum
692 419 743 440 eas
781 410 820 439 ad
859 410 1042 440 continuum
1073 409 1305 450 disciplinarum
1339 410 1499 450 gaudium,
1535 420 1599 452 quo
1629 411 1697 451 ipse

227 463 338 493 fruitur
354 463 573 503 investiganda
598 463 737 499 veritate,
762 469 941 504 comparat:
969 468 1196 504 vocantemque.
1219 463 1295 493 alias
1318 464 1517 500 necessarias,
1533 463 1607 506 quia
1626 463 1697 494 illas

229 522 390 547 secuturus
405 527 468 546 non
484 517 534 551 sit,
551 517 607 547 nisi
624 522 717 557 cogat
735 517 912 548 necessitas.
937 516 1050 547 Gmu.
1069 517 1158 547 Bene
1172 517 1205 547 id
1221 527 1311 548 nosse
1327 522 1462 559 oportet.
1484 518 1539 548 So.
1557 517 1697 555 Quando

228 570 321 610 igitur
337 569 489 611 cujusque
507 570 576 600 vitae
594 570 769 611 voluptates
785 570 917 612 ipsaque
943 571 1003 600 vita
1027 569 1059 600 in
1076 571 1310 601 contentionem
1327 571 1464 608 venient,
1480 581 1542 602 nou
1559 571 1600 602 de
1622 571 1695 606 boc,

229 624 314 664 quod
332 628 379 653 est
395 624 554 654 honestius
572 630 626 654 aut
642 624 761 664 turpius
777 625 893 665 vivere,
912 624 958 654 vel
977 623 1086 654 melius
1102 630 1156 654 aut
1170 625 1319 664 deterius,
1329 625 1383 655 sed
1397 626 1438 655 de
1452 624 1585 655 suaviori
1601 634 1695 666 paca-

229 676 362 718 tiorique
379 676 450 707 vitae
474 682 580 708 statu:
606 688 668 718 qua
696 678 815 708 ratione
840 679 1064 714 discernemus,
1090 679 1188 720 [582]
1214 678 1304 719 cujus
1328 679 1368 708 sit
1394 678 1548 710 sententia
1571 678 1691 709 verior?

230 729 344 761 Guu.
370 730 464 761 Haud
482 731 555 761 satis
571 732 685 773 habeo,
709 731 784 772 quid
811 733 1029 772 respondeam.
1075 732 1131 763 So.
1154 732 1205 763 Sic
1229 738 1332 763 autem
1349 732 1582 764 animadverte:
1607 732 1694 770 Qua·

228 794 299 814 nam
316 783 502 824 rejudicare
527 790 662 825 oportet,
679 795 876 826 quaecunqne
902 790 984 816 recte
1000 785 1207 826 dijudicanda
1229 786 1326 816 sunt?
1349 796 1455 816 nonne
1479 786 1603 827 peritia,
1619 797 1694 827 pru-

227 838 346 874 dentia,
371 839 513 870 ratione?
538 849 576 869 an
604 840 697 870 habet
721 839 885 880 quisquam
911 839 983 875 alia,
999 839 1111 880 quibus
1136 839 1246 870 melius
1271 839 1410 878 judicet?
1457 838 1570 870 Gnm.
1595 839 1694 870 Nullo

228 892 333 924 modo.
380 893 436 924 So.
463 893 600 923 Attende
615 893 719 933 igitur.
743 903 812 923 cum
831 897 890 923 tres
906 892 979 928 sint,
1007 893 1077 933 quis
1094 893 1224 923 maxime
1249 898 1396 934 expertus
1418 898 1466 924 est
1481 903 1601 930 omnes,
1615 903 1694 935 quas

229 947 426 982 narravimus,
444 947 639 988 voluptates?
662 951 761 976 utrum
779 957 899 982 avarus,
915 947 1066 976 discendo
1079 946 1178 987 qualis
1195 946 1236 976 sit
1251 947 1374 983 veritas,
1388 947 1484 988 magis
1499 947 1554 977 tibi
1571 947 1694 978 videtur

229 1005 376 1045 expertus
395 1000 782 1040 discendijucunditatem
797 1009 891 1040 quam
908 999 1115 1040 philosophus
1134 999 1232 1030 lucri?
1249 1009 1287 1029 an
1307 999 1411 1040 potius
1426 1000 1555 1030 contra?
1579 999 1695 1031 GLAU.

229 1054 421 1084 Permultum
438 1054 576 1084 interest.
594 1053 815 1094 philosophum
833 1063 967 1093 namque
984 1063 1110 1084 necesse
1123 1058 1170 1084 est
1187 1053 1378 1094 voluptatem
1392 1053 1518 1084 alterius
1531 1064 1547 1083 a
1560 1053 1695 1096 pueritia

229 1107 421 1147 degustasse.
445 1118 569 1137 avarum
593 1113 696 1137 autem
722 1107 964 1148 haudquaquam
990 1118 1116 1138 necesse
1144 1112 1191 1138 est
1215 1107 1246 1136 in
1277 1107 1415 1138 veritatis
1441 1107 1694 1149 investigatione,

227 1166 344 1201 quanta
361 1161 434 1191 insit
448 1161 630 1196 oblectatio,
648 1161 822 1201 percepisse
845 1167 1067 1202 expertumque
1083 1161 1178 1191 fuisse
1193 1172 1200 1190 :
1225 1161 1321 1191 immo
1346 1171 1429 1198 vero,
1445 1161 1470 1192 si
1485 1161 1612 1198 nitatur,
1629 1171 1692 1192 non

227 1214 320 1245 facile
349 1215 430 1245 istud
447 1215 631 1255 assequitur.
676 1214 734 1245 So.
758 1214 868 1255 Longe
890 1215 985 1256 igitur
1008 1220 1135 1256 praestat
1156 1225 1248 1245 avaro
1272 1215 1478 1256 philosophus
1494 1220 1693 1257 utrarumque

227 1269 423 1308 voluptatum
454 1268 659 1309 experientia.
705 1268 820 1299 Gmn.
844 1269 966 1309 Longe.
1012 1269 1068 1302 So.
1092 1269 1287 1299 Ambitiosus
1318 1280 1390 1300 vero
1419 1270 1562 1311 nunquid
1594 1269 1692 1311 magis

228 1322 404 1362 sapientiae,
421 1333 512 1363 quarn
537 1323 742 1364 philosophus
767 1323 891 1353 honoris
909 1323 1045 1363 gustavit
1061 1323 1312 1353 oblectamenta?
1358 1322 1475 1355 GLAU.
1498 1323 1609 1354 Honor
1623 1323 1697 1364 qui-

227 1376 297 1406 dem
315 1386 422 1406 omnes
438 1387 491 1406 eos
507 1376 657 1417 sequitur,
674 1377 697 1406 si
716 1377 910 1417 propositum
928 1377 984 1407 sibi
1000 1377 1135 1407 officium
1153 1364 1370 1418 exsequantur.
1415 1376 1540 1408 Etenim
1564 1377 1652 1408 dives
1674 1387 1694 1407 a

227 1429 427 1460 multitudine
443 1430 623 1469 honoratur,
639 1435 670 1460 et
685 1430 783 1465 fortis.
806 1436 837 1460 et
853 1431 988 1472 sapiens.
1011 1437 1201 1472 quapropter
1223 1441 1341 1466 omnes,
1357 1436 1473 1472 quanta
1491 1431 1633 1472 provenit
1654 1442 1693 1462 ex

228 1483 343 1513 honore
359 1484 514 1524 voluptas,
534 1495 588 1514 usu
612 1485 680 1525 ipso
697 1484 888 1525 intelligunt.
912 1491 1029 1526 quanta
1052 1496 1124 1516 vero
1148 1485 1189 1515 sit
1211 1485 1243 1514 in
1266 1485 1404 1516 veritatis
1426 1485 1692 1527 contemplatione

228 1535 375 1573 suavitas,
390 1537 473 1567 solus
497 1538 590 1568 sentit
616 1538 832 1579 philosophus,
878 1539 933 1570 So.
961 1539 1058 1580 Igitur
1080 1544 1232 1580 quantum
1256 1539 1295 1569 ad
1319 1539 1542 1580 experientiam
1565 1540 1691 1579 attinet,

227 1590 345 1630 optime
362 1591 565 1633 philosophus
584 1603 644 1632 prae
661 1593 916 1634 ceterisjudicat.
956 1593 1071 1624 GLAU.
1096 1593 1210 1624 Valde.
1254 1593 1308 1623 So.
1332 1593 1419 1630 Quin
1435 1593 1528 1624 etiam
1544 1604 1604 1624 uua
1620 1605 1690 1626 cnm

229 1644 397 1684 prudentia
423 1645 505 1675 solus
533 1645 591 1675 erit
619 1651 775 1686 expertus.
823 1646 938 1677 Gmu.
964 1646 1051 1676 Nihil
1081 1647 1234 1687 prohibet.
1279 1647 1335 1678 So.
1361 1647 1515 1678 Praeterea
1540 1658 1690 1690 organum

228 1697 319 1733 illud,
338 1708 392 1738 per
407 1699 490 1739 quod
504 1699 712 1739 judicandum
730 1705 786 1734 est,
804 1710 866 1730 non
883 1700 965 1730 avari
983 1706 1035 1730 ant
1052 1700 1207 1730 ambitiosi
1222 1701 1368 1740 hominis,
1383 1701 1436 1731 sed
1456 1701 1634 1743 philosophi
1645 1706 1694 1732 est

229 1752 478 1787 instrumentum.
524 1753 637 1784 GLAU.
661 1753 763 1789 Quale
779 1754 886 1784 istud?
933 1754 990 1784 So.
1013 1754 1074 1784 Per
1091 1755 1224 1785 rationes
1247 1755 1330 1785 enim
1357 1765 1424 1785 esse
1449 1755 1581 1785 diximus
1601 1754 1690 1796 judi·

229 1806 380 1837 candum.
422 1806 539 1838 GLAU.
564 1807 722 1838 Diximus-
767 1808 821 1839 So.
845 1807 999 1838 Rationes
1015 1814 1118 1838 autem
1132 1809 1288 1849 praecipue
1304 1809 1482 1850 philosophi
1493 1809 1691 1840 suntinstru·

229 1864 342 1891 menta.
388 1859 502 1891 GLAU.
528 1861 630 1892 Patet.
674 1862 729 1892 So.
753 1862 785 1892 Si
801 1862 920 1892 divitiis
937 1868 968 1893 et
992 1863 1076 1893 lucro
1101 1863 1218 1903 optima
1242 1863 1363 1904 singula
1374 1862 1602 1903 judicarentur.
1618 1873 1689 1905 qnae

231 1912 370 1944 laudaret
397 1916 444 1945 vel
473 1915 659 1956 improbaret
686 1917 729 1946 vir
755 1916 889 1957 quaestui
916 1917 1052 1952 dedum,
1080 1927 1204 1948 necesse
1231 1923 1312 1948 esset
1337 1917 1404 1947 haec
1427 1927 1494 1947 esse
1523 1917 1691 1949 verissima.

229 1966 343 1998 GLAU.
369 1968 508 1999 Penitus.
556 1969 610 2000 So.
634 1970 690 2000 Sin
715 1976 819 2000 antem
835 1971 964 2006 honore,
993 1971 1133 2007 victoria,
1150 1971 1345 2006 fortitudine,
1371 1981 1441 2012 qua·
1458 1971 1638 2010 ambitiosus
1660 1976 1693 2002 et

229 2021 268 2050 ad
285 2022 444 2052 victoriam
470 2023 701 2053 ardentissimus
719 2023 900 2064 judicaret?
947 2024 1062 2055 GLAu.
1087 2024 1231 2056 Constat.
1276 2025 1333 2056 So.
1357 2025 1526 2066 Postquam
1551 2035 1624 2055 vero
1637 2035 1692 2055 ex-

230 2075 394 2115 perientia,
410 2076 586 2116 prudentia,
603 2077 740 2107 ratione:
766 2088 893 2109 neccsse
909 2083 966 2113 est,
983 2089 1052 2119 quae
1072 2079 1275 2120 philosophus
1289 2085 1318 2109 et
1336 2079 1487 2108 rationum
1513 2078 1558 2108 vir
1572 2078 1692 2109 studio-

229 2139 280 2158 sus
297 2127 413 2164 laudat,
431 2128 497 2159 'esse
513 2129 678 2160 verissima.
725 2130 829 2166 Quare
853 2141 922 2160 cum
949 2138 1007 2161 tres
1024 2132 1197 2172 voluptates
1213 2132 1287 2168 sint,
1305 2132 1448 2173 voluptas
1473 2131 1570 2173 [583]
1598 2131 1692 2172 partis

228 2181 308 2222 ejuS,
332 2192 394 2222 qua
406 2182 566 2218 discimus,
589 2183 647 2213 erit
670 2183 775 2223 utique
803 2185 1002 2214 suavissima:
1029 2184 1158 2225 ejusque
1183 2185 1360 2216 dulcissima
1383 2186 1463 2220 vitas
1480 2186 1511 2215 in
1536 2195 1599 2226 quo
1623 2185 1692 2216 haec

230 2246 298 2276 pars
313 2236 500 2268 (butinatur.
545 2236 659 2267 Gmu.
684 2236 772 2267 Nihil
796 2238 910 2268 obstat.
956 2239 1012 2269 So.
1037 2238 1160 2279 Nempe
1178 2238 1394 2279 philosophus,
1411 2239 1495 2279 apud
1512 2248 1604 2279 quem
1620 2247 1691 2269 vere

226 2289 393 2329 judicandi
411 2296 457 2320 ost
474 2291 652 2330 auctoritas,
668 2301 752 2320 suam
770 2291 877 2322 laudat
894 2292 1000 2322 vitam.
1048 2294 1149 2328 Quam
1167 2302 1238 2322 vero
1254 2293 1422 2322 secundam
1433 2302 1500 2322 esse
1515 2292 1622 2328 vitam,
1637 2297 1691 2322 ant

231 2353 323 2383 qnam
338 2344 505 2374 secundam
524 2344 715 2385 voluptatem
741 2351 846 2375 censet
857 2345 977 2385 judex?
1003 2351 1034 2375 at
1056 2351 1192 2385 constat,
1208 2346 1292 2386 quod
1309 2345 1447 2376 bellicosi
1471 2345 1691 2387 ambitiosique

230 2396 373 2428 hominis.
398 2398 602 2438 propinquior
617 2399 698 2428 enim
716 2398 760 2429 illi
777 2399 842 2429 liaec
857 2409 948 2440 quam
967 2399 1060 2429 avari.
1085 2405 1267 2439 postremam
1280 2399 1374 2439 igitur
1387 2399 1461 2430 lucri
1474 2399 1582 2440 cupidi
1595 2399 1690 2429 vitam

231 2449 332 2480 locare
350 2451 480 2482 videtur.
526 2451 642 2483 GLAU.
665 2452 808 2488 Quidni?
853 2453 908 2484 So.
935 2452 1008 2482 Duo
1027 2454 1092 2483 hasc
1108 2453 1211 2494 itaque
1228 2453 1285 2483 sibi
1300 2453 1430 2483 invicem
1448 2453 1490 2482 ita
1504 2453 1690 2489 succedunt,

230 2503 453 2544 bisqiiejustiis
466 2504 531 2545 jam
559 2506 632 2536 vicit
657 2505 816 2546 injustum.
863 2506 999 2537 Tertium
1028 2517 1110 2543 vero,
1135 2506 1374 2548 Olympicorum
1392 2507 1463 2542 ritu.
1489 2507 1637 2537 servatori
1659 2511 1693 2538 et

230 2555 381 2597 Olympio
406 2558 480 2588 Jovi
506 2559 654 2595 tribuens,
679 2560 889 2600 contemplare
914 2561 1040 2596 nullius,
1071 2566 1272 2601 prseterqham
1301 2561 1472 2601 prudentis.
1498 2560 1690 2601 voluptatem

230 2620 330 2639 veram
349 2622 469 2651 prorsus
491 2613 636 2643 exsistere
651 2624 752 2654 neque
774 2614 935 2650 sinceram,
960 2615 1014 2644 sed
1032 2614 1226 2645 umbratilem
1251 2621 1344 2655 atque
1366 2615 1505 2654 inanem,
1520 2618 1555 2644 ut
1569 2624 1630 2654 ego
1652 2623 1690 2644 ex

232 2663 405 2704 sapientum
423 2661 526 2706 aliquo
543 2667 665 2697 audisse.
683 2669 755 2697 milii
773 2668 879 2698 videor
894 2680 901 2699 :
920 2674 1012 2710 atquc
1031 2669 1078 2699 hic
1094 2669 1150 2699 crit
1166 2668 1479 2709 gravissinuisinjnsti
1493 2677 1583 2698 casus
1595 2673 1690 2708 atque

232 2717 329 2746 ruina.
375 2718 490 2748 Gmu.
515 2720 629 2750 Mirum
646 2721 678 2751 in
704 2723 843 2752 modum.
868 2733 972 2752 verum
999 2733 1061 2763 quo
1081 2729 1172 2762 pacto
1190 2723 1271 2752 istud
1288 2722 1356 2752 ais?
1401 2722 1456 2751 So.
1479 2720 1527 2751 Ita
1542 2726 1624 2751 certe
1641 2720 1688 2751 in-

233 2770 365 2805 veniam,
393 2777 422 2801 tc
451 2774 658 2813 respondente
687 2776 880 2816 perquirens.
927 2776 1040 2806 an.
1065 2776 1190 2812 Qumre.
1234 2775 1288 2805 So.
1313 2775 1387 2810 Dic,
1417 2774 1557 2809 obsecro,
1584 2769 1693 2805 nonne

232 2823 330 2853 dolori
348 2826 530 2855 contrariam
546 2826 676 2857 dicimus
694 2829 884 2869 voluptutem
899 2829 909 2858 ?
945 2830 1060 2860 va.
1088 2829 1241 2860 Dicimus.
1271 2829 1326 2859 So.
1351 2827 1492 2858 Medium
1509 2827 1584 2868 quin
1600 2828 1693 2858 etiam

231 2877 392 2917 quoddam
421 2878 574 2918 ponimns,
593 2882 675 2920 quod
702 2891 802 2922 neque.
820 2882 915 2912 laetari
931 2888 977 2912 cst
1002 2894 1102 2923 neque
1118 2883 1245 2913 dolere?
1292 2882 1406 2912 GLAU.
1430 2880 1592 2911 ponimus,
1635 2881 1693 2913 So.

233 2929 268 2959 Et
287 2941 356 2961 cum
375 2932 507 2963 medium
525 2933 574 2969 sit,
590 2934 724 2974 quictem
743 2937 998 2978 vacationemque
1015 2937 1109 2967 annui
1126 2937 1164 2967 nb
1177 2942 1306 2977 utroque
1321 2935 1331 2965 ?
1350 2945 1453 2966 nonne
1465 2935 1506 2965 ita
1520 2935 1578 2966 huc
1590 2934 1694 2966 dicis?
