1840 3225
247 229 324 266 ‘162
856 225 1121 264 PLATONIS
1610 227 1708 278 [475

246 332 399 373 profecto,
416 336 578 372 postquam
595 335 626 361 et
644 335 675 360 tu
693 328 801 361 acriter
817 334 1067 370 propugnaturus
1083 328 1206 360 videris.
1252 328 1470 360 Necessarium
1486 327 1561 359 mihi
1572 327 1706 365 videtur,

245 385 270 415 si
287 395 340 415 eos
355 384 492 425 effugere
510 384 663 420 volumus,
679 383 835 414 declarare
852 383 911 413 illis
924 384 957 414 in
975 382 1093 424 primis,
1109 383 1217 424 quales
1232 383 1311 413 viros
1337 393 1404 414 esse
1430 381 1634 423 philosophos
1658 391 1707 412 ar-

244 439 404 477 bitramur,
417 449 488 469 cum
504 437 564 468 illis
581 438 743 479 imperium
760 438 939 468 exhibemus
955 450 961 467 :
990 443 1023 467 ut
1038 438 1084 467 his
1102 437 1263 478 patefactis
1280 437 1377 478 possit
1387 436 1500 478 aliquis
1512 446 1604 477 opem
1616 435 1706 471 ferre,

245 493 415 524 ostendens
444 493 528 533 quod
544 492 600 522 hos
617 492 744 533 quidem
761 492 853 522 decet
868 503 904 522 ex
921 491 988 532 ipsa
1012 497 1121 522 natura
1149 497 1181 522 et
1207 490 1414 532 philosophiae
1441 489 1580 521 studium
1607 494 1640 520 et
1663 489 1707 519 rei

247 547 383 588 publicae
400 546 699 578 administrationem
725 546 897 587 attingere;
925 546 1001 576 alios
1028 552 1131 576 autem
1156 556 1353 587 nequaquam
1379 544 1543 586 attingere,
1566 543 1621 575 sed
1648 543 1708 573 du-

244 600 388 631 centibus
405 600 464 630 illis
481 601 704 641 obtemperare.
750 599 864 631 GLAU.
889 599 1120 630 Declarandum
1133 599 1211 641 jam.
1256 600 1312 630 So.
1337 599 1419 641 Age,
1434 599 1493 630 hac
1507 608 1554 628 me
1566 607 1709 639 sequere,

246 654 349 696 siquo
363 655 457 685 modo
474 664 629 695 exponere
657 654 715 685 hoc
744 654 783 684 ad
812 653 1026 684 sufficientiam
1055 653 1222 685 valeamus.
1268 653 1383 684 Grau.
1407 651 1492 683 Duc.
1537 650 1593 683 So.
1615 649 1708 682 Nun-

247 708 324 749 quid
339 708 554 739 admonendus
569 718 614 744 es,
630 717 670 738 an
686 707 759 739 satis
774 708 844 748 ipse
860 707 1040 749 meministi,
1056 708 1141 749 quod
1158 707 1284 749 quando
1300 707 1435 748 aliquem
1462 715 1565 737 amare
1588 703 1708 745 aliquid

245 760 548 802 dicimu527videatur
563 766 698 803 oportet,
714 761 740 792 si
758 771 827 791 vere
843 761 874 791 id
892 761 1017 798 dicitur,
1033 771 1096 791 non
1114 762 1225 803 partim
1249 761 1325 792 illud
1352 760 1494 802 diligere,
1511 758 1623 801 partim
1650 756 1710 788 mi-

243 815 340 856 nime,
353 816 407 846 sed
424 816 464 846 ad
480 820 579 846 totum
608 815 713 846 affici?
759 814 874 846 Grau.
900 815 1125 846 Admonitione
1151 816 1299 857 equidem
1328 825 1418 856 egeo.
1441 824 1512 845 narn
1539 823 1605 844 non
1632 811 1708 843 satis

245 874 349 901 teneo.
395 869 450 900 So.
473 868 580 900 Alium
596 869 736 910 quemvis
751 869 855 910 potius
871 869 1016 906 decebat,
1031 879 1049 900 o
1065 869 1200 906 Glauco,
1216 870 1260 900 ita
1277 868 1374 910 loqui.
1388 869 1485 900 virum
1501 872 1605 898 autem
1620 875 1708 897 amo-

242 923 266 954 ri
283 923 448 965 plurimum
464 923 680 964 indulgentem
696 923 836 963 ignorare
852 933 914 953 non
931 923 1033 960 decet,
1048 924 1133 964 quod
1151 934 1258 954 omnes
1272 923 1306 954 in
1322 923 1422 954 aetatis
1445 922 1520 953 flore
1543 918 1708 952 constituti

243 987 408 1017 puerorum
426 982 593 1008 amatorem
609 986 736 1018 quoquo
752 977 845 1007 modo
873 975 1034 1007 stimulant
1057 981 1151 1019 atque
1177 977 1349 1012 concitant,
1364 987 1436 1008 cum
1459 975 1545 1017 digni
1571 983 1645 1005 cura
1669 983 1707 1004 ac

243 1030 417 1062 dilectione
429 1041 499 1062 esse
516 1030 690 1061 videantur.
741 1029 792 1060 An
808 1040 871 1060 non
888 1030 931 1061 sic
955 1040 1028 1071 erga
1055 1031 1215 1071 speciosos
1241 1031 1457 1062 adolescentes
1480 1027 1588 1060 affecti
1609 1026 1707 1059 estis?

244 1083 334 1121 alius,
350 1084 424 1126 quia
439 1084 546 1124 simus,
562 1084 712 1125 gratiosus
725 1084 886 1125 judicatur
909 1094 928 1114 a
954 1084 1042 1115 vobis
1066 1090 1159 1126 atque
1185 1085 1341 1117 laudatur.
1364 1083 1536 1126 aquilinum
1561 1091 1635 1113 vero
1659 1090 1708 1112 re-

243 1139 330 1179 gium
353 1138 529 1180 appellatis.
553 1138 644 1179 alius,
661 1137 735 1179 quia
760 1137 881 1169 medius
906 1138 1035 1169 istorum
1061 1144 1118 1175 est,
1135 1139 1310 1170 concinnus
1332 1138 1501 1169 admodum
1525 1136 1613 1167 vobis
1638 1144 1707 1166 esse

241 1193 375 1224 videtur.
392 1192 495 1223 fuscos
513 1192 613 1223 viriles
626 1192 754 1229 vocatis,
767 1193 919 1223 candidos
935 1193 1062 1224 deorum
1075 1193 1166 1225 filios.
1190 1193 1341 1235 pallidum
1357 1198 1460 1224 autem
1468 1173 1705 1223 adolescentem

243 1247 314 1288 quis
329 1245 515 1287 appellavit,
531 1246 589 1277 nisi
607 1251 725 1277 amator
737 1247 805 1288 ipse
819 1247 984 1278 blandiens
999 1248 1285 1289 quodammodo,et
1297 1245 1481 1288 semipallidi
1492 1244 1707 1287 appellatione

241 1300 276 1330 in
292 1299 423 1340 ephebis
439 1299 586 1341 pallorem
596 1298 692 1332 'facile
707 1301 808 1331 ferens
822 1302 833 1332 ?
857 1306 889 1332 et
906 1306 939 1332 ut
955 1301 1130 1333 summatim
1147 1302 1262 1338 dicam,
1277 1310 1481 1343 quascunque
1494 1298 1628 1340 captatis
1651 1308 1705 1330 oc-

241 1353 437 1384 casiunculas
451 1365 514 1395 quo
539 1354 694 1385 neminem
722 1355 850 1386 omnino
876 1354 973 1398 [4⁷5]
998 1356 1136 1387 florentis
1166 1355 1266 1386 aetatis
1290 1354 1521 1386 adolescentem
1546 1351 1706 1393 rejiciatis.

242 1406 358 1439 GLAu.
381 1407 415 1438 Si
439 1407 473 1438 in
500 1418 549 1438 me
574 1409 736 1439 ostendere
761 1409 863 1450 cupis,
888 1420 951 1451 quo
976 1415 1070 1452 pacto
1097 1416 1249 1441 amatores
1275 1409 1458 1445 afficiantur,
1484 1405 1706 1448 disputationis

241 1462 340 1502 gratia
355 1462 416 1493 hoc
431 1461 568 1503 accipio.
612 1463 667 1494 So.
692 1463 780 1501 Quid
797 1463 859 1494 vini
876 1464 1007 1495 avidos?
1031 1474 1135 1496 nonne
1151 1463 1291 1495 similiter
1310 1463 1440 1494 affectos
1468 1461 1566 1501 vides,
1581 1459 1706 1502 quodli-

241 1515 296 1546 bet
309 1514 415 1546 vinum
431 1525 618 1557 quacunque
634 1522 726 1558 capta
742 1517 906 1549 occasione
923 1519 1123 1550 vehementer
1137 1524 1282 1560 expetere
1296 1517 1307 1548 ἓ
1354 1516 1469 1548 (ΞιΔυ.
1492 1514 1609 1547 Valde.
1646 1513 1706 1545 So.

240 1568 327 1605 Quin
343 1568 436 1599 etiam
453 1569 706 1601 animadvertisse
723 1575 753 1601 te
779 1571 920 1608 arbitror,
935 1573 1021 1613 quod
1048 1572 1203 1603 ambitiosi
1229 1572 1381 1607 homines,
1397 1571 1422 1601 si
1449 1568 1603 1601 exercitus
1624 1577 1705 1609 prae·

239 1622 390 1654 secturam
404 1623 527 1664 assequi
544 1629 717 1665 nequeunt,
731 1624 840 1655 saltem
857 1626 973 1656 tribuni
989 1626 1070 1657 effici
1087 1626 1196 1657 volunt
1211 1638 1218 1657 ε
1243 1636 1279 1657 ac
1295 1625 1355 1656 nisi
1370 1636 1389 1656 a
1415 1623 1533 1666 magnis
1555 1631 1705 1653 veneran-

240 1676 351 1718 disque
367 1676 542 1708 hominibus
557 1678 758 1713 honorentur,
774 1678 922 1710 honorem
938 1679 978 1710 ab
1005 1679 1193 1720 ignobilibus
1216 1679 1367 1720 exigunt;
1389 1682 1501 1719 utpote
1526 1675 1582 1718 qui
1605 1675 1706 1706 hono·

240 1740 304 1760 rem
326 1741 447 1771 prorsus
470 1731 631 1763 affectent.
677 1731 791 1763 GLAn.
816 1731 1026 1773 Magnopere.
1071 1733 1127 1764 So.
1151 1732 1308 1764 Fateberis
1333 1733 1406 1773 hoc,
1420 1741 1460 1762 an
1485 1729 1572 1761 non?
1617 1728 1704 1759 Num

239 1781 432 1826 eun1,quem
457 1795 559 1817 amare
585 1785 748 1827 quippiam
775 1785 919 1822 dicimus,
935 1786 1041 1817 ardere
1064 1786 1220 1828 dicemus,
1235 1797 1275 1816 an
1301 1786 1412 1827 partim
1437 1789 1585 1826 exoptare
1610 1782 1706 1819 illud,

239 1839 350 1880 partim
367 1849 576 1881 nequaquam,
593 1839 783 1871 fatebimur?
829 1839 942 1871 GLAu.
967 1840 1115 1872 Omnem.
1158 1841 1214 1872 So.
1237 1840 1355 1872 Nonne
1378 1850 1452 1881 ergo
1481 1837 1702 1880 philosophum

239 1892 401 1933 sapientiae
415 1893 589 1924 studiosum
605 1903 672 1924 esse
687 1893 841 1931 dicemus,
858 1904 921 1924 non
937 1894 1031 1935 hujus
1046 1894 1173 1936 quidem
1189 1895 1328 1932 avidum,
1342 1894 1424 1925 illius
1439 1903 1515 1928 non,
1530 1892 1585 1923 sed
1601 1889 1702 1922 omnis

239 1945 346 1986 potius
359 1946 545 1987 sapientiae?
591 1945 704 1978 GLAU.
731 1946 814 1977 Vera
838 1947 986 1988 loqueris.
1029 1948 1086 1980 So.
1109 1948 1190 1979 Eum
1213 1949 1319 1990 igitur,
1343 1948 1396 1990 qui
1423 1947 1559 1988 aliquam
1585 1944 1704 1987 spernit

239 1999 426 2036 doctrinam,
443 2000 610 2040 praesertirn
626 2000 700 2031 dum
729 2007 778 2031 est
799 2001 928 2041 juvenis
953 2012 1056 2044 neque
1082 2003 1156 2033 dum
1181 2003 1298 2034 ratione
1326 2003 1481 2034 delectum
1502 2001 1611 2040 habet,
1626 1998 1703 2040 quid

239 2052 380 2085 conferat
394 2054 509 2094 quidve
525 2064 588 2084 non
604 2054 743 2085 conferat
759 2055 999 2093 discernentem,
1016 2067 1214 2098 nequaquam
1234 2056 1375 2090 discendi
1402 2055 1554 2097 cupidum
1581 2052 1630 2084 vel
1654 2062 1704 2083 sa-

238 2106 368 2148 pientiae
383 2112 550 2138 amatorem
565 2118 632 2138 esse
658 2108 921 2139 asseverabimus:
947 2111 1211 2150 quemadmodum
1239 2110 1339 2147 illum,
1355 2110 1410 2151 qui
1433 2108 1554 2140 fastidit
1579 2106 1700 2148 epulas,

239 2170 342 2201 neque
357 2160 470 2192 esurire
484 2161 616 2192 dicimus
631 2172 733 2202 neque
749 2161 857 2202 epulas
873 2162 1106 2203 concupiscere,
1124 2173 1226 2204 neque
1242 2169 1409 2194 amatorem
1426 2162 1488 2194 cibi
1502 2161 1557 2192 sed
1581 2164 1701 2201 spreto-

237 2224 301 2245 rem
319 2224 474 2246 vocamuS.
517 2214 633 2246 Gau.
658 2215 699 2245 Et
715 2215 823 2245 merito
839 2215 978 2256 quidem.
1021 2216 1077 2247 So.
1100 2217 1270 2248 Hominem
1287 2227 1358 2248 vero
1373 2217 1412 2248 ad
1427 2214 1599 2258 quamlibet
1624 2213 1700 2244 doc-

238 2268 349 2299 trinam
366 2269 591 2309 degustandam
609 2269 854 2310 propensiorem,
868 2270 906 2300 ad
924 2270 1170 2312 discendumque
1188 2271 1448 2313 promptissimum
1471 2275 1504 2300 et
1527 2268 1702 2310 inexplebi-

239 2321 310 2353 liter
338 2322 522 2359 inhiantem,
554 2323 661 2353 merito
693 2324 912 2364 philosophum
943 2325 1204 2366 nuncupabimus.
1237 2326 1364 2356 nonne?
1412 2324 1527 2356 Grau.
1550 2323 1597 2354 At
1628 2331 1701 2353 vero

240 2375 329 2406 multi
343 2381 376 2406 et
399 2377 522 2407 absurdi
549 2376 676 2418 quidem
699 2378 840 2408 homines
868 2377 944 2408 tales
972 2388 1037 2408 esse
1063 2379 1305 2419 comperientur.
1329 2389 1399 2409 narn
1426 2378 1479 2419 qui
1505 2375 1701 2418 spectaculo·

237 2440 303 2460 rum
320 2430 404 2462 avidi
417 2435 501 2466 sunt,
517 2431 644 2462 dicendi
670 2431 778 2472 cupidi
803 2442 910 2462 omncs
937 2442 1003 2462 esse
1027 2433 1192 2463 videntur:
1218 2438 1250 2464 et
1275 2433 1314 2463 ad
1343 2432 1533 2463 audiendum
1558 2430 1699 2461 curiosos

239 2483 379 2515 homines
395 2485 560 2516 absurdum
579 2490 626 2515 est
643 2485 845 2526 philosophos
861 2486 976 2522 dicere,
990 2487 1044 2527 qui
1068 2488 1107 2518 ad
1134 2487 1283 2518 rationem
1311 2486 1438 2518 dicendi
1464 2483 1699 2525 disserendique

239 2536 321 2567 haud
338 2537 468 2568 libenter
483 2539 637 2570 accedunt
652 2550 659 2576 ;
685 2550 787 2570 verum
804 2540 842 2570 ad
860 2550 966 2571 omncs
982 2542 1091 2572 choros
1108 2542 1248 2582 protinus
1263 2541 1449 2577 audiendos,
1464 2539 1554 2581 quasi
1571 2538 1696 2568 auribus

240 2591 382 2621 mercede
397 2592 573 2629 conductis,
590 2592 620 2622 in
637 2593 887 2624 Bacchanalibus
913 2595 1125 2632 observantur,
1141 2603 1314 2638 cantusque
1341 2604 1459 2630 omnes,
1475 2593 1538 2624 sive
1565 2592 1597 2622 in
1624 2592 1697 2622 urbe

238 2643 350 2674 sivein
368 2645 520 2675 suburbiis
535 2652 678 2688 agantur,
692 2647 799 2679 audire
828 2649 1026 2689 percupiunt.
1072 2649 1225 2691 Nunquid
1251 2649 1327 2680 istos
1353 2656 1524 2682 omnes,ac
1549 2645 1625 2676 alios
1650 2650 1699 2675 ta·
1732 2686 1738 2690 ἱ

239 2696 314 2727 lium
331 2698 523 2737 quorundam
542 2700 810 2741 percipiendorum
827 2701 959 2742 cupidos
975 2708 1005 2732 et
1022 2703 1136 2733 artibus
1152 2703 1305 2734 vilissimis
1319 2702 1546 2736 incumbentes,
1563 2698 1697 2740 philoso-

240 2750 318 2791 phos
344 2751 593 2782 nominabiums?
639 2753 692 2785 So.
719 2754 813 2786 Nullo
843 2757 947 2791 niodo,
976 2758 1028 2787 scd
1059 2757 1252 2798 philosophis
1279 2756 1406 2787 similes.
1453 2753 1566 2785 Gun-
1594 2752 1696 2783 Veros

241 2811 344 2835 autem
371 2804 574 2846 philosophos
602 2818 679 2848 quo>
705 2809 868 2849 appellas?
913 2810 968 2841 So.
995 2810 1141 2841 veritatis
1165 2810 1369 2852 inspiciendae
1393 2807 1536 2848 cupidos.
1582 2805 1697 2837 Gany.

241 2855 340 2889 Recte
356 2858 480 2899 quidem
499 2859 592 2890 istud.
616 2862 667 2892 sed
685 2864 841 2902 quomodo
858 2864 888 2894 id
905 2863 1007 2895 dicis?
1054 2866 1109 2896 So.
1134 2864 1227 2895 Haud
1243 2864 1333 2895 facile
1356 2861 1437 2893 istud
1463 2861 1503 2891 ad
1528 2859 1606 2891 alios
1631 2858 1696 2889 elo·
