1840 3225
167 215 260 265 799]
604 215 676 253 DE
708 211 934 252 LEGIBUS
966 212 1066 252 LIB.
1096 211 1186 251 VII.
1537 208 1613 245 369

165 327 243 347 mam
275 317 416 348 ludorum
445 327 542 358 genus
569 318 608 347 ad
639 317 742 358 legum
771 315 964 346 conditarum
980 314 1178 345 stabilitatem
1206 318 1238 344 et
1263 311 1466 344 mutationem
1496 309 1611 340 habeat

162 374 355 410 potestatem.
377 371 492 412 quippe¹
508 371 532 400 si
549 371 606 401 hoc
633 371 677 400 ita
699 370 871 400 ordinatum
902 368 1004 404 fuerit,
1020 374 1056 398 ut
1082 368 1191 399 iisdem
1219 367 1298 397 ludis
1313 366 1483 397 secundum
1500 363 1611 395 eadem

161 429 194 454 et
219 424 328 455 eodem
353 424 446 455 modo
476 424 568 455 iidem
595 424 734 454 homines
762 433 881 464 semper
908 427 1036 452 utantur
1065 426 1098 452 et
1127 421 1345 452 delectentur:
1371 420 1455 460 leges
1485 427 1610 459 quoque

161 479 238 508 serio
254 479 369 520 positas
384 478 509 509 stabiles
532 488 653 509 manere
680 477 839 519 permittit.
863 477 910 507 sin
939 482 1043 507 autem
1074 480 1206 505 mutetur
1221 475 1252 504 id
1270 484 1377 514 genuS,
1392 473 1526 513 novique
1542 471 1608 502 ludi

160 533 301 572 quotidie
321 532 517 569 inducantur,
534 541 716 573 semperque
740 531 829 562 novis
855 531 1028 561 delectetur
1053 530 1209 572 juventus,
1238 533 1300 558 tum
1317 527 1421 567 figuris
1437 526 1612 567 gestibusve

158 586 305 627 corporis,
331 592 393 616 tum
421 586 540 626 reliquo
567 591 717 626 apparatu
746 590 778 616 et
790 584 978 626 supellectili
999 595 1007 623 ;
1028 594 1063 615 ac
1079 583 1194 614 decens
1208 587 1240 612 et
1251 581 1403 612 indecens
1416 580 1447 610 in
1463 579 1510 610 his
1523 580 1613 610 rebus

161 639 250 669 aliter
263 639 293 669 in
306 639 373 670 dies
394 644 426 670 et
448 639 536 669 aliter
553 638 706 680 judicent,
722 643 814 680 atque
838 639 1017 669 inventores
1038 648 1185 668 novarum
1208 646 1321 670 rerum,
1339 635 1473 665 colorum
1489 634 1611 664 scilicet

161 698 192 722 ct
205 692 365 733 figuramur
391 697 623 734 ceterorumque
651 691 837 734 hujusmodi,
852 703 971 734 semper
997 693 1150 722 honorent
1165 702 1171 720 :
1197 695 1313 732 pestem
1331 689 1388 719 hac
1404 687 1521 717 nullam
1536 686 1610 717 civi-

158 746 216 776 tati
244 746 391 787 majorem
417 747 482 777 fore
509 757 680 783 censetnUS,
697 752 778 777 recte
803 746 970 777 admodum
996 745 1187 787 judicantes,
1210 747 1310 774 mutat
1335 741 1418 773 enim
1438 741 1611 783 juventutis

157 809 259 830 mores
273 800 405 836 occulte,
418 800 554 842 facitque
568 807 603 831 ut
629 801 731 842 prisca
752 802 879 842 quidem
905 801 992 837 vilia,
1006 809 1088 831 nova
1103 809 1172 830 vero
1189 799 1284 840 digna
1298 797 1416 826 honore
1432 795 1610 826 videantur.

157 863 218 894 qua
246 853 385 884 oratione
415 860 447 885 et
475 854 622 896 opinione
649 854 725 885 nihil
757 865 860 886 rursus
885 864 987 885 assero
1015 853 1217 895 perniciosius
1246 850 1423 882 civitatibus
1450 859 1530 880 esse.
1554 848 1610 879 sed

157 906 274 943 audite,
294 913 446 948 quantum
472 908 505 939 id
533 909 649 939 malum
673 919 738 939 esse
765 919 886 939 censeo.
933 908 1007 939 CLr.
1031 905 1250 947 Vituperarine
1280 904 1381 945 prisca
1406 901 1518 932 malum
1545 912 1612 933 esse

157 959 188 989 in
205 959 381 992 civitatibus
397 962 470 992 ais?
516 963 653 993 Arnim.
678 963 736 993 Aio
751 961 895 1004 equidem
911 962 1015 992 valde.
1061 961 1137 992 cm.
1158 959 1232 991 Non
1260 958 1356 989 malos
1382 956 1421 987 ad
1446 957 1526 986 hanc
1541 966 1609 987 ora-

156 1014 271 1045 tionem
286 1025 343 1045 nos
355 1015 513 1046 auditores
524 1016 661 1052 habebis,
675 1017 740 1053 sed,
755 1021 902 1058 quantum
920 1016 984 1046 fieri
999 1020 1112 1056 potest,
1123 1011 1438 1044 benivolentissimus.
1473 1009 1611 1040 Arnen.

157 1067 411 1100 Consentaneum
436 1076 494 1100 est.
540 1069 616 1101 Cu.
640 1070 700 1101 Dic
719 1070 794 1112 jam.
839 1069 975 1100 Arnen.
998 1068 1103 1109 Agite,
1128 1067 1287 1098 audiamus
1314 1066 1380 1096 haec
1408 1063 1610 1104 diligentissi-

158 1130 220 1157 me,
245 1127 337 1163 atque
365 1123 410 1153 ita
436 1123 515 1154 inter
536 1134 596 1154 nos
618 1123 828 1154 disseramus:
855 1123 1056 1153 mutationem
1073 1122 1122 1152 aio
1146 1120 1287 1151 omnibus
1318 1119 1349 1148 in
1365 1117 1470 1162 rebu5‚
1482 1125 1609 1157 praeter-

157 1184 250 1215 quam
263 1177 365 1212 maliS,
381 1187 448 1208 esse
464 1178 767 1219 periculosissimam,
782 1178 814 1207 in
831 1177 1020 1217 temporibus
1035 1175 1189 1210 omnibus,
1204 1173 1351 1207 inventis,
1368 1173 1400 1202 in
1422 1172 1517 1202 dia-ta
1541 1182 1609 1202 cor-

156 1239 276 1269 porum,
288 1230 322 1260 in
331 1231 467 1262 moribus
477 1232 657 1267 animorum,
672 1232 704 1262 in
718 1232 861 1263 omnibus
876 1231 1067 1272 simpliciter,
1082 1234 1288 1271 praeterquam
1303 1227 1336 1257 in
1351 1227 1453 1262 malis,
1469 1231 1503 1256 ut
1516 1226 1611 1256 modo

158 1281 310 1314 dicebam.
333 1295 461 1326 corpora
487 1285 625 1326 quidem,
655 1296 726 1316 cum
753 1286 860 1327 primis
890 1285 967 1316 cibis
997 1283 1154 1324 aliquibus
1182 1287 1215 1312 et
1244 1281 1368 1322 potibus
1397 1279 1611 1320 laboribusque

158 1341 295 1373 uruntur,
309 1338 469 1368 turbamur
483 1339 711 1380 quodammodo
727 1351 733 1369 ε
759 1339 873 1370 deinde
886 1349 923 1370 ex
937 1338 1083 1369 diuturno
1099 1337 1206 1367 harum
1220 1346 1319 1366 rerum
1336 1345 1393 1364 usu
1407 1337 1612 1364 concrescunt

155 1390 347 1432 pinguiaque
361 1392 543 1429 redduntur,
569 1393 665 1435 [798]
690 1399 782 1434 atque
799 1393 971 1435 hujusmodi
989 1392 1073 1422 victu
1087 1396 1196 1432 utpote
1207 1389 1275 1430 jam
1291 1392 1451 1423 consueto,
1465 1386 1611 1417 familiari

157 1448 191 1474 et
202 1444 311 1480 amico,
328 1445 523 1477 delectantur
538 1447 705 1478 admodum
720 1452 752 1478 et
766 1449 882 1489 optime
893 1448 1010 1477 valent.
1033 1456 1069 1476 ac
1082 1445 1108 1475 si
1124 1455 1159 1474 ex
1178 1442 1331 1484 probabili
1344 1442 1449 1483 aliqua
1461 1441 1499 1471 ad
1514 1440 1609 1471 aliam

156 1503 307 1538 cogantur
336 1500 466 1531 transire
492 1501 628 1537 diaetam,
655 1502 688 1532 in
713 1503 835 1532 morbos
859 1500 950 1532 initio
981 1499 1165 1531 conturbata
1181 1497 1333 1531 incidunt,
1350 1501 1514 1536 antequam
1531 1505 1614 1525 noro

158 1551 254 1582 victui
279 1562 493 1585 consuescant.
516 1555 597 1586 idem
625 1566 748 1597 quoque
765 1557 796 1586 in
812 1554 1053 1596 cogitationibus
1069 1552 1227 1583 hominum
1245 1551 1477 1590 animorumque
1495 1550 1613 1580 naturis

160 1605 225 1635 fieri
250 1607 460 1647 cogitandum.
483 1619 590 1640 omnes
615 1609 697 1640 euim
728 1619 782 1639 eas
808 1610 895 1649 leges
919 1608 1026 1639 colunt
1041 1612 1073 1637 et
1089 1607 1237 1636 innovare
1253 1603 1433 1639 formidant,
1446 1603 1477 1633 in
1499 1602 1612 1644 quibus

160 1659 284 1690 educati
299 1666 379 1696 sunt,
395 1661 422 1692 si
436 1662 498 1692 illae
514 1662 620 1693 divina
633 1663 769 1704 quadam
782 1663 905 1693 fortuna
916 1652 1018 1702 longis
1031 1660 1219 1701 temporibus
1235 1658 1379 1688 stabilita>
1395 1656 1519 1691 fuerint,
1531 1655 1611 1685 adeo

161 1720 195 1742 ut
222 1714 326 1744 nullus
352 1720 405 1745 aut
431 1716 606 1746 recordetur
627 1723 681 1747 aut
703 1717 856 1747 audiverit
871 1726 923 1747 eas
938 1725 1072 1756 unquam
1089 1724 1121 1744 se
1140 1713 1229 1744 aliter
1244 1711 1399 1742 habuisse.
1423 1714 1612 1751 quapropter

159 1768 334 1808 excogitare
358 1769 453 1799 debet
479 1770 646 1811 legislator,
671 1781 732 1811 qua
757 1770 808 1800 via
829 1770 861 1800 id
886 1769 919 1800 in
947 1769 1073 1799 civitate
1090 1765 1320 1809 quodammodo
1336 1765 1399 1795 fiet.
1421 1765 1504 1794 hunc
1519 1763 1612 1804 igitur

158 1821 225 1860 ipse
240 1821 365 1852 modum
383 1823 557 1865 excogitavi
570 1835 576 1853 :
624 1823 875 1854 Adolescentum
890 1822 978 1853 ludos
994 1822 1134 1864 quotidie
1150 1821 1295 1854 variatos,
1310 1825 1342 1849 ut
1358 1829 1447 1859 supra
1463 1818 1610 1853 diximus,

158 1875 335 1906 existimant
362 1886 469 1907 ornnes
494 1878 573 1908 nihil
597 1877 682 1908 aliud
708 1888 776 1908 esse
802 1887 895 1918 quam
920 1886 1040 1917 nugas:
1065 1884 1167 1915 neque
1183 1874 1350 1915 quicquam
1365 1872 1404 1902 ad
1421 1871 1521 1902 officia
1535 1871 1608 1900 vitae

158 1927 272 1959 habere
299 1931 458 1961 momenti.
480 1941 574 1971 quare
601 1932 729 1967 cedunt,
757 1937 788 1962 et
814 1931 1017 1961 mutationem
1030 1931 1110 1959 hanc
1125 1927 1419 1966 innovationemque
1436 1925 1502 1955 fieri
1516 1924 1609 1955 facile

158 1982 336 2022 patiuntur:
361 1993 419 2015 nee
442 1984 634 2025 intelligunt,
661 1985 745 2026 quod
771 1994 901 2016 necesse
914 1989 972 2019 est,
989 1993 1100 2024 pueros
1112 1981 1239 2012 diversis
1254 1991 1289 2011 ac
1305 1980 1422 2021 priores
1438 1979 1518 2008 ludis
1534 1988 1609 2019 gau-

159 2036 269 2066 dentes
299 2037 435 2068 diversos
465 2038 705 2080 differentesque
735 2049 753 2069 a
781 2038 930 2080 prioribus
959 2037 1040 2067 viros
1068 2037 1156 2066 fieri:
1196 2035 1335 2065 diversos
1367 2044 1439 2063 vero
1470 2032 1610 2067 effectos,

160 2089 312 2120 diversam
330 2102 451 2133 quoque
479 2093 571 2123 vitam
589 2093 784 2134 quaesituros,
800 2098 893 2134 atque
909 2093 981 2122 hinc
997 2101 1076 2122 nova
1093 2090 1196 2121 studia
1211 2089 1358 2129 leges-quc
1371 2086 1613 2117 desideraturos.

159 2144 231 2174 hinc
260 2155 351 2176 nemo
376 2146 521 2177 formidat
542 2153 674 2188 pestem,
701 2157 793 2189 quam
821 2147 887 2177 dixi
912 2147 1079 2177 maximam
1106 2143 1227 2175 cin'tati
1254 2143 1400 2173 futuram.
1424 2140 1478 2171 sed
1507 2148 1612 2170 cetera

160 2197 297 2238 quidem,
328 2201 496 2239 praesertim
526 2201 607 2232 circa
632 2202 743 2242 figuras
768 2207 896 2237 mutata,
923 2200 1026 2231 minus
1043 2203 1168 2229 nocent.
1190 2197 1294 2228 crebra
1308 2206 1380 2226 vero
1397 2195 1429 2225 in
1446 2193 1611 2224 laudandis

159 2251 434 2294 vituperandisque
465 2255 601 2285 moribus
626 2255 787 2286 innovatio
817 2255 995 2296 gravissima
1022 2254 1126 2287 etiam,
1155 2257 1190 2282 ut
1215 2250 1353 2285 arbitror,
1383 2254 1415 2279 et
1442 2248 1607 2288 plurimum

160 2304 364 2336 formidanda.
409 2307 485 2338 CLr.
508 2309 628 2346 Quidni
645 2309 654 2338 ?
700 2309 837 2341 A’rrmN.
861 2308 912 2339 An
926 2319 988 2338 non
999 2306 1208 2349 superioribus
1223 2303 1417 2335 sermonibus
1432 2300 1585 2331 credimus
1600 2299 1610 2328 ?

161 2357 192 2387 in
219 2359 332 2400 quibus
360 2359 504 2397 diximus,
533 2363 618 2404 qnod
646 2364 778 2405 rhythmi
806 2370 839 2394 et
863 2369 969 2394 cetera.
990 2362 1115 2393 musicae
1132 2370 1245 2401 genera
1260 2357 1448 2388 imitationes
1465 2353 1609 2396 quredam

161 2419 232 2442 sunt
248 2422 364 2443 morum
380 2420 442 2444 tum
461 2415 605 2446 bonorum
623 2418 779 2448 hominum
796 2424 862 2448 turn
878 2417 1049 2448 malorum?
1066 2416 1113 2445 vcl
1128 2413 1205 2455 quid
1220 2410 1382 2443 dicemus?
1422 2410 1497 2440 Cra.
1515 2407 1613 2438 Nullo

163 2465 256 2495 modo
287 2466 377 2496 aliter
404 2469 584 2500 sentiemus.
627 2470 763 2501 Arnen.
787 2471 883 2501 Omni
910 2470 1004 2511 igitur
1032 2469 1150 2499 ratione
1175 2465 1362 2499 conandum,
1378 2473 1416 2492 nc
1432 2461 1566 2503 pucritia
1582 2460 1613 2489 in

160 2519 303 2549 cantibus
327 2526 360 2550 et
387 2522 602 2553 saltationibus
627 2534 708 2554 nova
730 2535 864 2565 unquam
891 2524 1006 2554 audeat
1033 2522 1155 2557 imitari,
1183 2529 1262 2550 neve
1289 2518 1369 2547 ullus
1385 2516 1423 2547 ad
1441 2514 1613 2544 novitatem

161 2582 272 2612 pueros
301 2574 493 2615 voluptatum
517 2577 740 2608 blandimentis
762 2579 889 2610 alliciat.
935 2579 1010 2609 Crr.
1034 2576 1160 2617 Optime
1176 2573 1264 2603 dicis.
1308 2571 1445 2601 Arnen.
1469 2568 1615 2598 Habetne

160 2626 321 2668 quisquam
351 2634 488 2659 nostrum
516 2636 614 2660 artem
642 2631 682 2660 ad
709 2632 774 2662 haec
799 2632 951 2674 AEgyptia
976 2629 1161 2661 meliorem?
1187 2627 1283 2667 [799]
1309 2624 1386 2655 Cu.
1409 2624 1513 2660 Quam
1528 2621 1613 2651 illam

159 2680 238 2711 dicis
252 2682 263 2711 ?
298 2681 436 2713 Arni-,ru
455 2683 498 2714 Ut
514 2684 639 2725 tripudii
653 2690 823 2726 cantusque
840 2695 953 2725 genera
969 2684 1039 2714 Diis
1054 2682 1158 2713 omnia
1173 2683 1389 2711 consecrentur
1404 2689 1410 2707 :
1435 2681 1467 2706 et
1483 2675 1616 2716 primurn

161 2733 289 2774 quidem
315 2735 386 2766 festi
412 2737 478 2767 dies
503 2738 614 2779 singuli
641 2739 674 2768 in
703 2739 793 2769 certis
806 2740 879 2769 anni
894 2738 1083 2779 temporibus
1100 2735 1171 2766 Diis
1186 2733 1315 2774 singulis
1329 2732 1529 2770 Deorumque
1544 2727 1615 2757 filiis

163 2792 195 2817 et
223 2787 415 2820 daemonibus
440 2796 639 2822 statuantur:
664 2792 790 2828 deinde,
820 2803 888 2834 quae
918 2792 1070 2823 sacrificia
1098 2789 1210 2830 quibus
1239 2787 1312 2818 Diis
1347 2784 1509 2816 offerenda
1533 2786 1616 2811 sunt,

162 2840 367 2873 ordinentur:
392 2845 484 2886 quive
511 2851 619 2877 cantus
644 2851 675 2876 ct
702 2847 821 2877 choreae
846 2847 958 2888 quibus
982 2844 1170 2877 conveniant
1192 2840 1362 2876 sacrificiis,
1375 2837 1617 2877 distinguantur.

160 2905 230 2935 quae
248 2901 410 2938 postquam
441 2898 590 2932 distincta
607 2906 689 2938 sunt,
719 2901 874 2932 cummuni
904 2901 987 2931 cives
1011 2909 1118 2930 omnes
1144 2897 1293 2928 libatione
1322 2900 1387 2925 turn
1413 2890 1520 2923 Parcis
1547 2895 1610 2918 tum

254 2949 407 2983 Pl‹1e.T1·.
922 2954 968 2986 ῃ.
1464 2948 1481 2974 3
1502 2942 1528 2972 Α
