1840 3225
205 179 284 217 ‘266
804 173 1066 214 PLATONtS
1592 179 1662 228 [73

203 282 262 312 hac
278 279 470 322 potissimum
487 278 604 310 ratione
621 283 761 309 constare
773 278 839 309 haec
853 278 956 309 decet.
979 279 1219 319 Cognoscebant
1233 277 1279 308 illi
1290 278 1531 319 profectonostri
1545 279 1667 321 generis

201 335 404 366 fabricatores
416 343 474 364 nos
498 334 537 363 ad
553 333 656 364 cibum
672 337 844 373 potumque
866 332 1091 374 intemperatos
1111 333 1187 369 sore,
1203 342 1240 364 ac
1256 338 1380 374 propter
1400 332 1571 374 ingluviem
1583 333 1669 375 plus,

204 400 297 432 quam
316 389 425 419 modus
439 393 494 418 aut
513 387 684 418 necessitas
697 387 871 428 postularit,
887 397 925 418 ex
941 388 990 418 his
1012 393 1201 429 sumpturos.
1232 387 1328 429 igitur
1342 397 1383 418 ne
1397 387 1519 418 subitus
1543 393 1670 429 propter

204 443 324 474 morbos
336 442 478 473 interitus
489 441 677 483 proveniret,
691 446 785 482 atque
800 442 844 472 ita
853 441 1076 482 imperfectum
1087 451 1157 472 mox
1169 451 1267 482 genus
1281 441 1412 472 mortale
1423 440 1669 484 desineret,[73]

202 497 382 529 inferiorem
403 502 542 527 ventrem
566 496 796 527 fabricaverunt
821 495 861 526 ad
877 496 1107 527 esculentorum
1130 495 1406 536 poculentorumve
1415 495 1672 536 superabundan-

202 551 277 582 tiam
294 550 491 592 capiendam.
505 560 576 581 eum
602 554 753 591 praeterea
769 549 860 591 spiris
884 550 1106 580 intestinorum
1132 549 1416 590 circumplicavere‚
1431 558 1472 579 ne
1496 548 1599 580 subito
1614 548 1671 580 ali-

203 610 310 636 menta
325 605 414 636 nobis
428 610 589 646 assumpta
611 605 795 640 defluerent,
812 615 848 636 ac
865 615 966 635 rursus
988 604 1062 635 novi
1078 603 1218 634 alimenti
1240 604 1403 635 confestim
1419 603 1591 635 necessitas
1610 603 1671 635 im·

203 658 348 689 mineret.
376 659 415 690 ob
444 659 531 690 illam
545 659 628 689 enim
644 658 864 699 inexplebilem
881 664 1125 700 perpetuamque
1141 657 1318 699 voraginem
1335 667 1434 699 genus
1447 663 1584 689 nostrum
1599 657 1671 699 phi-

203 713 353 754 losophiae
378 713 568 754 musicaeque
584 718 618 743 et
631 713 853 744 moderationis
868 713 967 744 omnis
978 723 1090 754 expers
1102 712 1247 743 relictum
1261 712 1381 748 fuisset,
1396 711 1444 742 illi
1452 711 1544 753 parti,
1556 721 1627 753 quae
1638 711 1671 744 in

203 768 296 798 nobis
316 767 515 798 divinissima
537 773 594 804 est,
617 767 745 798 minime
775 768 970 799 obsecutum.
1020 767 1145 797 Ossium
1171 777 1244 798 vero
1265 773 1298 796 et
1316 765 1416 797 carnis
1436 772 1673 808 ceterorumque

204 821 387 863 hujusmodi
408 822 451 853 ita
466 826 514 854 est
527 827 637 852 natura
651 822 833 863 composita.
855 821 902 852 his
919 832 1030 862 nempe
1047 821 1193 852 omnibus
1207 820 1354 851 medullae
1370 820 1529 862 generatio
1544 819 1671 852 initium

205 877 350 917 praebuit.
378 876 503 908 vincula
527 876 614 907 enim
630 876 701 906 vitae
717 875 812 912 illius,
828 886 920 917 quam
936 875 1039 906 anima
1054 874 1176 916 corpori
1188 875 1302 916 juncta
1316 874 1416 911 ducit,
1431 874 1592 916 applicata
1606 884 1672 905 me-

205 930 311 965 dullae,
321 941 358 961 ex
373 940 474 971 eaque
484 940 540 971 per
551 940 643 960 omne
658 930 799 971 diducta,
810 930 952 960 vinciunt
963 929 1157 970 fulciuntque
1174 928 1309 970 corporis
1321 929 1418 959 nostri
1431 928 1649 971 compaginem
1662 940 1670 959 :

205 984 275 1025 ipsa
289 994 360 1015 vero
379 984 520 1015 medulla
534 989 581 1015 est
595 994 632 1015 ex
647 984 714 1014 aliis
731 989 886 1025 generata.
910 988 982 1014 sunt
996 983 1123 1024 quidem
1137 983 1280 1024 trianguli
1293 982 1383 1024 primi
1396 983 1522 1024 quidam
1535 988 1568 1014 et
1581 981 1673 1013 inde-

204 1038 277 1069 flexi
293 1039 461 1080 laevesque,
477 1037 518 1069 ad
528 1038 621 1079 ignis,
638 1037 728 1074 aeris,
745 1048 846 1079 aquae,
862 1044 951 1069 terrae
963 1036 1189 1068 exactissimam
1204 1037 1438 1078 generationem
1452 1036 1672 1069 accommoda-

202 1091 312 1137 tissimi
325 1104 332 1123 :
343 1103 360 1123 e
370 1103 498 1134 quorum
511 1093 674 1133 generibus
685 1093 730 1123 sin
735 1093 815 1134 gulis
834 1092 923 1123 Deus
934 1102 1097 1123 secernens
1107 1092 1257 1132 singulos,
1270 1097 1302 1122 et
1312 1091 1447 1122 invicem
1458 1096 1673 1133 contempera-

204 1151 255 1177 tos
268 1147 470 1188 permiscens,
487 1147 580 1177 totius
594 1147 804 1188 generationis
819 1147 992 1178 mortalium
1009 1152 1180 1177 sementem
1193 1145 1395 1188 fomitemque
1411 1145 1583 1182 constituit,
1597 1145 1675 1177 dum

205 1201 351 1232 medullae
362 1211 399 1231 ex
408 1201 457 1231 his
467 1201 670 1232 substantiam
679 1207 869 1243 procrearet:
884 1206 994 1242 postea
1004 1210 1078 1231 vero
1089 1211 1191 1231 serens
1202 1202 1232 1230 in
1245 1210 1283 1231 ea
1293 1200 1465 1231 animarum
1475 1210 1590 1242 genera
1604 1199 1675 1230 alli-

206 1256 302 1296 gavit.
325 1255 437 1297 figuras
455 1260 615 1296 praeterea,
626 1261 826 1297 quotcunque
836 1262 868 1285 et
877 1255 1112 1296 qualescunque
1125 1265 1164 1284 ex
1176 1255 1306 1296 singulis
1315 1254 1479 1296 speciebus
1488 1255 1598 1286 adesse
1607 1264 1674 1285 me-

206 1309 303 1340 dullae
313 1310 460 1351 oportuit,
473 1314 520 1340 tot
532 1310 660 1350 penitus
671 1315 765 1351 atque
777 1310 859 1340 tales
871 1310 976 1341 statim
985 1310 1016 1339 in
1025 1309 1126 1350 prima
1135 1309 1190 1340 illa
1198 1308 1415 1339 distributione
1424 1307 1576 1339 distinxit.
1591 1313 1625 1339 et
1634 1308 1675 1339 il-

205 1363 270 1394 lam
280 1363 407 1405 quidem
416 1364 563 1394 medullae
575 1369 707 1405 partem,
718 1364 751 1394 in
761 1374 867 1405 quam,
879 1366 967 1395 velut
979 1360 1086 1404 agrum
1097 1362 1265 1404 quendam,
1278 1362 1421 1393 divinum
1433 1372 1541 1393 semen
1548 1362 1672 1405 jaciun-

209 1417 284 1448 durn
310 1423 387 1455 erat,
402 1418 561 1459 globosam
577 1423 611 1448 et
626 1417 766 1459 undique
781 1423 914 1448 teretem
924 1417 1032 1447 finxit:
1051 1422 1144 1456 atque
1155 1415 1374 1456 encephalum,
1389 1415 1424 1445 id
1439 1421 1487 1446 est
1502 1416 1675 1453 cerebrum,

207 1471 322 1502 iccirco
332 1472 432 1503 voluit
449 1472 704 1513 nominari,quia,
720 1481 909 1512 unoquoque
928 1470 1055 1501 animali
1067 1470 1204 1511 denique
1216 1469 1369 1505 absoluto,
1383 1470 1543 1501 vasculum
1554 1470 1674 1502 cerebri

209 1535 308 1567 capax
331 1526 509 1567 cephalum,
522 1525 554 1555 id
572 1530 620 1555 est
634 1530 739 1565 caput,
751 1523 926 1554 vocandum
942 1529 1018 1554 erat.
1029 1523 1114 1564 quod
1125 1529 1232 1554 autem
1242 1523 1379 1564 reliquas
1388 1524 1596 1565 mortalesque
1607 1523 1675 1554 ani-

207 1588 268 1609 mae
284 1580 366 1610 vires
377 1580 674 1620 comprehensurum
683 1582 762 1613 erat,
773 1576 916 1608 rotundis
926 1577 1014 1607 simul
1025 1577 1230 1618 oblongisque
1247 1577 1353 1618 figuris
1362 1578 1495 1614 ornavit,
1508 1584 1674 1619 totumque

207 1632 381 1663 medullam
407 1633 506 1662 voluit
526 1631 681 1662 nominari
698 1642 705 1659 :
741 1636 835 1672 atque
853 1641 890 1661 ex
915 1631 965 1667 iis,
981 1631 1072 1672 quasi
1095 1631 1280 1672 quibusdam
1293 1631 1427 1668 ancoris,
1438 1631 1563 1673 jaciens
1578 1632 1674 1663 totius

211 1687 323 1716 animae
337 1686 471 1722 vincula,
485 1686 569 1716 circa
579 1685 651 1715 illas
658 1685 722 1727 jam
732 1684 912 1715 universum
922 1690 1061 1716 nostrum
1075 1695 1188 1726 corpus
1201 1685 1345 1722 absolvit,
1356 1685 1536 1727 ossiumque
1549 1691 1675 1718 textura

208 1741 403 1784 extrinsecus
432 1750 487 1770 eas
511 1739 645 1770 fincivit.
678 1749 714 1770 os
737 1749 811 1769 vero
833 1739 939 1780 ipsum
963 1739 1008 1769 ita
1034 1739 1219 1780 composuit.
1250 1744 1368 1769 terram
1401 1744 1538 1772 atterens
1561 1751 1673 1782 puram

211 1795 386 1835 laevemque
410 1793 539 1824 miscuit
563 1792 795 1834 madefecitque
819 1793 973 1823 medulla.
1002 1792 1037 1823 id
1062 1798 1178 1833 postea
1202 1794 1236 1824 in
1260 1794 1365 1835 ignem
1383 1793 1463 1836 jecit
1477 1806 1484 1824 ε
1507 1794 1624 1826 deinde
1638 1796 1675 1827 in

211 1857 327 1890 aquam
341 1847 461 1883 mersit,
483 1857 590 1877 rursus
612 1847 646 1876 in
661 1847 778 1887 ignem,
794 1847 909 1876 iterum
923 1851 956 1876 et
970 1846 1004 1876 in
1020 1856 1144 1887 aquam.
1166 1853 1260 1888 atque
1275 1848 1319 1878 ita
1334 1857 1419 1888 saepe
1433 1848 1626 1880 transferens
1639 1849 1673 1880 in

211 1908 389 1943 utrumque,
401 1902 465 1932 tale
481 1900 634 1936 reddidit,
650 1907 685 1931 ut
698 1910 715 1930 a
729 1905 840 1931 neutro
854 1899 1009 1941 liquefieri
1024 1905 1142 1941 posset.
1164 1901 1223 1931 hoc
1238 1900 1334 1943 igitur
1346 1911 1422 1932 usus
1436 1903 1557 1944 sphaera
1570 1910 1672 1938 ossea,

210 1957 301 1998 quasi
318 1962 406 1987 torno
421 1956 515 1991 facta,
532 1954 694 1985 cerebrum
710 1954 938 1995 circumsepsit.
963 1954 1039 1996 [74]
1063 1954 1137 1984 huic
1162 1958 1311 1995 angustos
1333 1953 1461 1995 reliquit
1481 1960 1616 1993 meatus,
1638 1961 1673 1986 et

210 2010 295 2041 circa
310 2010 442 2041 cervicis
464 2009 556 2039 simul
583 2008 728 2049 dorsique
754 2007 927 2038 medullam
953 2018 991 2039 ex
1019 2009 1090 2049 ipso
1116 2008 1236 2039 rotulas
1250 2008 1483 2050 vertiginesque
1505 2009 1671 2051 effingenS,

210 2064 301 2105 quasi
317 2063 460 2094 cardines
473 2061 624 2098 subdidit,
636 2062 680 2092 ita
694 2067 728 2092 ut
743 2072 762 2092 a
777 2062 880 2103 capite
891 2072 949 2103 per
961 2067 1062 2093 totum
1076 2061 1282 2104 protenderit.
1297 2061 1343 2093 sic
1359 2062 1467 2103 utique
1482 2072 1592 2094 semen
1602 2074 1671 2095 om·

210 2127 251 2147 ne
275 2117 421 2152 servavit,
439 2116 511 2146 dum
534 2115 660 2156 lapideo
687 2115 804 2145 ambitu
820 2115 1077 2147 circumvallavit.
1100 2116 1248 2146 articulos
1258 2116 1387 2157 insuper
1399 2115 1532 2153 addidit,
1542 2116 1673 2149 alterius

210 2171 311 2213 ipsius
335 2176 448 2201 natura
473 2179 548 2200 usus
566 2169 600 2199 in
626 2168 716 2209 ipsis,
741 2173 891 2210 tanquam
915 2168 1021 2199 media
1046 2169 1181 2210 quadam
1207 2170 1377 2200 exsistente
1400 2170 1552 2210 potentia,
1565 2178 1672 2202 motus

209 2226 414 2267 ssexionisque
434 2225 544 2266 gratia.
567 2223 733 2254 arbitratus
757 2233 831 2254 vero
850 2224 967 2254 ossium
981 2229 1124 2254 naturam
1139 2223 1304 2254 aridiorem
1318 2223 1560 2266 rigidioremque
1575 2236 1671 2268 quam

209 2280 436 2321 oporteatfore,
449 2284 493 2316 et,
505 2288 577 2309 cum
592 2278 691 2319 ignita
708 2278 843 2308 evaserit
857 2283 951 2319 atque
965 2278 1061 2308 etiam
1075 2278 1248 2320 frigefacta,
1271 2278 1422 2309 illisuram
1439 2285 1671 2322 corrupturum-

210 2343 272 2375 que
299 2335 362 2365 cito
387 2343 495 2364 semen
520 2333 690 2369 internum,
713 2341 877 2363 nervorum
898 2332 1063 2374 carnisque
1087 2343 1186 2374 genus
1211 2332 1340 2369 effinxit,
1366 2339 1402 2364 ut
1423 2334 1527 2365 nervis
1542 2333 1672 2376 quidem

210 2388 349 2420 membra
385 2388 510 2429 reliqua
534 2380 753 2423 vincientibus,
777 2386 909 2418 intensis
935 2387 1134 2428 remissisque
1160 2388 1244 2418 circa
1270 2386 1414 2418 cardines
1439 2388 1534 2429 ipsos,
1556 2398 1672 2430 corpus

210 2452 339 2473 omnem
362 2442 402 2473 ad
424 2442 590 2473 flexionem
603 2441 818 2472 tensionemve
833 2446 1013 2482 promptum
1028 2447 1060 2472 et
1079 2442 1161 2483 agile
1176 2441 1325 2472 redderet
1338 2453 1345 2471 ι
1370 2450 1442 2474 caro
1457 2451 1528 2474 vero
1542 2447 1671 2483 tegmen

208 2495 290 2527 soret
315 2496 462 2528 adversus
476 2495 572 2538 frigus
586 2501 680 2537 atque
696 2495 844 2532 calorem,
859 2502 902 2531 et,
918 2495 1183 2537 quemadmodum
1197 2501 1327 2527 externa
1339 2496 1475 2538 corporis
1486 2495 1672 2528 fideimanus

209 2551 325 2587 solent,
343 2551 382 2581 ad
401 2560 492 2581 casus
513 2550 614 2580 varios
635 2549 860 2580 munimentum
875 2561 883 2587 3
908 2550 1081 2590 praesertim
1095 2551 1169 2592 quia
1183 2551 1254 2581 talis
1269 2556 1337 2581 erat
1347 2550 1462 2586 futura,
1485 2555 1520 2581 ut
1533 2549 1671 2582 molliter

209 2604 385 2646 leniterque
410 2604 591 2645 corporibus
615 2603 752 2634 cederet.
785 2603 836 2634 cui
874 2602 1011 2634 calidum
1033 2604 1148 2636 iccirco
1170 2605 1331 2635 humorem
1352 2603 1480 2641 indidit,
1501 2608 1539 2635 ut
1559 2608 1669 2634 aestate

209 2658 339 2700 quidem
353 2657 478 2689 ruscida
490 2657 677 2699 madidaque
692 2657 886 2689 extrinsecus
897 2658 954 2688 toti
967 2659 1088 2700 corpori
1100 2659 1305 2690 domesticum
1314 2657 1453 2700 praebeat
1460 2657 1668 2698 refrigerium,

208 2711 314 2743 hieme
339 2721 414 2743 vero
436 2721 541 2742 rursus
567 2711 693 2754 proprio
715 2713 780 2754 igni
805 2712 989 2744 exteriorem
1016 2713 1148 2754 glaciem
1172 2712 1334 2744 moderate
1348 2711 1491 2754 repellat.
1511 2712 1580 2743 haec
1595 2721 1669 2743 cum

211 2765 302 2797 fictor
314 2765 369 2796 ille
377 2766 475 2796 nostri
490 2766 629 2807 corporis
637 2766 799 2808 cogitaret.
820 2766 969 2798 mixtione
983 2768 1120 2808 quadam
1132 2777 1170 2798 ex
1182 2776 1275 2809 aqua,
1298 2766 1372 2808 igne
1384 2771 1419 2797 et
1430 2771 1516 2796 terra
1526 2772 1668 2797 contem-

211 2825 331 2860 perata,
355 2825 389 2850 et
411 2825 505 2851 acuto
525 2820 588 2850 illis
614 2821 755 2863 salsoque
782 2821 935 2853 fermento
955 2821 1108 2858 adhibito,
1140 2822 1225 2853 succi
1251 2821 1377 2863 plenam
1396 2829 1434 2851 ac
1448 2820 1576 2851 mollem
1597 2829 1667 2852 car·

211 2882 286 2906 nem
306 2873 453 2906 conflaviss
469 2885 476 2906 ἶ
499 2879 643 2907 naturam
662 2884 736 2908 Vero
754 2884 918 2909 nelvomm
938 2885 976 2909 08
990 2885 1059 2909 0888
1074 2881 1109 2908 ’Θῑ
1119 2885 1214 2909 carne
1227 2884 1291 2908 non
1306 2873 1503 2911 sementum
1515 2883 1609 2907 unm
1624 2883 1666 2906 88
