1840 3225
259 180 338 220 358
853 179 1118 221 PLATOle
1619 182 1716 234 [773

262 284 316 326 qui
346 294 386 315 ex
401 284 490 315 bonis
511 284 692 325 parentibus
715 289 797 315 ortus
822 291 881 323 est,
906 285 1002 329 [773]
1028 297 1080 317 eas
1094 286 1220 327 nuptias
1235 285 1325 327 sequi
1340 285 1448 321 debet‚
1459 294 1538 326 quas
1553 286 1725 327 prudente·

259 338 316 368 viri
341 339 486 369 honestas
512 340 638 370 ducunt.
665 339 717 380 qui
741 350 816 370 sane
840 347 1011 377 monerent,
1038 351 1098 371 nec
1127 351 1298 382 pauperum
1324 340 1431 381 fugere
1458 350 1562 380 neque
1584 339 1719 370 divitum

257 392 442 423 affinitatem
469 394 582 424 sectari
605 394 763 434 praecipne
791 399 932 435 oportere
947 406 953 424 :
980 395 1035 426 sed
1061 396 1175 425 ceteris
1202 394 1330 435 paribus
1356 394 1574 436 pauperiorem
1597 403 1720 434 semper

258 446 408 477 honorare
429 457 561 488 cumque
587 448 656 488 ipso
676 448 854 479 societatem
869 449 959 480 inire.
983 459 1056 480 nam
1073 455 1104 479 et
1116 449 1235 480 civitati
1251 454 1283 480 et
1295 449 1435 484 familiis,
1450 458 1520 489 quae
1531 447 1718 488 junguntur.

251 498 287 530 id
314 501 472 531 conducit.
495 502 612 543 quippe
639 501 722 543 quod
749 504 941 533 moderatum
969 509 1017 534 est
1039 509 1072 533 et
1099 504 1270 538 mediocre,
1283 503 1487 533 immoderato
1499 506 1531 533 et
1545 500 1720 532 excedente

254 554 367 584 mirum
387 555 420 585 in
447 557 570 586 modum
592 556 630 586 ad
658 556 803 587 virtutem
830 562 967 597 praestat.
991 568 1064 598 ergo
1094 558 1273 599 quicunque
1297 556 1457 587 ferocioris
1479 554 1717 596 velociorisque,

254 617 348 648 quam
364 615 495 650 oportet,
523 610 562 640 ad
585 611 743 651 agendum
765 611 862 641 animi
888 611 945 641 sibi
974 611 1118 642 conscius
1144 617 1203 651 est,
1224 612 1250 641 is
1271 611 1325 641 det
1341 621 1465 652 operam
1482 615 1616 650 oportet,
1632 616 1668 640 ut
1679 609 1720 640 tis

254 667 416 703 compotes
430 673 496 694 esse
514 663 643 700 debent,
658 665 785 705 quando
798 675 862 696 nou
877 675 1004 705 parvam
1019 666 1128 695 ineunt
1143 666 1215 695 vitae
1238 671 1358 695 mutura
1372 665 1504 696 affectus
1518 669 1578 699 est,
1594 669 1720 695 contra-

254 715 332 746 riam
357 717 416 748 sibi
441 716 595 749 adsciscat
621 718 813 750 affinitatem.
836 720 892 749 sed
920 729 984 749 una
1007 719 1134 750 tandem
1151 720 1190 750 sit
1205 719 1378 750 communis
1395 719 1471 749 ratio
1490 718 1668 759 nuptiarum
1687 723 1722 748 ut

252 770 385 812 quisque
410 782 474 802 non
497 772 759 814 jucundissimum
777 773 847 808 sibi,
864 772 919 803 sed
935 773 1057 804 civitati
1073 774 1148 804 utile
1158 774 1242 804 ineat
1259 773 1500 804 matrimonium.
1523 771 1640 802 etenim
1655 772 1720 801 sin-

253 825 319 866 guli
344 835 468 867 semper
494 825 536 856 ad
562 826 618 857 sibi
647 827 838 857 simillimum
866 834 977 858 natura
996 827 1145 858 feruntur.
1171 828 1253 858 unde
1276 827 1387 858 civitas
1412 832 1478 858 tota
1505 832 1538 856 et
1552 826 1674 856 divitiis
1687 831 1720 856 et

253 879 392 910 moribus
413 880 576 921 inaequalis
603 890 694 921 quam
719 881 852 911 maxime
872 881 1014 911 redditur
1033 892 1038 910 :
1064 891 1104 912 ex
1120 881 1245 922 quibus.
1258 891 1327 921 quae
1342 881 1470 911 minime
1485 879 1575 910 nobis
1591 880 1718 910 evenire

252 933 415 969 vellemus,
441 934 574 964 maxime
597 934 774 965 civitatibus
790 934 932 976 plurimis
947 935 1107 966 accidunt.
1131 936 1183 966 sed
1201 935 1227 965 si
1241 935 1308 965 haec
1324 945 1379 975 per
1392 935 1545 965 rationem
1559 934 1630 974 lege
1646 943 1718 964 san·-

251 986 395 1023 ciremus,
422 997 463 1018 ne
489 987 576 1019 dives
599 988 706 1018 divitis
732 994 786 1019 aut
809 994 924 1029 potens
950 989 1090 1030 potentis
1116 989 1148 1019 in
1165 988 1322 1020 connubio
1338 988 1522 1019 societatem
1551 987 1717 1018 admittat:

249 1050 494 1083 cogeremusque
505 1042 673 1073 velociores
689 1043 795 1073 animo
810 1053 882 1073 cum
898 1043 1095 1079 tardioribus,
1110 1048 1143 1074 et
1151 1043 1302 1074 tardiores
1311 1048 1417 1074 contra
1427 1052 1498 1074 cum
1510 1041 1718 1073 velocioribus

250 1095 388 1136 copulari
404 1107 410 1125 :
436 1106 499 1126 non
514 1096 607 1127 modo
619 1097 752 1127 ridicula
766 1101 870 1127 nostra
886 1097 984 1127 oratio
999 1097 1166 1134 videretur,
1183 1098 1237 1128 sed
1256 1102 1287 1127 et
1303 1097 1380 1128 iram
1393 1096 1588 1127 multitudini
1608 1095 1716 1127 couci-

246 1153 339 1180 taret.
362 1160 425 1180 non
448 1150 533 1181 enim
554 1151 719 1181 intellectu
739 1150 832 1181 facile
848 1157 906 1187 est,
930 1150 1015 1192 quod
1037 1151 1148 1182 civitas
1169 1151 1280 1182 similis
1302 1161 1371 1182 esse
1394 1150 1509 1182 debeat
1529 1155 1660 1192 paterae,
1682 1150 1716 1180 in

249 1212 312 1244 qua
334 1213 466 1246 merum,
492 1204 576 1245 quod
599 1205 701 1245 primo
722 1205 862 1236 infusum
886 1205 988 1241 bullit,
1004 1206 1109 1236 statim
1125 1205 1251 1237 alterius
1268 1205 1330 1235 Dei
1346 1205 1514 1236 sobrietate
1528 1204 1717 1245 castigatum

248 1261 342 1298 atque
367 1258 485 1298 optime
512 1263 719 1299 temperatum
742 1258 842 1289 bonus
858 1263 891 1289 et
904 1259 1082 1290 moderatus
1096 1265 1190 1302 potus
1201 1259 1344 1291 efficitur.
1366 1257 1632 1300 quemadmodum
1644 1268 1716 1288 vero

245 1310 280 1340 id
306 1310 339 1341 in
364 1312 460 1342 mixta
472 1312 603 1343 filiorum
620 1313 836 1353 procreatione
853 1313 908 1343 fiat
923 1324 929 1343 :
953 1323 1056 1350 nemo,
1075 1319 1108 1344 ut
1124 1314 1257 1345 breviter
1270 1314 1386 1350 dicam,
1402 1318 1509 1354 potest
1521 1312 1715 1353 conspicere.

247 1366 451 1406 quamobrem
463 1376 527 1396 non
542 1366 612 1407 lege
628 1367 763 1408 cogendi
779 1367 835 1398 sed
850 1368 1050 1407 persuasione
1066 1367 1238 1399 inducendi
1252 1368 1347 1404 cives,
1372 1372 1407 1398 ut
1422 1367 1574 1409 aequalem
1589 1374 1714 1407 tempe—

243 1423 407 1460 ratamque
443 1420 610 1451 liberorum
650 1431 776 1452 suorum
812 1421 1046 1462 generationem
1074 1421 1171 1462 pluris
1200 1421 1319 1452 faciant
1347 1431 1440 1463 quam
1467 1420 1714 1462 opulentissimae

247 1473 405 1504 affinitatis
432 1474 654 1515 aequalitatem.
678 1482 711 1505 et
738 1485 822 1511 eum,
850 1475 904 1516 qui
929 1475 961 1505 in
979 1475 1135 1507 connubio
1150 1476 1297 1516 pecuniis
1309 1476 1422 1512 inhiat,
1434 1485 1496 1506 nou
1515 1475 1585 1516 lege
1601 1475 1718 1515 scripta

247 1537 352 1559 arcere
365 1527 527 1566 debemus,
542 1528 599 1559 sed
614 1529 785 1570 opprobriis
800 1535 833 1560 et
847 1530 1112 1571 increpationibus
1127 1530 1307 1562 absterrere.
1346 1529 1397 1560 Ad
1414 1529 1542 1569 nuptias
1557 1528 1661 1569 igitur,
1680 1533 1716 1558 ut

249 1581 352 1618 decet,
368 1582 573 1613 celebrandas
589 1588 621 1613 et
635 1583 701 1613 haec
717 1584 918 1614 exhortantur
932 1589 965 1614 et
977 1585 1043 1620 illa,
1058 1595 1127 1625 quae
1143 1584 1175 1614 in
1189 1583 1402 1624 superioribus
1413 1583 1558 1619 diximus,
1571 1591 1712 1612 asseren-

248 1641 296 1667 tes
322 1641 466 1678 oportere
493 1637 627 1668 filiorum
653 1637 734 1668 filios
759 1637 978 1679 relinquendo,
1007 1644 1127 1669 nostros
1156 1637 1308 1669 videlicet
1333 1638 1367 1668 in
1406 1636 1513 1668 divino
1547 1635 1718 1668 ministerio

248 1700 455 1726 successores,
478 1697 622 1722 naturam
646 1692 770 1732 assequi
794 1691 1029 1733 sempiternam.
1076 1692 1172 1733 [774]
1199 1693 1265 1724 haec
1291 1692 1396 1723 onmia
1410 1697 1503 1732 atque
1518 1691 1611 1723 etiam
1627 1690 1717 1731 plura

249 1745 318 1786 quis
332 1744 371 1782 de
383 1745 503 1787 nuptiis
513 1745 659 1776 ineundis
672 1746 865 1778 exordiendo
883 1751 964 1777 reete
979 1746 1110 1778 diceret.
1134 1747 1160 1777 si
1183 1746 1253 1787 quis
1268 1752 1373 1778 autem
1385 1751 1498 1786 sponte
1513 1755 1578 1775 non
1592 1751 1711 1786 pareat,

249 1804 282 1829 et
308 1799 428 1830 alienus
457 1799 496 1830 ab
519 1800 578 1830 hoc
603 1800 758 1831 consortio
784 1800 871 1830 vivat
885 1799 918 1829 in
931 1801 1071 1836 civitate,
1087 1806 1120 1831 et
1131 1800 1198 1831 sine
1214 1799 1371 1830 connubio
1387 1799 1525 1840 quinque
1540 1804 1573 1829 et
1586 1797 1717 1839 triginta

249 1854 350 1894 egerit
370 1864 479 1889 annos,
508 1854 639 1895 singulis
657 1854 759 1890 annis,
772 1854 797 1884 si
813 1853 853 1884 de
868 1853 1001 1885 maximo
1016 1864 1112 1884 censu
1127 1860 1187 1891 est,
1203 1853 1358 1885 drachmis
1374 1858 1500 1884 centum
1523 1852 1692 1883 mulctetur
1709 1863 1715 1881 :

248 1907 276 1938 si
303 1907 344 1938 de
374 1907 521 1943 secundo,
550 1909 769 1949 septuaginta:
795 1908 822 1938 si
837 1909 878 1939 de
908 1909 1010 1944 tertio,
1033 1909 1214 1949 sexaginta:
1240 1908 1266 1938 si
1280 1909 1320 1938 de
1337 1913 1459 1948 quarto,
1482 1907 1622 1948 triginta.
1645 1916 1716 1948 quae

249 1960 375 2002 quidem
390 1962 522 2002 pecunia
533 1962 551 1994 J
555 1963 652 1992 unoni
667 1963 879 1995 consecranda
891 1968 950 1993 est.
962 1964 986 1994 si
1001 1963 1071 2004 quis
1086 1969 1191 1993 autem
1200 1961 1329 2002 sing-ulis
1345 1961 1435 1994 annis
1443 1971 1505 1992 non
1521 1960 1717 2002 persolverit,

249 2015 419 2056 decuplum
443 2015 567 2047 debeat.
588 2015 678 2057 cujus
699 2016 842 2057 pecuniae
858 2021 985 2048 exactor
996 2017 1036 2049 sit
1052 2016 1131 2047 Deae
1146 2017 1246 2057 ipsius
1257 2021 1410 2058 quaestor:
1436 2026 1473 2046 ac
1488 2015 1551 2046 nisi
1561 2013 1712 2056 exegerit,

249 2069 318 2110 ipse
334 2069 448 2100 debeat
460 2081 466 2099 z
491 2076 584 2110 atque
599 2070 689 2111 hujus
702 2070 854 2101 rationem
868 2070 980 2101 referre
994 2071 1124 2112 quisque
1138 2069 1263 2102 debeat.
1280 2071 1334 2100 sed
1347 2069 1490 2111 pecuniis
1501 2068 1640 2111 quidem,
1656 2067 1716 2109 qui

249 2123 328 2154 nolit
349 2133 475 2154 uxorem
497 2124 623 2159 ducere,
646 2124 689 2154 ita
712 2124 897 2154 mulctetur:
922 2124 1038 2154 honore
1061 2125 1159 2154 etiam
1182 2125 1238 2155 sic.
1262 2124 1398 2165 primum
1416 2124 1554 2157 honores
1578 2123 1680 2153 nullos
1694 2131 1715 2152 a

241 2176 421 2219 junioribus
444 2182 662 2218 consequatur,
684 2187 742 2208 nec
764 2177 918 2218 juvenum
943 2177 1023 2208 ullus
1047 2178 1152 2218 aliqua
1178 2178 1210 2208 in
1234 2188 1268 2208 re
1289 2182 1404 2219 sponte
1426 2177 1487 2218 ipsi
1503 2177 1714 2217 obtemperet.

250 2231 379 2269 deinde,
395 2231 421 2262 si
437 2232 575 2273 aliquem
590 2232 710 2262 caedere
727 2241 820 2262 ausus
833 2231 934 2267 fuerit,
950 2231 1083 2272 quilibet
1097 2230 1246 2262 adversus
1261 2231 1362 2272 ipsum
1380 2231 1533 2271 insurgat,
1546 2230 1620 2261 etei
1636 2240 1712 2260 aux-

249 2285 339 2316 ilium
360 2286 450 2322 ferat,
473 2286 528 2327 qui
550 2286 674 2327 accepit
696 2286 850 2328 injuriam.
874 2287 902 2317 si
925 2286 995 2327 quis
1018 2292 1124 2316 autem
1141 2295 1278 2327 praesens
1293 2286 1352 2316 hoc
1366 2295 1431 2316 non
1446 2285 1566 2321 fecerit,
1584 2283 1714 2316 timidus

248 2339 410 2381 malusque
425 2340 503 2371 civis
525 2350 543 2370 a
557 2340 678 2381 legibus
691 2340 850 2372 habeatur.
896 2340 946 2370 De
960 2339 1033 2370 dote
1048 2350 1121 2370 vero
1136 2339 1254 2370 dictum
1280 2345 1329 2370 est
1343 2340 1441 2381 prius,
1456 2346 1489 2370 et
1503 2339 1599 2370 modo
1612 2349 1718 2370 rursus

248 2392 382 2434 dicatur,
398 2394 532 2435 aequalia
546 2404 603 2435 pro
618 2394 790 2436 aequalibus
802 2404 871 2425 esse
889 2406 895 2423 :
920 2395 1075 2436 siquidem
1089 2404 1192 2436 neque
1205 2394 1259 2435 qui
1269 2394 1429 2435 acceperit
1440 2403 1542 2435 neque
1553 2393 1717 2435 quidede-

246 2447 298 2483 rit,
311 2449 513 2490 pecuniarum
528 2448 635 2489 inopia
650 2454 865 2480 consenescet.
887 2449 1065 2480 necessaria
1079 2449 1209 2480 enimin
1226 2450 1283 2479 hac
1297 2448 1423 2479 civitate
1436 2446 1560 2479 abunde
1569 2446 1715 2478 omnibus

247 2509 332 2533 sunt.
354 2502 534 2534 mulieribus
553 2508 704 2544 praeterea
726 2503 970 2534 contumeliosus
995 2503 1094 2534 fastus
1106 2503 1217 2534 'minor
1231 2503 1291 2533 erit
1308 2514 1315 2532 :
1340 2502 1442 2533 minor
1453 2507 1486 2533 et
1497 2501 1573 2532 viris
1587 2500 1715 2532 humilis

245 2554 469 2597 illiberalisque
492 2557 634 2587 servitus.
655 2557 709 2598 qui
731 2558 878 2598 paruerit,
902 2567 997 2588 unum
1021 2568 1095 2588 sane
1121 2558 1180 2588 hoc
1208 2562 1281 2598 aget
1292 2556 1442 2597 praeclare
1460 2567 1467 2585 :
1491 2555 1547 2596 qui
1563 2564 1634 2586 vero
1650 2564 1716 2585 non

247 2610 395 2650 paruerit,
411 2610 467 2641 sed
482 2615 536 2641 aut
550 2609 674 2641 dederit
688 2617 743 2641 aut
754 2612 912 2652 acceperit
927 2611 1013 2653 quod
1029 2611 1259 2652 quinquaginta
1283 2609 1448 2642 drachmas
1470 2607 1606 2640 excedat
1621 2608 1717 2639 vesli-

247 2664 347 2694 menti
369 2664 478 2705 gratia,
501 2665 580 2697 alius
603 2665 729 2700 minam,
752 2665 832 2696 alius
853 2671 913 2696 tres
936 2666 1128 2701 semiminas.
1153 2665 1233 2696 alius
1249 2664 1349 2696 minas
1363 2664 1456 2699 duas.
1471 2668 1504 2694 et
1517 2663 1572 2704 qui
1588 2672 1717 2694 censum

244 2717 340 2748 habet
354 2727 544 2758 supremum,
560 2718 758 2750 tantumdem
770 2729 874 2750 rursus
889 2720 1047 2761 persolvat
1062 2720 1169 2751 aerario
1182 2730 1188 2748 :
1213 2723 1247 2749 et
1258 2716 1410 2759 quicquid
1424 2716 1536 2748 datum
1551 2717 1646 2748 suerit
1660 2717 1713 2748 vel

247 2776 425 2813 acceptum.
467 2771 540 2803 Jovi
563 2778 655 2814 atque
673 2773 792 2805 Junoni
808 2779 1016 2804 consecretur.
1039 2773 1131 2815 liujus
1156 2773 1298 2814 pecuniae
1314 2779 1472 2802 exactores
1488 2781 1558 2802 esse
1575 2770 1716 2802 volumus

248 2827 357 2858 horum
372 2825 511 2857 Deorum
527 2832 696 2867 quaestores
710 2839 717 2857 ε
741 2827 1006 2869 quemadmodum
1022 2828 1116 2858 modo
1129 2826 1246 2858 dictum
1263 2825 1334 2861 fuit,
1349 2834 1418 2856 cum
1434 2824 1474 2855 de
1492 2824 1550 2861 his,
1566 2824 1620 2866 qui
1636 2835 1719 2865 nup-

250 2881 308 2912 tias
323 2879 458 2922 sugiunt,
471 2880 680 2922 loqueremur,
698 2883 780 2922 quod
796 2882 834 2913 ab
849 2882 895 2913 eis
911 2881 1053 2918 debetur,
1081 2891 1147 2912 csse
1169 2890 1188 2912 a
1211 2879 1229 2911 J
1234 2879 1347 2911 unonis
1370 2879 1574 2920 quaesloribus
1588 2879 1718 2920 exigen-
