1840 3225
303 235 382 273 154
910 232 1177 271 PLATONIS
1673 234 1772 286 [460

303 343 395 369 erunt
410 337 533 379 legibus
549 336 724 378 designata,
740 336 771 367 in
791 335 906 377 quibus
921 346 1053 377 sponsos
1069 340 1101 366 et
1116 345 1245 377 sponsas
1255 335 1524 377 congregabimus,
1538 345 1623 368 sacra
1637 335 1726 373 fient,
1739 341 1772 367 et

304 391 417 433 hymni
445 401 463 421 a
487 390 592 432 poetis
619 391 744 426 nostris,
769 388 866 431 [460]
891 389 1054 421 celebratis
1079 389 1197 431 nuptiis
1221 389 1454 421 convenientes.
1476 400 1638 421 numerum
1667 395 1771 420 autem

304 445 486 485 nuptiarum
499 444 625 475 arbitrio
643 443 816 485 principum
833 443 1054 478 concedemus,
1072 448 1109 472 ut
1131 443 1170 473 ad
1185 443 1288 473 hostes
1301 453 1338 474 ac
1352 443 1474 474 morbos
1487 449 1652 484 ceteraque
1664 442 1772 484 liujus-

304 499 391 528 modi
409 498 608 539 respicientes
622 498 756 529 eundem
773 508 866 539 quam
891 496 1021 527 maxime
1037 496 1153 528 civium
1170 507 1330 527 numerum
1355 502 1500 536 servent3
1522 507 1601 527 neve
1616 496 1772 538 populosa

302 551 411 581 civitas
438 551 529 582 nimis
553 552 606 590 sit,
633 552 737 592 quoad
764 550 828 581 ficri
855 555 970 591 potest,
993 560 1094 591 neque
1112 561 1222 581 vacua.
1269 550 1382 582 GLAu.
1405 550 1507 581 Recte
1522 550 1669 591 loqueris.
1712 549 1768 580 So.

302 605 407 636 Sortes
422 605 515 646 igitur
529 605 672 646 quaedam
691 605 744 637 tali
771 604 908 645 quodam
925 603 1056 634 artificio
1081 604 1293 640 instituendae,
1309 609 1343 634 ut
1367 604 1501 635 deterior
1514 604 1567 635 ille
1582 604 1615 635 in
1630 604 1771 645 qualibet

303 658 508 700 copulatione
529 660 696 694 fortunam,
724 669 785 688 non
813 657 983 699 principes,
1009 656 1126 698 culpet.
1172 657 1288 689 Gtiu.
1311 657 1353 688 Et
1378 658 1508 689 maxime
1529 658 1669 700 quidem.
1714 657 1770 689 So.

305 712 471 744 Enimvero
488 713 545 748 his,
569 712 623 754 qui
650 713 729 743 iuter
749 712 883 753 juvenes
908 712 1138 752 praestantiores
1159 717 1232 742 sunt
1257 713 1288 742 iu
1312 713 1403 743 rebus
1422 713 1486 743 sive
1509 712 1690 743 militaribus
1703 712 1769 743 sive

303 767 372 798 aliis
388 768 587 808 quibusdam,
611 777 736 797 munera
760 777 796 797 ac
821 766 945 807 praemia
962 766 1068 796 danda
1094 771 1215 796 suntet
1237 766 1297 796 alia
1314 766 1488 807 permulta:
1512 766 1588 808 quin
1603 771 1636 797 et
1651 766 1773 797 uberior

305 821 485 852 mulieribus
499 820 724 862 congrediendi
752 820 890 859 licentia,
908 825 942 849 ut
966 830 1002 850 ex
1020 820 1078 851 hac
1105 820 1194 850 simul
1219 820 1384 851 occasione
1411 819 1469 850 filii
1484 819 1707 861 plures‚quam
1734 830 1771 851 ex

304 875 384 911 aliis,
399 886 437 905 ex
451 876 498 905 his
515 879 664 905 serantur.
710 874 826 905 Gniu.
849 873 964 905 Probe.
1009 873 1064 904 So.
1088 874 1201 914 Itaque
1221 874 1312 911 filios,
1329 875 1384 915 qui
1399 885 1436 905 ex
1451 875 1498 904 his
1520 874 1660 905 oriuntur
1673 874 1774 905 susci-

304 928 394 970 pient
410 928 445 970 ii,
461 929 515 970 qui
531 928 644 958 talibus
663 928 842 969 praesident‚
856 928 1051 968 magistratus
1063 927 1128 958 sive
1141 928 1273 958 virorum
1286 939 1338 958 seu
1351 928 1533 958 seminarum
1545 928 1609 959 sive
1624 932 1776 958 utrorum-

303 992 377 1023 que.
403 992 582 1014 communes
597 982 681 1012 enim
696 982 767 1012 viris
782 987 814 1011 et
831 981 1010 1011 mulieribus
1027 981 1233 1022 magistratus.
1279 981 1395 1012 Gnau.
1420 981 1477 1012 Est
1492 982 1548 1012 ita.
1592 981 1648 1014 So.
1671 982 1769 1014 Acci-

303 1036 427 1076 pientes
442 1036 552 1077 utique
566 1040 767 1076 praestantunx
793 1035 953 1065 bominum
978 1035 1108 1076 prolem,
1122 1036 1161 1065 ad
1178 1035 1261 1066 ovile
1278 1036 1461 1077 portabunt,
1477 1036 1516 1066 ad
1534 1036 1667 1067 nutrices
1681 1048 1775 1079 quas·

304 1089 376 1119 dam
392 1100 528 1120 seorsum
543 1089 575 1119 in
591 1089 726 1120 civitatis
742 1094 828 1130 parte
843 1088 950 1129 aliqua
973 1093 1214 1119 commorantes.
1236 1099 1289 1120 eos
1305 1099 1390 1126 vero,
1405 1089 1460 1130 qui
1484 1096 1650 1121 nascentur
1665 1101 1703 1121 ex
1717 1091 1774 1122 de-

303 1144 477 1184 terioribus,
495 1142 560 1174 sive
581 1144 676 1174 etiam
692 1154 728 1174 ex
753 1143 992 1184 quibuscunque
1015 1143 1097 1178 aliis,
1114 1143 1168 1173 sed
1192 1143 1329 1174 membro
1345 1143 1450 1185 aliquo
1467 1144 1582 1180 manci,
1598 1143 1630 1174 in
1646 1144 1774 1181 abditis,

303 1203 338 1228 ut
353 1198 456 1234 decet,
473 1197 550 1228 locis
565 1197 759 1228 abscondent
774 1208 782 1228 ε
808 1195 834 1227 si
857 1197 984 1238 quidem
1000 1197 1095 1228 debet
1118 1197 1284 1228 custodum
1301 1208 1399 1238 genus
1416 1207 1526 1238 purum
1543 1197 1620 1229 fore.
1661 1197 1772 1230 Nutri-

303 1252 420 1282 tionem
449 1257 597 1293 praeterea
620 1258 652 1283 et
678 1252 708 1282 hi
734 1252 897 1282 curabunt.
921 1256 1033 1281 matres
1060 1252 1143 1282 enim
1168 1252 1208 1282 ad
1236 1251 1331 1288 ovile,
1357 1262 1427 1283 cum
1444 1253 1524 1283 lacte
1539 1253 1765 1295 exuberabunt,

304 1306 524 1342 transmittent,
540 1310 740 1346 procurantes
756 1316 795 1336 ne
813 1306 874 1335 ulla
889 1315 978 1335 suum
994 1315 1162 1346 agnoscere
1175 1305 1277 1336 valeat
1292 1318 1300 1345 ;
1317 1317 1353 1337 ac
1367 1307 1392 1337 si
1406 1307 1452 1337 bae
1467 1307 1568 1337 minus
1578 1307 1770 1346 suffecerint,

303 1359 380 1389 alias
394 1360 522 1401 insuper
537 1360 618 1391 lacte
635 1360 741 1401 plenas
757 1360 961 1391 adhibebunt.
987 1360 1196 1401 providebunt
1211 1371 1352 1402 quoque,
1376 1367 1411 1391 ut
1425 1361 1580 1392 mediocre
1596 1367 1719 1403 tempus
1734 1363 1767 1394 in

304 1412 386 1444 lacte
412 1414 553 1454 sugendo
586 1419 732 1445 servetur.
759 1414 879 1455 vigilias
905 1414 978 1445 item
1010 1414 1190 1456 laboresque
1216 1419 1335 1446 ceteros
1361 1415 1531 1447 nutricibus
1560 1416 1769 1457 imperabunt.

305 1465 421 1499 Grau.
445 1467 615 1497 Plurimum
645 1467 801 1499 facultatis
828 1469 866 1498 ad
899 1469 1120 1509 procreandam
1158 1468 1275 1510 prolem
1305 1470 1469 1500 custodum
1502 1469 1680 1501 mulieribus
1718 1471 1770 1501 tri—

307 1519 388 1550 buis.
432 1520 488 1552 So.
512 1521 565 1551 Sic
581 1521 683 1553 decet.
708 1521 760 1552 sed
787 1532 844 1563 age
871 1522 1033 1563 deinceps,
1060 1523 1147 1563 quod
1174 1523 1304 1554 maxime
1331 1523 1534 1560 intendimus,
1550 1534 1775 1564 percurramus.

304 1574 439 1604 diximus
464 1574 558 1615 plane
587 1586 623 1606 ex
647 1575 865 1606 robustissimis
890 1582 1031 1616 oportere
1058 1576 1138 1607 filios
1164 1578 1329 1617 procreari.
1374 1576 1489 1609 Grau.
1513 1577 1668 1609 Diximus.
1712 1579 1769 1610 So.

307 1627 361 1658 An
400 1640 463 1659 non
494 1630 550 1660 tibi
580 1640 705 1671 quoque
734 1630 856 1661 videtur
888 1631 1079 1661 moderatum
1110 1631 1208 1662 adulti
1238 1632 1354 1662 roboris
1387 1637 1508 1673 tempus
1546 1642 1613 1663 esse
1652 1632 1769 1663 mulieri

304 1682 431 1722 quidem
459 1693 558 1714 annos
586 1684 707 1725 viginti,
731 1685 797 1714 viro
829 1689 931 1715 autem
962 1685 1087 1726 triginta
1101 1686 1112 1715 ?
1159 1685 1272 1718 Gmu.
1300 1686 1380 1722 Quis
1405 1686 1512 1717 borum
1537 1686 1670 1716 modus?
1715 1687 1773 1718 So.

305 1736 351 1767 Ut
379 1737 527 1769 videlicet
552 1738 667 1769 mulier
688 1749 706 1768 a
731 1739 880 1779 vigesimo
906 1740 1009 1769 aetatis
1033 1749 1116 1770 anno
1141 1740 1295 1780 incipiens
1318 1750 1417 1781 usque
1443 1740 1481 1770 ad
1499 1739 1770 1781 quadragesimum

305 1779 406 1832 pariat
421 1803 427 1822 :
453 1791 499 1822 vir
514 1796 629 1829 autem,
646 1788 813 1834 postquam*
828 1793 1038 1824 acutissimum
1056 1793 1102 1824 sui
1118 1804 1223 1824 cursus
1241 1794 1375 1835 vigorem
1392 1794 1557 1834 transierit,
1571 1804 1673 1824 annos
1684 1794 1770 1825 scili-

305 1849 357 1875 cet
375 1845 512 1885 triginta,
526 1846 600 1876 inde
614 1856 711 1887 usque
728 1846 767 1876 ad
791 1856 888 1877 annos
903 1846 1042 1888 quinque
1065 1853 1097 1878 et
1112 1847 1341 1888 quinquaginta
1362 1853 1512 1887 procreet.
1558 1846 1672 1878 GLAu.
1695 1847 1771 1878 Pro-

302 1898 387 1929 fecto
403 1899 435 1929 in
452 1899 501 1929 iis.
515 1899 614 1942 [461]
639 1900 783 1930 aetatibus
799 1900 886 1941 vigor
899 1900 995 1931 animi
1011 1903 1210 1942 corporisque
1234 1901 1386 1932 consistit.
1432 1901 1489 1933 So.
1511 1901 1545 1931 Si
1562 1901 1654 1942 igitur
1669 1902 1771 1932 senior

302 1951 370 1982 istis
386 1953 450 1983 sive
462 1952 570 1993 junior
585 1954 815 1994 generationem
833 1955 863 1984 in
880 1954 1038 1986 communi
1054 1955 1205 1996 attigerit,
1222 1955 1386 1996 profanum
1401 1961 1434 1985 et
1444 1955 1586 1996 iniquum
1598 1955 1698 1986 scelus
1709 1956 1770 1986 hoc

303 2016 370 2036 esse
385 2005 591 2044 censebimus,
608 2008 694 2048 quasi
721 2008 804 2038 fetus
822 2009 847 2038 is
861 2008 894 2038 in
910 2008 1036 2040 civitate
1051 2014 1179 2050 seratur,
1195 2010 1262 2051 qui,
1287 2009 1311 2040 si
1336 2009 1471 2046 latuerit,
1495 2008 1611 2039 orietur
1633 2019 1696 2039 non
1711 2009 1770 2039 sub

302 2059 460 2090 sacrificiis
475 2061 602 2101 quidem
617 2067 649 2092 et
662 2062 753 2098 votis,
770 2073 840 2103 quae
864 2063 994 2103 singulis
1010 2064 1043 2094 in
1061 2063 1180 2104 nuptiis
1206 2068 1356 2105 peragent
1376 2063 1553 2094 sacerdotes
1568 2072 1688 2099 omnes,
1705 2068 1771 2093 tam

302 2112 357 2142 viri
373 2123 466 2154 quam
483 2113 685 2149 mulieres,et
700 2115 808 2145 civitas
835 2115 990 2155 universa,
1006 2122 1178 2157 precantes>
1193 2122 1228 2147 ut
1249 2128 1286 2147 ex
1304 2117 1393 2148 bonis
1415 2116 1568 2152 meliores,
1587 2126 1624 2147 ex
1642 2115 1771 2146 utilibus

303 2166 442 2198 utiliores
455 2171 618 2198 nascantur
635 2179 641 2197 ε
667 2168 759 2198 immo
777 2178 848 2199 vero
863 2169 921 2198 sub
936 2169 1071 2199 tenebris
1087 2180 1124 2200 ex
1142 2170 1202 2200 acri
1217 2170 1350 2210 quadam
1364 2169 1605 2200 incontinentia.
1649 2168 1726 2199 Gn
1735 2179 1771 2200 υ.

304 2218 406 2250 Recte
425 2219 571 2260 loqueris.
615 2221 670 2252 So.
695 2221 812 2251 Eadem
828 2232 956 2263 quoque
971 2223 1028 2253 erit
1054 2223 1198 2253 habenda
1215 2223 1292 2253 ratio
1308 2223 1347 2253 de
1363 2222 1429 2258 illo,
1445 2223 1514 2263 qui,
1530 2233 1601 2252 cum
1617 2223 1720 2254 adhuc
1734 2223 1767 2253 in

303 2273 472 2314 generandi
489 2279 580 2304 aetate
595 2274 698 2311 fuerit,
714 2280 807 2316 atque
823 2276 964 2317 principe.
980 2286 1042 2306 non
1059 2277 1239 2317 copulante,
1260 2276 1417 2306 mulierem
1430 2275 1460 2306 in
1474 2282 1565 2306 :etate
1577 2276 1769 2307 adultacon-

300 2327 440 2357 stitutam
456 2326 604 2368 attigerit.
629 2338 742 2369 nempe
760 2329 842 2359 hunc
859 2339 1027 2359 asseremus
1046 2339 1174 2369 puerum
1189 2340 1333 2370 generare
1344 2329 1497 2370 spurium,
1510 2329 1664 2359 incestum
1672 2335 1767 2370 atque

302 2380 478 2421 profanum.
525 2379 638 2412 GLAu.
665 2381 748 2412 Scite
764 2383 943 2412 admodum.
989 2383 1044 2414 So.
1070 2384 1208 2419 Quando
1224 2383 1323 2425 igitur
1334 2383 1400 2424 jam
1420 2382 1562 2413 mulieres
1577 2388 1610 2413 et
1625 2383 1679 2413 viri
1697 2389 1772 2413 aeta-

303 2439 365 2463 tem
383 2434 576 2475 generationi
603 2440 708 2476 aptam
724 2436 838 2476 egressi
864 2436 992 2475 fuerint,
1019 2437 1111 2468 licere
1134 2438 1205 2467 viris
1234 2437 1388 2472 dicemus,
1410 2437 1587 2478 cuicunque
1603 2436 1771 2473 voluerint,

302 2492 508 2528 praeterquam
525 2487 598 2518 filiae
613 2494 706 2530 atque
723 2489 811 2519 matri
827 2494 858 2520 et
869 2490 998 2521 tiliarum
1012 2491 1092 2521 uatis
1107 2492 1250 2522 matrisve
1265 2490 1433 2532 majoribus
1444 2491 1635 2522 coirnuisceri
1651 2502 1658 2520 ι
1677 2490 1769 2521 licere

303 2545 335 2569 et
351 2540 528 2571 mulieribus
543 2540 673 2573 cuilibet
687 2543 838 2584 copulari,
855 2549 1058 2584 praeterquam
1074 2545 1140 2575 filio
1157 2551 1250 2586 atque
1268 2545 1357 2586 patri,
1373 2555 1408 2575 ac
1419 2544 1627 2585 superioribus
1641 2550 1673 2575 et
1689 2543 1768 2575 inse-

298 2593 430 2624 rioribus
443 2596 623 2626 eorundem.
646 2607 717 2627 cum
733 2607 805 2628 vero
823 2597 888 2628 baec
904 2598 1006 2628 omnia
1022 2598 1280 2634 mandaverimus,
1293 2598 1516 2629 interdicemus
1529 2603 1648 2638 partum
1662 2597 1768 2635 talem,

298 2646 324 2676 si
354 2648 532 2688 contigerit,
560 2649 590 2679 iu
615 2649 714 2680 lucem
744 2651 886 2691 produci.
911 2652 936 2681 si
958 2652 1035 2692 quid
1051 2658 1155 2682 autem
1171 2652 1321 2693 coegerit,
1337 2653 1380 2683 ita
1407 2661 1522 2693 ponere
1539 2651 1767 2693 praecipiemus,

297 2699 389 2739 quasi
405 2700 473 2740 ejus
490 2701 576 2731 nulla
594 2703 721 2734 nutritio
737 2704 788 2735 sit.
833 2704 948 2736 GLAU.
973 2705 1052 2736 lla-‚c
1069 2716 1195 2747 quoque
1212 2707 1308 2747 probe
1322 2706 1478 2736 dicuntur.
1525 2704 1632 2736 Patres
1646 2715 1718 2736 vero
1732 2711 1765 2736 et

301 2757 412 2783 matres
440 2760 472 2784 ct
496 2756 592 2785 ceteri
616 2758 753 2797 cognati,
778 2769 856 2799 quos
879 2760 1081 2795 memor-abas,
1099 2760 1256 2801 quomodo
1272 2760 1407 2790 invicem
1423 2758 1661 2790 discernentur?
1705 2758 1764 2790 So.

300 2805 399 2837 Nullo
415 2809 508 2838 modo
524 2820 530 2838 ε
555 2809 611 2840 sed
630 2820 748 2848 omnes,
765 2812 943 2853 quicunque
960 2820 1124 2844 nascentur
1139 2813 1260 2844 decimo
1274 2822 1379 2844 mense
1393 2811 1439 2842 vel
1455 2811 1588 2852 septimo
1601 2821 1638 2842 ex
1651 2822 1688 2842 ea
1699 2812 1766 2848 die,

299 2869 362 2900 qua
376 2859 445 2901 quis
461 2860 563 2892 liberis
579 2872 703 2903 operam
721 2865 821 2901 dedit,
837 2865 968 2896 masculi
985 2867 1023 2896 ab
1040 2867 1098 2897 boc
1115 2866 1182 2902 tilii,
1199 2866 1322 2897 semiuae
1339 2865 1411 2896 filiae
1427 2865 1682 2896 nominabuntur.
1695 2865 1763 2896 nati

295 2918 401 2944 autem
426 2924 496 2945 eum
516 2921 633 2956 patrem
650 2919 827 2949 vocabunt:
852 2925 994 2951 natorum
1020 2920 1160 2951 similiter
1177 2920 1257 2950 filios
1273 2919 1324 2950 ille
1341 2924 1472 2961 nepotes
1487 2928 1554 2950 esse
1578 2919 1684 2950 dicet:
1710 2919 1761 2949 isti

296 2972 399 2999 autem
415 2968 585 3009 superiores
604 2980 679 3002 avos
703 2978 734 3002 et
761 2973 844 3005 avias
860 2973 1084 3006 nominabunt:
1111 2981 1142 3005 at
1168 2985 1231 3006 cos.
1260 2974 1312 3015 qui
1329 2984 1366 3005 eo
1386 2978 1524 3014 tempore
1549 2978 1759 3013 nascerentur,
