1840 3225
195 254 291 305 956]
632 254 705 292 DE
735 252 964 292 LEGIBUS
994 253 1094 292 LlB.
1125 254 1218 291 ΧΙΙ.
1577 255 1659 292 443

192 341 368 383 regionem,
392 352 524 385 semper,
549 341 800 383 quandocunque
814 340 982 376 invenerit,
998 340 1227 381 apprehendat.
1251 340 1378 382 quando
1394 339 1507 381 aliquis
1522 339 1554 370 vi
1570 350 1656 376 eum,

192 396 248 437 qui
271 396 386 439 litigat,
414 408 472 428 seu
497 402 596 428 testes
609 396 715 426 venire
729 396 763 426 in
773 394 930 435 judicium
945 395 1100 436 prohibet,
1115 395 1143 425 si
1159 405 1267 425 servus
1280 395 1334 425 ille
1350 394 1401 430 sit,
1417 394 1485 425 sive
1499 404 1574 425 suus
1590 394 1657 425 sive

187 449 332 487 alterius,
355 452 474 483 nullius
499 450 649 481 momenti
673 450 736 480 lata
761 449 824 480 sit:
848 448 896 479 sin
923 458 995 479 vero
1019 448 1110 485 liber,
1135 455 1168 479 et
1197 449 1357 479 sententia
1371 448 1457 478 irrita
1472 448 1511 479 sit
1526 454 1560 478 et
1571 458 1656 479 anno

192 505 357 542 vinciatur,
371 506 425 547 qui
438 505 571 546 depulit,
585 510 616 535 et
632 504 657 535 si
670 504 740 544 quis
755 503 912 534 latrocinii
929 513 999 534 eum
1016 512 1161 533 accusare
1178 502 1323 537 voluerit,
1341 503 1387 532 fas
1400 508 1478 534 esto.
1505 501 1603 545 [955]
1629 503 1657 536 si

190 559 262 599 quis
287 560 423 601 aliquem
449 569 554 590 secum
579 558 698 589 musica
726 557 776 588 vel
806 557 951 599 gymnica
971 557 1023 587 vet
1042 557 1104 587 alia
1125 556 1236 597 quavis
1252 556 1401 587 facultate
1417 562 1603 587 certaturum
1620 558 1655 588 in

191 617 350 645 certamen
363 613 552 644 descendere
564 612 594 643 vi
604 611 817 653 prohibuerit:
834 611 975 653 quisquis
986 611 1073 647 velit,
1088 621 1252 641 munerum
1265 610 1507 642 declaratoribus
1518 611 1548 641 id
1560 611 1658 653 signi-

191 666 267 698 ficet
279 678 290 706 ;
313 668 367 708 qui
388 672 566 708 procurent,
592 672 627 697 ut
648 666 782 708 quilibet
805 666 884 697 liber
910 671 1030 696 certare
1058 665 1167 706 possit.
1191 665 1221 695 id
1239 666 1264 695 si
1281 665 1385 696 facere
1401 675 1464 695 non
1480 667 1658 706 potuerint,

191 721 329 752 victoriae
343 731 472 752 munera
487 721 645 763 prohibito
661 720 787 757 dentur,
804 721 831 751 si
843 720 1016 761 prohibitor
1032 720 1157 750 vincet:
1183 725 1217 750 et
1229 719 1342 760 ipsius,
1357 724 1505 760 tanquam
1522 720 1658 757 victoris,

187 781 304 806 'nomen
329 776 363 806 in
387 775 623 817 quibuscunque
646 775 725 805 velit
753 774 884 815 templis
910 773 1109 804 inscribatur.
1141 773 1324 815 prohibenti
1353 783 1426 804 vcro
1456 783 1515 804 nec
1539 784 1658 805 nomen

188 829 358 861 inscribere
373 841 433 862 nec
447 831 589 862 victoriae
603 830 713 861 offerre
725 829 861 870 insignia
875 828 972 859 liceat
986 840 993 860 ε
1019 839 1056 860 ac
1073 839 1126 859 seu
1141 828 1248 859 vineat
1263 828 1414 859 certando
1429 838 1486 858 seu
1500 828 1657 866 vincatur,

188 882 270 914 illati
285 884 388 916 damni
405 885 536 916 crimine
550 895 623 916 reus
639 885 688 915 sit.
704 884 731 915 si
745 884 814 926 quis
828 894 894 915 rem
910 883 993 914 furto
1009 883 1164 914 sublatam
1179 883 1283 913 sciens
1296 883 1461 924 receperit,
1488 882 1520 913 in
1543 882 1654 913 eadem

189 938 286 979 culpa
298 939 340 970 sit
353 949 414 980 qua
429 940 496 976 ille,
511 940 564 981 qui
579 940 696 970 furatus
712 944 769 969 est.
793 939 845 980 qui
861 939 1012 973 exsulem,
1030 948 1084 968 seu
1099 937 1240 979 quemvis
1254 936 1467 979 hujuscemodi
1481 936 1657 978 fugientem

189 993 372 1034 susceperit,
396 994 555 1025 moriatur.
577 994 696 1035 quippe
719 1003 811 1034 quem
842 993 955 1024 civitas
980 993 1116 1023 amicum
1145 992 1203 1022 sibi
1235 992 1284 1022 vel
1313 992 1436 1022 hostem
1466 990 1657 1032 decreverit,

189 1046 324 1090 eundem
355 1047 410 1078 sibi
449 1047 580 1090 quisque
614 1048 760 1079 similiter
791 1047 972 1078 existimare
998 1047 1102 1077 debet.
1125 1047 1152 1078 si
1179 1047 1249 1087 quis
1275 1046 1407 1077 consilio
1437 1057 1508 1084 suo,
1536 1046 1656 1087 absque

182 1101 375 1132 ,auctoritate
390 1102 559 1139 communi,
573 1113 682 1143 pacem
699 1102 793 1133 inivit
808 1107 861 1133 aut
872 1101 992 1132 bellum
1003 1101 1112 1137 movit,
1125 1101 1236 1132 ultimo
1247 1101 1406 1141 supplicio
1417 1099 1658 1131 condemnetur.

189 1156 272 1196 quod
289 1157 316 1187 si
331 1167 400 1197 pars
416 1157 523 1198 aliqua
540 1157 676 1188 civitatis
690 1157 724 1187 id
738 1157 883 1192 tentavit,
906 1155 998 1197 hujus
1014 1156 1060 1187 rei
1072 1162 1227 1192 auctores,
1244 1165 1263 1185 a
1277 1155 1400 1186 militiae
1416 1154 1657 1196 imperatoribus

188 1210 277 1241 tracti
294 1210 326 1240 in
335 1210 493 1252 judicium
509 1218 541 1242 et
554 1212 705 1248 damnati,
721 1216 820 1242 morte
837 1212 1024 1251 plectantur.
1047 1210 1101 1251 qui
1119 1209 1224 1251 patriae
1240 1210 1272 1240 in
1289 1209 1396 1250 aliqua
1409 1219 1443 1239 re
1469 1209 1658 1245 ministrant,

188 1265 278 1295 nullo
292 1265 386 1296 modo
398 1276 527 1297 munera
540 1266 696 1307 recipiant
711 1278 717 1296 τ
741 1277 801 1296 nec
819 1266 883 1296 nlla
896 1265 1062 1296 occasione
1084 1270 1138 1295 aut
1157 1264 1279 1295 ratione
1294 1264 1387 1294 nobis
1400 1265 1657 1304 persuadeamus,

188 1319 220 1350 in
243 1319 337 1350 rebus
355 1320 482 1360 quidem
502 1320 592 1351 bonis
619 1320 822 1361 suscipienda
847 1330 916 1351 esse
939 1330 1081 1356 munera,
1107 1320 1141 1349 in
1158 1318 1227 1350 aliis
1241 1318 1382 1348 minime.
1405 1328 1476 1348 nam
1499 1327 1558 1348 nec
1580 1328 1657 1359 cog-

188 1384 317 1404 noscere
340 1374 431 1405 facile
454 1382 516 1411 est,
536 1385 651 1416 neque,
676 1386 748 1406 cum
775 1375 970 1417 cognoveriS,
998 1375 1170 1405 continere.
1195 1373 1312 1404 iccirco
1331 1373 1428 1403 tutius
1454 1377 1502 1402 est
1530 1371 1656 1412 legibus

187 1428 414 1469 obtemperare,
441 1429 619 1460 dicentibus
642 1430 730 1460 nulla
756 1440 810 1470 pro
835 1429 946 1470 patriae
969 1428 1142 1459 ministerio
1158 1438 1289 1458 munera
1305 1437 1375 1457 esse
1391 1425 1605 1467 suscipienda.
1628 1426 1657 1457 si

186 1483 257 1524 quis
272 1493 345 1514 vero
359 1483 462 1514 minus
478 1484 712 1525 obtemperasse
727 1483 892 1514 damnatus
908 1483 1015 1518 fuerit,
1041 1483 1201 1513 moriatur.
1224 1482 1342 1513 tributa
1362 1491 1438 1511 vero
1461 1481 1506 1511 sic
1531 1480 1657 1522 publica

186 1536 407 1579 disponantur.
427 1538 530 1579 primo
551 1538 688 1579 quidem,
709 1538 877 1568 multorum
900 1537 1012 1578 gratia,
1037 1548 1142 1568 rerum
1170 1538 1307 1567 omnium
1337 1536 1553 1577 cujuscunque
1580 1535 1658 1566 civis

186 1601 301 1634 census
323 1592 505 1623 haba-antur.
529 1592 644 1622 deinde
672 1602 792 1622 annuos
813 1592 937 1622 fructus
960 1591 1091 1622 tribules
1107 1591 1147 1622 ad
1163 1592 1230 1633 agri
1246 1591 1445 1632 magistratus
1461 1590 1657 1631 conscriptos

186 1645 341 1682 deserant,
367 1651 413 1682 ut,
438 1657 509 1677 cum
535 1647 597 1677 duo
620 1646 736 1677 tributa
759 1647 833 1682 sint,
848 1647 1025 1687 respublica
1039 1647 1140 1687 possit
1155 1647 1318 1681 alterutro,
1334 1651 1369 1675 ut
1383 1644 1550 1680 videbitur,
1566 1645 1658 1675 annis

186 1700 322 1742 singulis
347 1702 415 1739 uti;
440 1702 562 1732 scilicet
584 1702 633 1731 vel
661 1701 795 1731 universi
823 1711 937 1731 census
961 1700 1010 1730 vel
1035 1700 1134 1730 annui
1150 1700 1386 1740 fructusparte:
1413 1698 1508 1735 unde,
1524 1709 1593 1739 quae
1615 1699 1657 1729 ad

186 1755 334 1785 alimenta
363 1756 549 1791 tribuuntur,
579 1765 704 1796 semper
733 1755 943 1795 excipiantur.
985 1753 1129 1784 Donaria
1154 1754 1230 1784 Diis
1253 1752 1417 1784 moderata
1441 1763 1459 1783 a
1489 1753 1659 1784 moderatis

187 1809 366 1840 hominibus
388 1810 568 1841 offerantur.
593 1816 673 1840 terra
697 1809 825 1850 quidem
849 1814 880 1839 et
903 1808 1002 1839 Vesta
1017 1819 1106 1839 sacra
1121 1810 1259 1840 Deorum
1276 1808 1414 1838 omnium
1430 1807 1583 1838 habitatio
1599 1813 1659 1839 est.

187 1873 281 1894 nemo
295 1864 392 1905 igitur
413 1874 453 1894 ex
474 1865 533 1895 hac
549 1864 679 1894 materia
691 1864 807 1894 iterum
830 1863 998 1897 simulacra
1022 1863 1082 1894 diis
1102 1863 1284 1894 constituat.
1307 1873 1414 1893 aurum
1432 1867 1537 1892 autem
1561 1868 1657 1903 atque

185 1923 354 1959 argentum
378 1924 411 1949 et
434 1919 592 1960 privatim,
620 1923 652 1949 et
678 1919 713 1949 in
738 1919 875 1959 templis,
903 1919 935 1948 in
959 1918 1028 1948 aliis
1048 1917 1233 1948 civitatibus
1258 1917 1415 1947 invidiosa
1427 1916 1586 1958 possessio
1600 1922 1659 1947 est.

189 1972 286 2014 [956]
311 1973 388 2003 ebur
402 1983 475 2004 vero
490 1984 561 2004 cum
585 1973 658 2003 olim
675 1974 714 2003 ab
730 1973 834 2003 anima
849 1973 1036 2003 destitutum
1053 1972 1159 2007 fuerit,
1183 1972 1222 2001 ad
1239 1970 1371 2001 deorum
1385 1971 1554 2001 simulacra
1568 1971 1657 2012 inep-

187 2032 256 2057 tum
282 2033 340 2058 est.
366 2038 408 2058 aes
438 2033 533 2069 atque
563 2027 676 2058 serrum
705 2027 821 2058 bellica
852 2033 927 2057 sunt
951 2027 1171 2057 instrumenta.
1201 2036 1237 2056 ex
1262 2026 1350 2066 ligno
1380 2025 1475 2066 igitur
1501 2036 1578 2060 uno,
1605 2026 1657 2056 vel

188 2082 364 2122 unoquovis
390 2081 495 2122 lapide
516 2081 648 2122 integrae
671 2081 800 2111 deorum
825 2081 979 2121 imagines
1008 2081 1041 2111 in
1067 2080 1193 2121 templis
1217 2079 1437 2110 communibus
1466 2084 1658 2111 statuantur.

185 2141 316 2166 texturae
338 2146 466 2177 quoque
492 2146 573 2176 opus
597 2135 745 2166 offeratur
765 2146 828 2166 non
854 2135 959 2177 majus
975 2146 1067 2176 quam
1091 2134 1178 2176 quod
1194 2134 1232 2165 ab
1247 2144 1312 2164 una
1325 2134 1456 2165 muliere
1471 2144 1578 2165 mense
1596 2145 1658 2165 uno

186 2189 255 2220 fieri
277 2191 394 2231 potuit.
419 2191 540 2220 colores
564 2190 628 2221 albi
651 2195 714 2220 tam
739 2191 772 2220 in
794 2190 867 2221 aliis
890 2200 986 2232 quam
1004 2190 1035 2220 in
1059 2189 1163 2220 textili
1186 2188 1318 2219 artificio
1343 2188 1404 2219 diis
1428 2188 1559 2229 congrui
1574 2194 1659 2219 sunt.

186 2245 286 2276 tincta
302 2245 548 2276 vero'coloribus
564 2245 635 2275 aliis
650 2245 689 2276 ad
705 2245 821 2276 bellica
835 2245 972 2286 insignia
988 2245 1089 2275 solum
1108 2243 1329 2274 adhibeantur.
1351 2242 1556 2273 divinissimae
1582 2252 1659 2273 vero

187 2300 365 2330 oblationes
387 2305 459 2330 sunt
483 2309 558 2330 aves
580 2305 673 2341 atque
699 2300 842 2341 picturae,
866 2309 943 2341 quas
973 2299 1113 2340 singulas
1129 2308 1193 2329 uno
1209 2297 1262 2328 die
1277 2297 1381 2338 pictor
1396 2307 1478 2328 unus
1493 2296 1637 2337 depinxit
1653 2308 1659 2326 :

187 2360 290 2385 cetera
304 2364 432 2395 quoque
445 2354 548 2385 onmia
564 2355 612 2384 his
627 2354 742 2385 similia
756 2354 829 2385 sint.
845 2359 1010 2396 postquam
1026 2364 1100 2384 vero
1117 2352 1202 2383 urbis
1216 2358 1335 2394 partes,
1352 2361 1422 2393 quae
1439 2357 1471 2381 et
1485 2356 1562 2392 quot
1588 2361 1658 2382 esse

187 2408 316 2445 debent,
343 2408 501 2439 distinctae
531 2414 614 2444 sunt,
645 2415 677 2439 et
702 2409 788 2450 leges
815 2410 855 2440 de
882 2409 981 2450 pactis
1010 2407 1268 2448 commerciisque
1294 2405 1438 2436 maximis
1462 2415 1517 2446 pro
1545 2405 1663 2436 viribus

187 2463 300 2503 positae
315 2473 322 2491 ι
348 2467 500 2503 superest,
522 2467 557 2493 ut
580 2463 620 2493 de
635 2462 767 2504 judiciis
785 2463 851 2504 jam
869 2464 1020 2495 dicamus.
1044 2463 1178 2504 primum
1191 2461 1288 2502 igitur
1302 2460 1409 2491 arbitri
1428 2459 1565 2500 judices,
1580 2469 1661 2501 quos

186 2517 347 2557 litigantes
371 2516 535 2557 elegerint,
564 2517 667 2548 locum
694 2518 842 2548 habeant.
875 2519 908 2549 hi
937 2518 1157 2549 conciliatores
1189 2515 1380 2546 commodius
1413 2524 1505 2556 quam
1529 2513 1657 2555 judices

187 2571 341 2612 appellari
353 2575 496 2612 possunt.
505 2571 620 2602 deinde
632 2571 767 2603 viciniet
777 2572 918 2608 tribules,
929 2573 1101 2603 secundum
1115 2577 1236 2612 partem
1246 2569 1465 2601 duodecimam
1477 2569 1635 2600 distributi
1653 2580 1659 2597 :

188 2626 273 2667 apud
297 2636 386 2668 quos,
409 2626 435 2656 si
462 2626 656 2657 reconciliati
671 2637 690 2657 a
704 2627 813 2668 primis
826 2637 889 2657 non
903 2627 1030 2661 fuerint,
1046 2626 1155 2668 majori
1171 2636 1245 2656 cum
1259 2624 1374 2654 damno
1390 2623 1527 2664 litigent.
1552 2623 1606 2654 ubi
1634 2622 1663 2653 si

189 2681 313 2711 debitor
328 2681 438 2712 iterum
455 2680 727 2717 condemnabitur,
742 2681 882 2722 quintam
903 2681 1002 2712 debiti
1017 2687 1138 2722 partem
1154 2680 1323 2721 persolvet.
1348 2677 1528 2719 quicunque
1542 2687 1614 2708 vero
1625 2677 1663 2707 ab

186 2734 246 2766 hoc
259 2745 384 2777 quoque
398 2735 521 2776 judicio
537 2735 689 2777 appellat,
704 2745 741 2766 ac
757 2737 848 2767 tertio
871 2742 991 2767 certare
1009 2737 1106 2771 volet,
1122 2735 1242 2765 electos
1267 2732 1395 2775 judices
1410 2737 1508 2773 petat.
1532 2738 1565 2762 et
1580 2731 1606 2761 si
1623 2730 1662 2760 ab

187 2789 227 2821 'ris
241 2789 336 2820 etiam
351 2791 623 2827 condemnabitur,
639 2795 673 2821 et
683 2795 833 2831 quantum
848 2790 990 2821 debitum
1002 2790 1106 2831 ipsum
1118 2795 1179 2826 est,
1191 2794 1223 2819 et
1236 2787 1398 2819 dimidiam
1413 2797 1509 2828 supra
1519 2785 1665 2816 debitum

189 2849 308 2885 partem
333 2845 457 2876 afferat.
479 2856 516 2876 ac
543 2845 568 2875 si
594 2851 766 2882 accusator,
794 2855 814 2875 a
837 2844 938 2886 primo
955 2844 1080 2886 judicio
1107 2844 1264 2885 repulsus,
1291 2853 1354 2873 non
1379 2840 1544 2883 quieverit,
1560 2839 1614 2870 sed
1634 2838 1665 2869 in

188 2898 327 2929 secundo
352 2899 472 2941 judicio
499 2900 616 2931 iterum
643 2906 762 2931 certare
794 2900 942 2936 vuluerit,
965 2899 1119 2940 quintam,
1148 2899 1174 2929 si
1203 2897 1322 2933 vicerit,
1355 2900 1475 2937 partem
1503 2893 1664 2934 accipiat.-

187 2953 292 2984 victus
308 2957 415 2984 autem
431 2955 615 2986 tantundem
633 2955 766 2987 amittat.
789 2954 917 2996 quando
933 2965 1005 2986 vero
1021 2965 1075 2996 per
1092 2954 1209 2996 primos
1225 2958 1256 2985 et
1272 2949 1431 2984 secundos
1443 2948 1573 2990 judices
1586 2956 1668 2979 non!
