1840 3225
240 223 317 260 ‘258
850 219 1114 257 PLATONIS
1632 220 1701 269 [59

236 331 341 357 :uitem
357 325 454 367 ipsius
468 324 621 366 angustia,
648 333 745 365 parva.
757 323 787 354 in
805 333 982 364 magnorum
1001 322 1162 354 contrudit
1176 320 1291 352 inania.
1314 330 1409 361 quare
1423 331 1492 352 cum
1506 331 1601 362 parva
1616 330 1704 362 mag-

237 380 286 410 nis
298 379 456 410 insinuata
470 379 542 415 sint,
558 384 591 409 et
603 378 672 420 ipsa
684 378 811 419 quidem
827 387 923 419 parva
938 387 1007 418 quae
1020 387 1131 418 magna
1142 381 1216 406 sunt
1224 376 1413 411 discernant,
1432 374 1549 416 majore
1563 385 1635 406 vero
1646 375 1704 405 mi-

238 442 311 463 nora
322 431 498 468 coerceant,
513 432 618 462 omnia
629 441 747 462 sursum
765 431 948 462 deorsumve
963 431 996 461 in
1009 441 1064 461 sua
1080 431 1154 461 loca
1165 429 1318 460 feruntur.
1341 439 1414 460 nam
1426 428 1591 470 quodlibet
1600 434 1704 459 muta-

238 491 270 517 ta
286 486 501 527 magnitudine
517 486 624 517 sedem
652 491 763 516 mutat.
787 486 830 516 sic
853 485 962 525 utique
977 491 1008 515 et
1029 485 1084 515 has
1099 484 1138 514 ob
1152 494 1260 515 causas
1272 488 1391 514 naturae
1406 483 1530 513 lenitati
1542 481 1704 514 contrariae

239 550 360 581 semper
383 539 543 582 generatio
566 545 757 575 conservata,
782 540 892 570 horum
917 544 1037 569 motum
1063 544 1094 568 et
1110 537 1141 567 in
1152 538 1298 578 praesenti
1313 544 1346 567 et
1357 537 1389 567 in
1401 536 1506 567 futuro
1520 542 1704 577 perpetuum

238 593 374 624 exhibet.
418 593 498 624 Post
517 595 585 625 haec
610 593 771 625 sciendum
795 599 844 625 est
863 594 962 624 multa
975 603 1042 623 esse
1055 592 1137 633 ignis
1155 602 1269 632 genera
1285 603 1290 620 :
1316 592 1474 622 flammam
1491 590 1650 626 videlicet,
1672 595 1706 621 et

241 649 324 688 quod
336 649 374 679 ab
385 659 423 679 ea
431 655 651 680 estaccensnm
667 660 674 686 ;
691 649 773 690 quod
789 648 847 679 urit
857 647 994 690 quidem,
1009 648 1113 677 lumen
1126 657 1197 677 vero
1214 646 1332 677 nullum
1347 645 1445 677 oculis
1454 644 1545 676 affert
1558 656 1565 674 :
1580 646 1705 686 quodve

241 702 396 734 exstincta
405 703 530 734 flamma
541 704 622 734 intra
634 704 699 739 illa,
709 713 780 744 quae
790 713 921 734 accensa
935 703 1068 737 fuerant,
1079 706 1227 732 remanet.
1244 700 1383 731 similiter
1398 699 1482 731 a'e‘ris
1497 709 1596 741 genus
1616 698 1704 730 aliud

240 757 440 798 purissimum
461 759 738 800 agilissimumque,
763 768 855 799 quem
883 758 1032 788 aetherem
1055 762 1241 796 nuncupant
1256 767 1266 794 ;
1296 754 1383 786 aliud
1406 753 1705 787 turbulentissimum

239 812 375 854 caligine
401 813 596 855 nubibusque
617 814 804 844 obscurum:
829 812 972 853 aliasque
996 811 1117 853 species
1142 811 1209 842 sine
1235 809 1361 841 nomine
1377 820 1445 841 esse
1460 809 1634 851 putandum
1647 812 1706 844 est,

240 871 367 908 propter
379 868 477 908 ipsam
488 868 710 908 triangulorum
720 867 978 908 inaequalitatem.
1016 865 1117 907 Aquae
1127 876 1239 906 genera
1249 865 1312 895 duo
1325 869 1399 895 sunt
1411 864 1583 905 praecipua:
1608 872 1705 894 unum

243 920 416 961 humidum,
424 922 557 953 alterum
573 921 678 952 fusile.
703 920 866 951 humidum
876 921 1013 961 quidem,
1024 920 1097 961 quia
1110 919 1275 960 generibus
1286 929 1375 960 aquae
1386 918 1488 959 parvis
1500 922 1533 948 et
1543 916 1708 958 inaequali-

239 974 296 1004 bus
319 979 454 1014 constat,
477 975 571 1006 facile
595 984 615 1006 a.
636 985 669 1006 se
686 975 754 1016 ipso
770 980 803 1005 et
819 974 857 1004 ab
875 974 937 1005 alio
951 979 1078 1015 propter
1093 972 1315 1014 inaequalitatis
1329 972 1542 1004 conditionem
1554 975 1587 1001 et
1601 971 1707 1011 figurae

239 1027 378 1068 speciem
390 1029 507 1060 moveri
519 1029 609 1060 solet.
637 1029 722 1070 quod
736 1034 839 1059 autem
851 1039 886 1058 ex
901 1027 1115 1069 grandioribus
1131 1027 1365 1068 aequalibusque
1379 1031 1412 1057 et
1425 1025 1548 1057 lenibus
1562 1029 1610 1056 est
1620 1034 1711 1056 com-

239 1081 388 1122 positum,
414 1083 555 1114 stabilius
579 1084 647 1120 illo,
666 1089 699 1114 et
719 1094 810 1124 grave
837 1088 965 1124 propter
989 1082 1095 1113 lenem
1119 1081 1331 1122 aequalitatem
1359 1084 1560 1121 compactum
1581 1083 1640 1114 est,
1652 1077 1708 1109 sed

237 1140 365 1177 propter
378 1137 459 1178 ignis
475 1138 667 1179 penetrantis
682 1138 945 1179 dissolventisque
961 1137 1114 1178 impetum
1130 1136 1312 1178 aequalitate
1330 1135 1445 1166 amissa
1462 1139 1568 1169 motus
1586 1132 1621 1163 fit
1635 1142 1707 1174 par-

236 1189 337 1231 ticeps
350 1202 357 1221 :
382 1191 562 1233 factumque
573 1191 655 1233 agile
666 1193 856 1233 mobileque,
869 1202 888 1222 a
902 1191 1041 1233 proximo
1054 1191 1126 1223 aere
1138 1191 1262 1232 pulsum
1276 1195 1505 1230 extensumque
1516 1197 1572 1230 per
1584 1191 1708 1222 terram,

238 1242 302 1274 duo
323 1246 466 1285 quaedam
489 1246 607 1287 patitur
620 1258 627 1275 :
653 1256 727 1277 nam
752 1250 784 1276 et
806 1246 952 1287 liquescit
977 1250 1008 1275 et
1027 1244 1060 1275 in
1088 1250 1200 1275 terram
1214 1244 1348 1276 decidit.
1372 1243 1507 1284 primum
1521 1241 1601 1273 illud
1617 1239 1710 1271 molis

238 1299 394 1339 purgatio,
410 1300 469 1330 hoc
489 1301 587 1332 fluxus
611 1300 859 1341 cognominatur.
894 1310 997 1329 rursus
1010 1299 1082 1339 igne
1096 1299 1170 1329 hinc
1185 1299 1341 1333 evolante,
1363 1297 1481 1339 quippe
1493 1307 1563 1328 cum
1575 1305 1640 1326 non
1654 1294 1711 1325 fiat

236 1352 269 1382 in
291 1362 426 1383 vacuum
447 1353 558 1389 exitus,
583 1353 658 1395 [59]
683 1354 840 1395 proximus
863 1352 919 1384 a‘er
938 1353 1048 1393 pulsus
1075 1352 1221 1382 mobilem
1237 1352 1339 1382 adliuc
1361 1351 1476 1382 molem
1498 1349 1658 1381 humidam
1674 1348 1707 1378 in

237 1405 320 1446 ignis
343 1405 433 1437 sedes
453 1407 596 1448 impellit,
615 1407 740 1448 ipsique
754 1407 854 1448 ipsam
867 1406 1058 1438 commiscet.
1082 1407 1184 1437 moles
1195 1406 1333 1446 denique
1344 1405 1518 1447 compulsa,
1529 1404 1707 1444 itemmque

240 1459 347 1491 lenem
356 1461 568 1502 aequalitatem
582 1462 709 1502 adepta,
720 1471 792 1492 cum
802 1461 883 1501 ignis
892 1460 1114 1501 inaequalitatis
1125 1459 1235 1490 artifex
1242 1459 1312 1501 jam
1326 1459 1449 1495 abierit,
1461 1459 1495 1490 in
1503 1458 1588 1489 idem
1600 1468 1708 1489 secum

243 1520 444 1546 coacervatur
458 1527 465 1545 :
498 1520 592 1557 atque
611 1515 693 1556 ignis
716 1515 895 1546 abscessum
910 1514 1171 1555 srigefacfionem,
1187 1514 1332 1554 copulam
1346 1524 1418 1544 vero
1432 1521 1708 1554 congressumque,

239 1568 305 1609 igni
315 1568 451 1600 abeunte
462 1569 590 1605 factum,
611 1569 910 1610 conglutinationem
924 1568 1123 1610 gelidamque
1136 1567 1324 1609 rigiditatem
1340 1577 1497 1599 vocamus.
1517 1577 1553 1598 ex
1571 1566 1620 1604 bis
1634 1576 1709 1597 vero

241 1632 320 1663 quas
340 1632 436 1664 aquas
448 1623 558 1654 fusiles
579 1623 817 1664 appellavimus,
834 1623 919 1664 quod
931 1633 969 1653 ex
983 1622 1172 1654 tenuissimis
1185 1621 1416 1663 lenissimisque
1429 1621 1465 1652 fit
1475 1620 1706 1657 densissimum,

242 1677 407 1713 uniforme,
426 1677 628 1719 splendidum
639 1678 827 1719 flavumque,
844 1677 1069 1718 pretiosissima
1083 1687 1130 1708 res
1143 1681 1201 1712 est,
1218 1687 1327 1707 ausum
1342 1676 1509 1707 florescens
1519 1686 1574 1717 per
1587 1680 1708 1717 petram

243 1737 439 1772 compactum
460 1737 519 1762 est.
543 1732 610 1762 auri
631 1737 735 1763 autem
748 1742 859 1768 ramus,
875 1737 1001 1773 propter
1013 1730 1200 1762 densitatem
1214 1730 1397 1761 durissimus
1412 1735 1445 1761 et
1455 1730 1545 1771 nigro
1557 1735 1711 1772 praeterea

244 1776 349 1815 colore
361 1786 509 1821 suffusus,
527 1785 653 1816 adamas
664 1785 852 1827 appellatur.
877 1786 932 1816 sed
946 1786 1029 1827 quod
1048 1795 1123 1816 auro
1136 1785 1291 1826 proximas
1304 1784 1400 1815 habet
1412 1789 1527 1825 partes,
1541 1783 1710 1826 pluresque

244 1850 306 1870 una
318 1840 440 1881 species
451 1840 605 1880 continet,
622 1850 696 1871 auro
715 1851 839 1882 quoque
855 1840 994 1876 densius,
1011 1845 1043 1870 et
1055 1845 1185 1870 terrenae
1201 1839 1298 1880 partis
1309 1848 1419 1880 paucae
1435 1838 1599 1880 tenuisque
1611 1838 1709 1880 parti·

244 1903 331 1935 ceps,
353 1894 433 1925 adeo
449 1899 485 1925 ut
497 1895 633 1936 asperius
651 1894 819 1935 duriusque
832 1894 883 1934 sit,
896 1905 1001 1925 verum
1014 1904 1052 1924 ex
1066 1904 1118 1930 eo,
1139 1893 1225 1935 quod
1240 1893 1403 1924 intervalla
1415 1893 1602 1924 intrinsecus
1614 1893 1710 1924 habet

242 1957 368 1989 magna,
383 1948 482 1980 levius
495 1956 552 1985 est,
566 1950 626 1980 lroc
638 1960 736 1990 genus
749 1949 918 1980 nitentium
933 1954 1208 1989 concretarumque
1223 1958 1369 1989 aquarum
1383 1952 1544 1983 unumest,
1559 1951 1654 1988 atque
1667 1957 1710 1978 aes

241 2002 431 2035 nominatur.
453 2008 486 2034 at
497 2004 624 2044 quando
642 2009 762 2034 terrena
782 2014 854 2045 pars
870 2004 943 2034 huic
961 2003 1102 2034 immixta
1114 2007 1241 2044 propter
1256 2006 1441 2032 vetustatem
1454 2012 1472 2032 a
1487 2001 1598 2032 ceteris
1611 1999 1709 2043 parti-

243 2054 301 2085 bus
314 2056 381 2097 ejus
402 2057 584 2093 secernitur,
608 2058 647 2088 ad
674 2063 908 2099 extremamque
924 2058 1035 2089 emissa
1051 2057 1250 2098 superficiem
1264 2067 1319 2098 per
1331 2066 1364 2087 se
1379 2056 1448 2097 ipsa
1457 2055 1598 2097 aspectui
1609 2061 1710 2096 patet,

241 2109 351 2150 rubigo
373 2110 442 2151 jam
465 2111 613 2143 nascitur.
637 2116 742 2142 cetera
767 2112 889 2152 generis
903 2111 1047 2153 ejusdem
1060 2111 1276 2142 verisimilibus
1289 2109 1460 2141 rationibus
1471 2109 1594 2150 assequi
1607 2109 1709 2144 haud-

243 2173 398 2204 quaquam
409 2165 595 2195 laboriosum
611 2170 669 2196 est.
679 2165 763 2206 quod
779 2166 805 2196 si
820 2166 890 2207 quis
903 2165 1083 2196 remittendi
1094 2165 1187 2196 studii
1204 2165 1314 2205 gratia,
1327 2163 1496 2194 rationibus
1509 2173 1708 2204 eorum,quae

244 2227 366 2259 semper
389 2223 471 2254 sunt,
496 2218 690 2255 intermissis,
729 2220 974 2251 consideraverit
998 2219 1183 2250 verisimiles
1207 2219 1247 2249 de
1273 2217 1475 2259 generatione
1499 2217 1709 2258 probationes,

244 2278 339 2314 atque
363 2272 519 2313 ejusmodi
542 2274 792 2304 consideratione
814 2274 881 2304 sine
902 2273 1095 2314 poenitentiae
1112 2272 1289 2303 accessione
1306 2271 1489 2308 delectetur,
1512 2272 1707 2303 moderatum

242 2326 276 2356 in
301 2327 364 2357 vita
383 2327 630 2369 prudentemque
643 2327 749 2358 ludum
764 2333 984 2369 consequetur.
1016 2327 1065 2357 his
1078 2327 1184 2368 utique
1202 2337 1284 2357 nunc
1296 2326 1340 2356 ita
1356 2325 1522 2362 concessis,
1543 2324 1708 2367 deinceps,

244 2391 314 2421 quae
328 2380 366 2412 de
379 2381 495 2412 eisdem
507 2381 680 2423 probabilia
691 2381 886 2416 videbuntur,
903 2382 946 2412 ita
955 2380 1162 2422 percurrenda
1176 2380 1332 2412 videntur.
1377 2379 1450 2422 Igni
1464 2390 1549 2422 saepe
1558 2380 1708 2412 miscetur

246 2444 336 2476 aquae
352 2445 422 2476 pars
436 2436 539 2466 tenuis
557 2443 650 2477 atque
667 2435 795 2467 humida
807 2435 979 2477 fluidaque,
1007 2435 1051 2466 sic
1065 2435 1136 2467 ideo
1151 2436 1321 2471 nominata,
1334 2434 1408 2476 quia
1421 2434 1539 2466 lubrica
1554 2439 1636 2466 terra
1646 2434 1708 2466 cir-

243 2489 387 2520 cumfluit
403 2501 409 2519 :
436 2489 535 2521 mollis
559 2500 683 2532 quoque
709 2489 750 2520 ob
765 2500 832 2520 eam
844 2499 982 2527 causam,
1010 2490 1084 2531 quia
1112 2489 1180 2531 ejus
1193 2490 1282 2520 bases
1294 2490 1396 2520 minus
1412 2488 1506 2519 firmae
1518 2487 1706 2529 stabilesque

244 2553 336 2584 quam
351 2552 449 2584 terrm,
458 2544 551 2576 facile
560 2545 677 2576 cedunt
689 2550 781 2586 atque
794 2544 950 2576 labuntur.
966 2544 1034 2574 haec
1047 2545 1172 2585 quando
1182 2543 1220 2575 ab
1231 2543 1296 2585 igni
1311 2542 1472 2579 destituta,
1486 2542 1526 2573 ab
1540 2541 1612 2574 aere
1623 2552 1705 2583 quo-

244 2608 306 2637 que
319 2599 480 2634 deseritur,
495 2599 529 2629 fit
542 2599 652 2634 lenior,
664 2604 697 2629 et
709 2599 820 2629 alienis
831 2598 984 2639 expressis
999 2598 1121 2639 cogitur
1132 2598 1166 2628 in
1181 2608 1212 2629 se
1227 2598 1348 2639 ipsam:
1365 2602 1460 2638 atque
1473 2596 1515 2627 ita
1525 2601 1705 2638 compacta,

243 2652 269 2682 si
283 2662 374 2693 supra
388 2658 498 2683 terram
512 2652 544 2683 id
559 2653 734 2694 contigerit,
749 2653 867 2694 grando
879 2653 915 2682 fit
929 2663 938 2691 ;
962 2653 989 2683 si
1004 2653 1035 2682 in
1048 2658 1140 2688 terra,
1155 2652 1282 2694 glacies.
1304 2661 1375 2693 quae
1386 2649 1511 2692 quidem
1525 2655 1600 2681 tunc
1612 2650 1707 2690 fiunt,

244 2716 317 2737 cum
343 2706 420 2747 riget
437 2707 680 2749 cohaereat-itque
700 2708 832 2738 maxime
845 2707 916 2748 gelu
929 2718 935 2736 ε
962 2717 1030 2737 cum
1046 2717 1116 2737 vero
1131 2707 1230 2737 minus
1245 2705 1439 2746 congelatur,
1451 2704 1476 2735 si
1487 2714 1582 2745 supra
1593 2709 1704 2736 terram

243 2759 369 2797 accidit,
393 2761 454 2797 nix,
476 2761 522 2791 sin
536 2761 565 2791 in
580 2767 659 2792 terra
672 2772 708 2793 ex
726 2772 794 2793 rore
807 2760 933 2792 crassior
948 2760 1041 2797 facta,
1057 2761 1176 2802 pruina.
1190 2770 1295 2791 verum
1317 2759 1444 2800 quando
1457 2758 1598 2800 plurimae
1610 2768 1702 2800 aquae

242 2815 363 2855 species
375 2814 506 2846 invicem
514 2816 763 2852 commiscentur,
771 2815 948 2847 universum
960 2815 1038 2846 illud
1047 2825 1157 2856 genus,
1167 2820 1271 2845 aterra
1283 2823 1338 2855 per
1347 2812 1456 2844 abares
1463 2812 1594 2853 stillans,
1602 2812 1705 2853 liquor

241 2869 412 2910 humorque
437 2875 574 2900 vocatur.
599 2869 674 2912 [00]
704 2871 838 2911 liquores
859 2880 930 2900 vero
958 2870 1085 2910 singuli,
1098 2874 1226 2910 propter
1241 2867 1407 2898 mixtiones
1417 2865 1705 2899 dissimilitudinem

241 2924 336 2959 nacti,
350 2924 447 2954 multa
459 2924 585 2965 quidem
599 2925 661 2955 aliu
674 2925 739 2955 sine
752 2924 877 2955 nomine
888 2924 1007 2955 faciunt
1021 2933 1148 2965 genera.
1172 2921 1228 2954 sed
1241 2927 1374 2963 quatuor
1385 2921 1485 2962 igneae
1502 2920 1624 2962 species
1635 2919 1703 2950 evi-
