1840 3225
142 178 212 227 40]
750 178 984 216 TIMAEUS.
1525 182 1599 218 247

142 292 193 312 rus
214 281 421 322 distinguatur
440 287 533 323 atque
555 281 742 312 observetur.
772 291 843 311 cum
861 291 934 311 vero
952 282 1114 312 stellarum
1134 282 1311 323 hujusmodi
1332 293 1459 323 corpora
1478 290 1599 324 septem

140 335 267 366 fecisset
280 335 379 372 Deus,
392 341 514 376 septem
526 334 660 373 orbibus,
672 335 725 375 qui
737 335 866 365 alterius
879 335 976 376 ipsius
989 335 1181 377 diversaeque
1197 343 1315 368 naturae
1332 337 1459 368 circuitu
1469 338 1538 367 volv
1544 348 1600 368 un-

140 395 200 425 tur,
237 389 389 421 adhibuit,
421 390 527 420 lunam
552 389 584 420 in
605 389 704 429 primo
724 399 817 430 supra
838 394 950 419 terram
971 390 1100 421 circuitu
1122 392 1240 431 posuit:
1276 392 1308 421 in
1330 391 1468 422 secundo
1493 392 1602 422 solem:

141 443 278 474 Luciferi
291 443 405 475 deinde
421 444 546 484 globum
558 448 591 473 et
606 443 757 473 Mercurii
773 453 904 479 sacrum,
918 450 953 474 ut
965 444 1090 481 dicitur,
1108 446 1212 476 orbem
1227 445 1353 476 circulis
1369 446 1464 476 affixit
1478 447 1536 476 soli
1548 457 1601 476 ve-

141 498 267 528 locitate
283 498 463 539 aequalibus,
480 497 620 538 potentia
632 507 705 527 vero
719 497 765 526 illi
781 498 953 527 contrariis.
984 509 1045 539 quo
1061 499 1104 533 sir,
1119 505 1153 529 ut
1167 500 1407 541 apprehendant
1421 511 1453 530 se
1467 500 1602 530 invicem

143 557 176 581 et
203 561 222 582 a
241 562 274 582 se
298 552 434 582 vicissim
461 550 736 592 apprehendantur
759 551 901 582 similiter
935 553 982 582 hae
1001 554 1112 589 stellae,
1132 554 1197 589 Sol,
1218 554 1344 584 Lucifer
1364 560 1397 584 et
1418 555 1606 585 Mercurius·

140 612 309 637 ceterarum
321 606 483 636 stellarum
489 605 615 636 ordines
627 616 870 647 progressusque
886 611 918 636 ct
928 607 1065 637 rationes
1077 608 1180 649 siquis
1190 609 1316 638 omnino
1323 619 1501 649 percurrere
1511 609 1601 646 velit,

143 661 214 701 plus
224 661 283 690 erit
291 669 383 701 opere
394 659 474 700 ipso,
483 659 566 700 quod
579 660 681 700 operis
695 660 795 701 gratia
806 665 954 691 sumetur.
977 661 1043 692 haec
1057 662 1140 692 enim
1154 662 1233 692 sorte
1246 662 1362 693 anobis
1374 673 1430 702 pro
1451 662 1603 703 dignitate

145 715 191 745 rei
204 715 291 750 alias,
308 714 335 744 si
346 713 468 744 dabitur
483 714 592 750 otium,
607 714 833 746 tractabuntur.
853 721 1019 756 postquam
1031 726 1105 746 vero
1118 716 1250 757 singula,
1267 727 1336 758 quae
1347 716 1387 747 ad
1401 717 1512 747 seriem
1523 722 1602 748 tem-

142 768 225 809 poris
244 768 452 809 pertinebant,
472 769 710 799 convenientem
733 769 792 799 sibi
813 780 1009 811 progressum
1034 771 1143 800 sortita
1161 777 1244 807 sunt,
1264 780 1455 812 corporaque
1471 771 1604 802 nexibus

143 827 305 863 compacta
319 822 467 853 vitalibus
481 823 630 853 animalia
645 829 820 858 evaserunt,
835 824 1050 865 praescriptum
1065 830 1203 855 tenorem
1222 830 1255 855 et
1269 825 1448 855 institutum
1463 825 1602 856 ordinem

142 881 308 906 tenuerunt
320 888 326 906 :
353 876 428 918 [39]
453 882 487 907 ut
499 876 648 907 videlicet
662 877 835 908 secundum
848 879 977 908 alterius
990 878 1183 920 diversaeque
1192 885 1310 910 naturae
1325 879 1484 921 obliquam
1505 880 1603 920 agita-

140 931 258 961 tionem
273 930 417 971 ejusdem
429 931 527 971 ipsius
543 931 706 971 agitationi
719 931 904 972 subjectam,
918 933 1009 963 orbes
1021 933 1068 963 illi
1083 934 1196 974 partim
1206 934 1398 974 ampliorem,
1421 934 1532 974 partim
1547 943 1601 964 an-

141 985 307 1025 gustiorem
330 985 477 1015 circulum
498 990 665 1026 peragant:
698 992 731 1016 et
757 997 825 1027 quae
846 987 1006 1022 minorem,
1031 988 1180 1023 velocius,
1210 998 1279 1029 quae
1301 988 1462 1030 majorem,
1485 987 1603 1019 tardius

141 1040 347 1070 revolvantur.
374 1038 548 1070 secundum
564 1050 636 1070 vero
651 1040 752 1080 ipsam
766 1039 907 1080 ejusdem
923 1046 1042 1071 naturae
1058 1042 1217 1078 lationem,
1233 1053 1301 1083 quae
1319 1043 1512 1073 velocissime
1532 1052 1603 1083 per-

143 1099 277 1129 currunt,
287 1093 586 1134 comprehendentia
598 1104 617 1123 a
625 1093 809 1124 tardioribus
819 1095 1042 1135 comprehendi
1053 1094 1206 1126 videntur.
1229 1107 1337 1126 omnes
1349 1096 1477 1138 quidem
1498 1107 1603 1127 eorum

144 1148 275 1178 circulos
296 1158 428 1189 superna
443 1148 499 1178 illa
514 1148 633 1188 vertigo
646 1148 731 1178 varia
743 1149 925 1179 circuitione
938 1150 1112 1185 revolvens,
1132 1158 1296 1191 propterea
1314 1150 1398 1191 quod
1413 1151 1466 1180 isti
1483 1150 1605 1181 duobus

142 1202 233 1232 simul
244 1202 404 1233 contrariis
418 1201 550 1232 motibus
562 1201 728 1242 agitantur,
745 1201 788 1238 id,
807 1202 891 1243 quod
905 1202 1078 1234 tardissime
1096 1204 1134 1234 ab
1147 1204 1228 1245 ipsa,
1243 1215 1312 1246 quae
1332 1205 1530 1235 velocissima
1544 1211 1603 1238 est,

140 1255 271 1291 recedit,
281 1256 453 1297 proximum
463 1255 644 1286 declaravit.
659 1260 692 1286 ut
701 1261 804 1286 autem
817 1262 900 1286 esset
908 1257 1051 1297 quaedam
1064 1259 1241 1289 velocitatis
1251 1259 1374 1290 illorum
1386 1259 1603 1301 tarditatisque

142 1319 286 1341 mensura
297 1310 479 1345 certissima,
500 1310 702 1350 omniumque
721 1315 792 1340 octo
807 1318 948 1341 motuum
959 1311 1124 1352 perspicua
1137 1318 1222 1342 esset
1237 1314 1364 1344 chorea:
1399 1314 1545 1344 accendit
1556 1315 1602 1344 lu—

141 1374 211 1394 cem
224 1363 427 1394 clarissimam
439 1363 529 1394 Deus
543 1364 576 1393 in
586 1364 725 1395 secundo
739 1375 758 1394 a
771 1371 854 1394 terra
866 1365 995 1400 circulo,
1012 1375 1104 1405 quam
1118 1365 1209 1396 modo
1223 1367 1327 1396 Solem
1341 1378 1498 1403 vocamus,
1515 1368 1605 1409 cujus

141 1417 308 1459 splendore
324 1418 435 1449 coelum
448 1428 540 1448 omne
552 1418 768 1453 illustraretur,
782 1423 815 1448 et
827 1418 1003 1449 animantes
1025 1429 1144 1454 omnes,
1157 1430 1354 1461 quaecunque
1367 1426 1480 1451 natura
1493 1432 1604 1452 nume-

139 1473 164 1503 ri
177 1482 310 1513 capaces
325 1477 408 1508 sunt,
422 1472 520 1513 ipsius
533 1472 704 1512 participes
715 1472 922 1507 efficerentur,
937 1483 1025 1502 usum
1038 1473 1223 1503 numerandi
1234 1473 1392 1505 discentes
1404 1475 1442 1505 ab
1454 1475 1510 1506 illo
1519 1475 1604 1517 ejus-

141 1526 210 1558 dem
223 1526 394 1568 similisque
405 1531 525 1556 naturae
539 1526 679 1556 circuitu.
701 1526 774 1556 hinc
787 1536 909 1567 quoque
923 1527 1026 1557 noctis
1037 1526 1164 1568 dieique
1173 1528 1308 1558 varietas
1317 1534 1385 1559 orta
1396 1534 1454 1560 est.
1476 1536 1604 1572 propter

141 1582 209 1612 haec
222 1581 314 1611 etiam
326 1581 417 1611 unius
428 1580 714 1621 sapientissimique
731 1579 879 1611 circuitus
892 1581 1056 1611 revolutio.
1080 1582 1197 1612 mensis
1207 1593 1280 1613 vero
1289 1589 1468 1624 proventus,
1477 1584 1603 1626 quando

142 1636 216 1666 luna
231 1636 360 1666 lustrato
375 1634 490 1666 circulo
502 1644 559 1664 suo
571 1635 667 1664 solem
691 1639 859 1665 consecuta
871 1640 930 1670 est,
965 1635 1050 1670 anni,
1067 1635 1120 1666 ubi
1135 1637 1181 1666 sol
1198 1647 1284 1667 suum
1301 1639 1477 1678 peragravit
1489 1639 1604 1670 orbern.

142 1695 312 1720 ceterorum
324 1693 428 1719 autern
445 1687 581 1718 siderum
594 1688 726 1718 ambitus
740 1688 919 1728 ignorantes
930 1689 1083 1725 homines,
1097 1695 1210 1731 praeter
1221 1690 1389 1721 admodum
1408 1702 1535 1733 paucos,
1546 1703 1603 1724 ne-

143 1754 204 1784 que
223 1743 348 1774 nomine
363 1749 448 1773 certo
463 1742 536 1772 illos
551 1742 728 1783 appellant,
746 1753 848 1784 neque
860 1743 998 1773 numeris
1015 1744 1098 1774 inter
1121 1755 1154 1774 se
1176 1744 1333 1776 distinctis
1351 1747 1601 1781 commetiuntur.

141 1797 257 1839 itaque,
272 1802 306 1828 ut
319 1797 364 1828 ita
377 1796 518 1833 dixerim,
531 1796 677 1827 nesciunt
688 1797 795 1827 horum
808 1797 1050 1838 pervagationes
1065 1798 1098 1828 id
1110 1799 1212 1839 ipsum
1226 1810 1306 1835 esse,
1320 1800 1404 1840 quod
1417 1801 1475 1832 rite
1488 1801 1604 1843 ‚dicitur

140 1857 275 1893 tempus,
288 1850 486 1882 multitudine
494 1850 617 1881 infinita
628 1856 661 1881 et
672 1851 822 1881 varietate
833 1851 968 1882 mirabili
976 1852 1134 1893 praeditas.
1150 1859 1199 1884 est
1209 1859 1315 1884 tamen
1323 1854 1486 1886 intellectu
1495 1855 1601 1889 facile,

141 1906 227 1948 quod
239 1907 395 1948 perfectus
403 1915 550 1936 numerus
560 1905 709 1946 temporis
722 1905 894 1947 perfectum
906 1911 980 1936 tunc
995 1906 1119 1937 demum
1133 1909 1290 1948 compleat
1304 1918 1429 1945 annum,
1443 1920 1511 1939 curn
1529 1915 1600 1941 octo

143 1961 286 1996 ambitum
302 1960 452 1991 confectis
467 1960 531 1990 suis
543 1959 692 1994 cursibus,
706 1970 784 2000 quos
799 1960 881 1990 orbis
895 1960 950 1990 ille
964 1971 1090 2002 semper
1102 1960 1188 1991 idem
1204 1962 1408 2004 similiterque
1425 1963 1600 2003 procedens

144 2015 279 2050 metitur.
291 2013 333 2044 ad
340 2013 426 2044 idern
437 2024 470 2044 se
481 2018 576 2054 caput
582 2013 757 2044 retulerint.
780 2014 836 2044 lias
845 2014 883 2045 ob
897 2025 1006 2045 causas
1017 2021 1093 2044 nata
1103 2024 1177 2045 sunt
1186 2026 1224 2046 ea
1232 2021 1325 2052 aetra,
1335 2027 1404 2058 quae
1417 2027 1474 2058 per
1484 2019 1598 2049 coelum

139 2069 279 2099 meantia
291 2068 508 2099 conversiones
520 2067 647 2103 habent,
661 2073 696 2097 ut
708 2068 766 2098 hoc
778 2078 870 2099 omne
884 2069 1011 2104 animal,
1025 2068 1108 2110 quod
1118 2069 1268 2105 videmus,
1277 2075 1361 2100 esset
1371 2071 1597 2112 perfectissimo

143 2123 271 2153 animali
288 2123 346 2158 illi,
367 2121 451 2163 quod
469 2126 572 2152 mente
594 2122 789 2162 perspicitur.
807 2122 976 2152 harmoniae
995 2122 1169 2153 imitatione
1187 2124 1388 2156 simillimum.
1431 2125 1502 2157 Jam
1523 2136 1598 2157 vero

142 2182 247 2208 cetera
257 2187 355 2218 usque
373 2175 413 2206 ad
431 2176 580 2216 temporis
602 2182 700 2206 ortum
722 2175 763 2206 ad
781 2175 949 2216 imaginem
970 2177 1121 2218 propositi
1139 2178 1327 2218 exemplaris
1343 2179 1515 2211 effinxerat.
1543 2180 1600 2211 sed

140 2231 215 2272 quia
227 2230 360 2261 mundus
371 2230 422 2260 hic
433 2229 570 2261 nondum
584 2230 732 2260 animalia
740 2230 845 2260 omnia
853 2230 935 2261 intra
944 2241 1033 2261 suum
1047 2231 1194 2262 ambitum
1204 2232 1394 2269 continebat,
1407 2244 1444 2264 ex
1458 2245 1496 2265 ea
1509 2241 1597 2276 parte

142 2284 308 2316 deficiebat
319 2284 360 2315 ad
373 2284 453 2314 illud
465 2283 624 2324 exemplar
636 2283 782 2324 imaginis
799 2283 893 2325 hujus
906 2284 1088 2316 similitudo.
1119 2286 1178 2317 hoc
1192 2286 1296 2327 igitur,
1310 2287 1394 2328 quod
1409 2287 1526 2324 deerat,
1547 2300 1597 2320 su-

144 2339 233 2380 perni
246 2339 332 2370 illius
344 2339 488 2379 exemplo
501 2337 592 2368 Deus
601 2338 757 2379 explebat.
780 2344 856 2380 quot
866 2339 963 2380 igitur
975 2344 1009 2370 et
1021 2340 1131 2380 quales
1143 2351 1231 2370 mens
1241 2340 1329 2372 ideas
1340 2341 1373 2371 in
1388 2352 1436 2377 eo,
1450 2342 1533 2383 quod
1550 2348 1599 2374 est

143 2393 268 2428 animal,
288 2393 431 2433 inspicit:
455 2391 585 2422 totidem
605 2397 638 2422 et
658 2392 739 2422 tales
753 2393 812 2423 hoc
834 2392 948 2423 mundo
967 2394 1119 2424 contineri
1141 2400 1283 2435 oportere
1303 2396 1502 2435 excogitavit.
1523 2403 1596 2427 sunt

142 2453 246 2477 autem
269 2451 409 2487 quatuor.
431 2455 494 2476 una
513 2445 639 2487 quidem
663 2446 803 2477 Deorum
827 2447 998 2478 coelestium
1024 2458 1122 2488 genus
1145 2449 1296 2483 continet,
1322 2449 1397 2490 [40]
1426 2449 1487 2480 alia
1509 2451 1594 2481 vola-

143 2501 198 2532 tile
211 2508 245 2531 et
269 2500 458 2541 a'e'rivagum,
473 2500 566 2530 tertia
583 2509 672 2541 aquae
695 2500 866 2541 liquoribus
887 2501 1166 2537 accommodatum,
1190 2509 1300 2543 quarta
1317 2508 1507 2534 terrenorum
1529 2505 1596 2536 ani—

142 2555 291 2586 mantium
308 2564 416 2595 genus,
437 2553 535 2584 divini
555 2553 679 2595 quidem
707 2555 851 2586 animalis
872 2557 1010 2598 speciem
1030 2567 1068 2586 ex
1099 2556 1164 2597 igni
1184 2556 1319 2586 maxima
1338 2567 1377 2587 ex
1397 2563 1485 2599 parte
1511 2569 1596 2590 com·

142 2609 289 2651 ponebat,
304 2613 339 2639 ut
364 2607 648 2649 splendidissimum
671 2613 755 2639 esset
775 2609 906 2651 visuque
933 2611 1185 2651 pulcherrimum.
1209 2621 1341 2653 cumque
1366 2611 1446 2642 illud
1461 2613 1598 2644 universi

143 2663 250 2704 figurae
273 2663 375 2693 simile
400 2662 495 2692 vellet
517 2661 592 2698 sore,
616 2661 784 2693 rotundum
806 2663 897 2704 fecit3
914 2665 1078 2705 posuitque
1108 2665 1140 2694 in
1168 2664 1270 2706 ipsius
1293 2665 1403 2706 optimi
1429 2668 1594 2708 sapientia,

143 2723 237 2758 atque
263 2716 344 2748 illud
370 2716 457 2757 sequi
481 2716 595 2758 jussit3
627 2716 805 2757 circumque
832 2728 924 2749 omne
958 2719 1069 2749 coelum
1103 2717 1268 2754 distribuit,
1297 2723 1332 2749 ut
1351 2730 1443 2750 verus
1465 2721 1512 2751 illi
1527 2722 1595 2752 ubi-

143 2781 203 2811 que
222 2781 263 2801 ex
289 2772 346 2801 hac
361 2771 511 2802 varietate
531 2776 657 2800 ornatus
678 2770 853 2802 accederet.
887 2772 975 2803 dedit
996 2778 1102 2802 autem
1123 2771 1238 2803 divinis
1253 2772 1315 2804 duo
1336 2783 1452 2814 genera
1471 2781 1593 2806 motus:

144 2824 284 2861 alterum,
299 2835 360 2866 quo
375 2825 408 2855 in
425 2824 537 2856 eodem
550 2834 673 2865 semper
688 2830 721 2855 et
739 2825 881 2856 similiter
899 2827 1106 2861 volverentur,
1125 2836 1196 2857 cum
1212 2826 1251 2858 de
1268 2827 1388 2858 eisdem
1408 2838 1532 2869 semper
1546 2840 1602 2859 se,->

144 2888 214 2910 cum
229 2879 304 2919 ipsis
321 2879 432 2911 eadem
448 2879 602 2921 cogitent:
623 2879 765 2916 alterum,
778 2889 839 2921 quo
853 2881 885 2911 iu
902 2880 1088 2912 anteriorem
1104 2886 1223 2921 partem
1239 2881 1277 2911 ab
1290 2881 1429 2923 ejusdem
1442 2882 1539 2922 ipsius
1554 2883 1594 2914 si-
