1840 3225
178 230 276 280 527]
610 228 681 266 DE
711 225 1018 265 REPUBLICA
1047 226 1146 266 LIB.
1177 228 1266 266 Vll.
1574 229 1645 265 187

173 330 334 372 cinerique
351 341 412 361 non
430 334 586 372 poterunt.
631 328 746 361 Gau.
772 329 830 360 Est
843 329 899 360 ita.
944 328 1004 362 So.
1027 330 1144 361 Custos
1158 335 1261 361 autem
1281 334 1385 360 noster
1399 334 1432 361 et
1448 328 1534 360 miles
1549 334 1597 360 est
1614 335 1646 360 et

173 385 393 428 philosophus.
438 384 551 416 GLAu.
576 383 713 424 Nempe.
758 383 815 414 So.
839 383 1040 414 conveniens
1066 384 1175 426 utique
1202 383 1359 415 institutio
1384 383 1484 420 erit,o
1501 382 1644 414 Glauco·

173 439 358 481 persuadere
373 439 446 475 illis,
460 439 514 480 qui
529 437 664 470 civitatis
681 437 858 468 muneribus
883 437 1020 468 functuri
1044 443 1128 475 sunt,
1154 443 1189 469 ut
1205 449 1237 469 se
1261 438 1300 468 ad
1317 436 1522 479 computandi
1537 436 1637 468 scien-

173 493 246 524 tiam
261 493 445 525 conferant:
470 502 571 533 neque
588 491 679 522 rudes
694 491 797 522 adhuc
819 491 896 522 inde
922 491 1102 528 discedant,
1126 493 1179 523 sed
1198 497 1438 534 persequantur,
1454 490 1559 532 quoad
1577 490 1645 530 ipsa

171 552 276 579 mente
291 547 331 578 ad
347 556 541 577 numerorum
556 550 695 576 naturam
712 545 989 587 contemplandam
1015 546 1221 587 perveniant:
1246 556 1309 577 non
1327 545 1484 575 vendendi
1503 545 1644 575 emendi·

170 611 234 643 que
263 600 373 642 gratia,
397 604 544 641 tanquam
572 604 754 631 mercatores
781 600 830 630 vel
857 610 1038 641 caupones,
1063 600 1118 631 sed
1143 605 1178 631 ut
1201 600 1242 630 ad
1272 599 1385 630 bellurn
1409 598 1550 629 instructi
1566 598 1640 638 sint,

167 651 324 695 facileque
349 653 485 684 animum
511 663 530 684 a
556 652 757 694 generatione
782 653 820 684 ad
851 653 1010 684 veritatem
1034 654 1263 695 essentiamque
1287 658 1480 685 convertant.
1525 651 1643 683 Gom.

170 707 322 739 Praeclare
347 706 492 749 loqueris.
537 707 594 738 So.
617 706 719 749 Atqui
745 708 792 738 his
816 708 859 738 ita
884 708 925 739 de
952 707 1160 740 ratiocinandi
1185 708 1354 750 disciplina
1371 706 1476 744 dictis,
1493 706 1638 748 equidem

170 772 290 793 mecum
307 761 374 802 ipse
396 761 512 801 cogito,
536 771 629 802 quam
645 772 841 792 numerorum
857 762 996 803 cognitio
1015 763 1129 794 decora
1143 763 1184 793 sit
1199 761 1345 804 utilisque
1361 761 1451 792 nobis
1468 759 1580 802 passim
1599 760 1639 789 ad

166 816 212 853 id,
223 816 308 858 quod
324 815 478 851 volumus,
494 815 519 845 si
535 815 605 856 quis
615 826 683 846 eam
698 817 922 857 cognoscendi,
939 827 1003 847 non
1019 817 1219 859 cauponandi
1235 817 1333 858 gratia
1345 815 1496 857 sequitur.
1521 813 1639 844 GLAU.

168 870 240 907 Qua
249 869 390 900 ratione?
414 870 466 902 So.
482 869 554 901 Hoc
567 870 925 912 ipsum,ir:quam,quod
940 871 1032 901 modo
1045 871 1196 902 diximus:
1215 871 1299 912 quod
1312 869 1460 901 videlicet
1472 869 1639 899 vehemen-

166 929 211 955 ter
224 923 365 954 sublevat
377 924 526 961 animum,
541 924 643 966 deque
656 924 734 966 ipsis
747 926 881 956 numeris
892 925 1042 956 disserere
1056 926 1152 967 cogit,
1164 926 1250 956 nullo
1261 925 1355 955 modo
1367 923 1594 958 admittentem,
1615 920 1641 951 si

164 978 234 1020 quis
247 978 436 1019 disputando
452 989 506 1019 pro
518 979 651 1009 numeris
663 989 803 1019 corpora,
813 989 884 1020 quae
895 984 926 1009 et
939 979 1084 1010 videntur
1097 985 1128 1010 et
1141 983 1355 1014 attrectantur,
1368 975 1537 1008 induxerit.
1551 974 1634 1005 nosti

163 1031 259 1067 enim,
273 1032 536 1073 quemadmodum
553 1032 607 1074 qui
622 1032 654 1063 in
679 1032 727 1062 his
755 1033 845 1074 periti
869 1038 954 1071 sunt,
979 1034 1126 1075 quotiens
1151 1033 1262 1074 aliquis
1283 1033 1385 1073 ipsum
1413 1041 1507 1060 unum
1536 1029 1636 1060 verbis

140 1112 144 1115 .
165 1085 271 1126 partiri
286 1085 407 1122 nititur,
427 1086 588 1116 subrident
605 1087 758 1127 protinus,
776 1097 879 1128 neque
896 1088 956 1118 hoc
980 1087 1124 1120 tolerant.
1149 1098 1253 1118 verum
1270 1086 1295 1116 si
1312 1091 1345 1116 tu
1362 1095 1460 1122 secas,
1475 1083 1538 1124 ipsi
1555 1083 1635 1113 mul-

163 1138 321 1180 tiplicant,
345 1145 502 1175 caventes,
530 1150 569 1171 ne
597 1141 723 1181 quando
748 1141 850 1182 ipsum
877 1151 974 1171 unum
1001 1152 1064 1172 non
1088 1152 1183 1172 unum
1207 1145 1368 1181 appareat,
1391 1139 1446 1169 sed
1471 1137 1631 1179 particulae

163 1193 314 1233 pluriinae.
360 1192 473 1224 GLAU.
498 1194 582 1224 Vera
598 1194 742 1235 loqueris.
788 1194 844 1226 So.
879 1195 913 1225 Si
928 1195 1001 1236 quis
1017 1206 1071 1226 eos
1096 1195 1193 1237 [526]
1218 1195 1262 1225 ita
1279 1198 1488 1235 percontetur,
1505 1191 1534 1222 Ο
1550 1191 1632 1221 miri-

164 1246 217 1277 fici
247 1247 314 1283 viri,
331 1247 371 1278 de
395 1247 507 1288 quibus
523 1248 656 1279 numeris
673 1249 851 1289 disputatis,
865 1250 978 1289 quibus
996 1260 1091 1279 unum
1115 1249 1177 1279 tale
1203 1249 1295 1284 inest,
1314 1247 1405 1288 quale
1427 1256 1481 1276 vos
1502 1244 1635 1281 traditis,

160 1301 281 1341 aequale
295 1300 415 1332 scilicet
431 1302 688 1343 unumquodque,
704 1313 796 1333 omne
811 1303 936 1344 penitus
955 1304 1051 1339 omni,
1065 1314 1166 1344 neque
1177 1302 1306 1332 minimo
1318 1301 1428 1340 quovis
1439 1299 1631 1340 discrepans,

159 1359 278 1395 partem
293 1360 398 1386 tamen
413 1354 529 1385 nullam
545 1355 711 1386 continens
725 1355 758 1385 in
775 1366 807 1386 se
824 1357 893 1397 ipso
907 1357 917 1387 ?
943 1356 1021 1398 quid
1048 1367 1102 1387 eos
1125 1356 1163 1386 ad
1181 1356 1258 1391 haec,
1275 1366 1293 1385 o
1319 1354 1455 1390 Glauco,
1471 1352 1630 1382 existimas

158 1408 381 1450 responsuros?
426 1408 541 1440 GLAu.
566 1408 653 1440 Reor
676 1410 822 1451 equidem
850 1420 1053 1451 responsuros
1079 1409 1150 1440 illos
1176 1409 1216 1439 de
1239 1408 1317 1450 ipsis
1331 1418 1363 1438 se
1379 1405 1515 1436 numeris
1530 1405 1629 1446 loqui,

158 1463 213 1503 qui
237 1462 407 1504 excogitari
431 1463 584 1494 duntaxat
609 1469 752 1505 possunt,
771 1464 861 1495 aliter
886 1470 990 1495 autem
1012 1463 1167 1495 attrectari
1183 1472 1391 1504 nequaquam.
1437 1460 1494 1490 So.
1519 1459 1629 1490 Cernis

156 1515 263 1557 igitur,
289 1527 309 1547 o
335 1517 446 1553 amice,
470 1518 552 1548 hanc
577 1528 682 1548 revera
709 1518 850 1558 peritiam
875 1517 968 1559 hujus
994 1518 1171 1559 disciplinae
1197 1517 1288 1547 nobis
1314 1515 1518 1547 necessariam
1535 1513 1630 1544 esse?

157 1570 425 1612 quandoquidem,
450 1577 486 1603 ut
505 1577 646 1613 apparet,
669 1572 806 1602 animum
822 1573 861 1603 ad
876 1573 936 1604 hoc
952 1572 1086 1613 inducit,
1103 1577 1139 1602 ut
1160 1571 1227 1612 ipsa
1244 1569 1452 1611 intelligentia
1468 1574 1570 1599 utatur
1586 1568 1626 1598 ad

156 1626 315 1656 veritatem
339 1626 440 1668 ipsam
463 1626 708 1668 percipiendam.
755 1627 871 1658 GLAU.
895 1628 1107 1659 Vehementer
1136 1627 1166 1657 id
1194 1626 1299 1657 efficit.
1347 1625 1401 1656 So.
1425 1623 1478 1654 An
1505 1629 1537 1654 et
1563 1623 1623 1653 hoc

155 1678 328 1720 advertisti,
354 1681 439 1721 quod
467 1681 607 1712 homines
632 1686 742 1712 natura
764 1682 952 1713 arithmetici
978 1682 1017 1712 ad
1045 1691 1154 1712 omnes
1176 1680 1345 1716 doctrinas,
1371 1678 1466 1708 utita
1481 1675 1623 1712 dixerim,

155 1733 239 1765 acuti
265 1734 433 1766 videntur?
457 1735 533 1776 quin
557 1735 651 1766 etiam
682 1736 706 1766 si
734 1736 788 1777 qui
814 1737 942 1777 ingenio
968 1736 1117 1767 tardiores
1144 1735 1217 1766 huic
1243 1745 1275 1765 se
1304 1733 1408 1763 studio
1425 1731 1581 1767 dederint,
1598 1730 1625 1760 si

155 1787 272 1817 nullam
300 1787 465 1819 utilitatem
492 1789 585 1820 aliam
612 1790 820 1831 susceperint,
848 1794 951 1821 tamen
977 1790 1037 1821 hoc
1059 1794 1278 1830 assequuntur,
1304 1793 1338 1817 ut
1353 1785 1506 1817 acutiores
1529 1795 1623 1826 quarn

153 1846 246 1872 antea
260 1842 332 1875 sint.
377 1842 494 1875 GLau.
517 1844 569 1874 Sic
585 1849 644 1876 est.
689 1845 746 1875 So.
769 1845 829 1875 Sed
847 1845 929 1875 enim
947 1844 1030 1874 haud
1044 1843 1137 1874 facile
1153 1843 1249 1873 multa
1262 1840 1407 1882 reperies,
1418 1844 1451 1869 ut
1466 1839 1621 1875 existimo,

153 1906 224 1938 quae
250 1896 360 1938 majori
386 1908 456 1928 cum
482 1898 665 1929 difficultate
695 1909 787 1940 quam
818 1899 877 1929 ista
904 1899 1074 1929 discantur.
1123 1897 1239 1928 GLAU.
1262 1894 1336 1926 Non
1368 1893 1520 1935 profecto.
1567 1892 1622 1924 So.

153 1950 288 1992 Propter
302 1962 422 1988 omnes,
437 1962 514 1993 quas
531 1953 728 1989 adduximus,
745 1953 879 1983 rationes
893 1953 1134 1993 haudquaquam
1159 1949 1348 1990 negligenda
1364 1948 1430 1977 haec
1446 1952 1539 1976 sunt:
1566 1946 1621 1976 sed

153 2005 186 2035 in
203 1998 251 2035 his‘
276 2006 433 2047 praecipue
457 2007 634 2043 erudiendi,
663 2007 715 2047 qui
733 2007 857 2047 optimis
873 2014 946 2037 sunt
967 2007 1096 2037 naturis.
1144 2004 1260 2036 Gm.
1282 2001 1448 2033 Assentior
1462 1999 1620 2041 equidem.

153 2059 207 2090 So.
229 2059 301 2090 Hoc
327 2060 431 2101 itaque
447 2061 537 2091 nobis
553 2061 596 2091 ita
621 2061 755 2102 positum
772 2062 834 2092 sit:
858 2063 1020 2103 posthoc,
1045 2060 1130 2102 quod
1156 2060 1229 2090 huic
1251 2055 1426 2099 proximum
1442 2059 1500 2090 est,
1516 2053 1619 2084 consi-

154 2114 309 2150 deremus,
324 2115 466 2155 nunquid
491 2115 581 2146 nobis
597 2116 766 2147 conducat.
813 2115 929 2146 GLAu.
954 2115 1041 2152 Quid
1065 2114 1173 2145 istud?
1198 2123 1272 2143 num
1290 2108 1502 2142 Geometriam
1518 2107 1619 2138 dicis?

152 2168 209 2200 So.
233 2168 324 2199 Hanc
341 2168 451 2210 ipsam.
499 2169 615 2201 Gun-
638 2170 803 2207 Quatenus
818 2170 900 2201 enim
927 2170 966 2200 ad
985 2169 1127 2200 bellicam
1151 2178 1215 2198 rem
1238 2165 1370 2200 confert,
1394 2168 1522 2194 eatenus
1536 2167 1619 2192 certe

151 2223 242 2253 nobis
258 2223 415 2255 convenit.
438 2234 508 2255 nam
524 2225 563 2255 ad
580 2230 678 2256 castra
694 2225 854 2266 ponenda,
869 2225 1027 2265 regionem
1042 2223 1272 2264 occupandam,
1287 2219 1480 2261 colligendas
1504 2223 1618 2248 turmas

151 2276 201 2307 vel
216 2277 311 2308 etiarn
327 2279 529 2319 spargendas,
545 2284 577 2310 et
592 2279 631 2309 ad
648 2285 751 2310 cetera
776 2278 1039 2314 machinamenta,
1063 2277 1176 2319 quibus
1191 2275 1272 2306 circa
1289 2274 1372 2305 acies
1389 2273 1437 2304 vel
1454 2272 1485 2302 in
1502 2271 1617 2303 obsidi-

151 2341 213 2361 one
238 2331 287 2362 vel
312 2332 424 2363 itinere
451 2333 497 2363 uti
520 2332 634 2370 solent,
659 2333 845 2375 permultum
866 2333 1006 2369 interest,
1024 2330 1283 2363 Geometricusne
1299 2327 1411 2370 aliquis
1427 2326 1519 2357 sitan
1543 2336 1619 2357 non.

151 2384 208 2416 So.
233 2384 283 2415 Ad
300 2386 367 2417 haec
383 2387 492 2428 utique
518 2388 629 2429 exigua
653 2388 797 2429 quaedam
815 2386 1004 2418 Geometriae
1030 2384 1304 2425 Aritlimeticaeque
1328 2380 1478 2423 particula
1493 2380 1618 2412 sufficit.

154 2438 374 2479 inquirendum
390 2449 439 2471 est
452 2446 568 2478 autem,
585 2447 684 2472 utrum
700 2441 878 2472 diuturnius
894 2441 1030 2471 studium
1047 2439 1230 2480 uberiorque
1245 2435 1405 2478 perceptio
1422 2435 1562 2465 conserat
1576 2435 1617 2465 ad

150 2491 254 2523 ideam
271 2493 344 2523 boni
359 2493 450 2525 facile
465 2495 722 2536 dignoscendam.
745 2496 910 2527 conferunt
933 2505 1005 2525 vero
1033 2495 1072 2525 ad
1096 2494 1156 2524 hoc
1172 2492 1288 2527 omnia,
1303 2500 1374 2532 quae
1389 2488 1525 2519 animum
1540 2488 1616 2520 illuc

151 2553 354 2584 convertunt,
372 2549 424 2580 ubi
441 2554 488 2579 est
516 2550 658 2580 essentiae
686 2550 908 2586 beatissimum,
933 2549 1016 2590 quod
1042 2548 1103 2589 ipsi
1130 2552 1176 2578 est
1202 2545 1327 2587 penitus
1347 2543 1613 2584 cognoscendum.

155 2604 270 2637 GLAU.
296 2603 409 2634 Recte.
454 2603 509 2634 So.
533 2602 615 2643 Ergo
632 2603 658 2634 si
673 2604 838 2635 essentiam
854 2604 966 2634 intueri
990 2601 1178 2634 Geometriae
1195 2599 1331 2630 studium
1355 2596 1453 2638 cogit,
1468 2597 1617 2627 convenit

151 2659 302 2700 quidem:
327 2658 376 2688 sin
398 2662 501 2687 autem
518 2657 761 2697 generationem,
786 2668 848 2687 non
863 2656 1022 2688 convenit.
1069 2655 1183 2686 GLAU.
1208 2653 1258 2683 Ita
1274 2652 1417 2682 dicimus.
1461 2650 1512 2682 So.
1537 2650 1615 2681 Pro-

148 2713 232 2744 fecto
245 2713 336 2743 nobis
351 2713 410 2742 hoc
427 2722 489 2740 non
509 2711 604 2752 [527]
623 2712 792 2752 negabunt,
807 2711 987 2752 quicunque
1003 2709 1051 2740 vel
1069 2709 1195 2750 paulum
1210 2707 1285 2749 quid
1302 2703 1491 2737 Geometriae
1507 2710 1614 2745 gusta-

149 2771 232 2803 runt,
245 2767 321 2808 quin
337 2767 404 2797 haec
418 2765 549 2796 scientia
566 2770 672 2796 contra
687 2765 815 2795 omniuo
831 2776 862 2797 se
878 2766 1004 2800 habeat,
1020 2774 1111 2805 quam
1128 2763 1168 2793 de
1183 2772 1221 2792 ea
1234 2761 1413 2802 loquantur,
1434 2759 1530 2800 quiin
1545 2759 1613 2799 ipsa

150 2826 319 2851 versantur.
358 2819 474 2851 Gnau.
496 2819 643 2856 Quonam
660 2819 776 2860 pacto?
815 2820 869 2851 So.
893 2819 1024 2860 Quippe
1040 2817 1170 2849 ridicule
1186 2816 1354 2847 admodum
1368 2820 1398 2844 et
1414 2813 1501 2855 qnasi
1513 2811 1614 2844 eoacti

152 2883 235 2914 saepe
251 2873 430 2915 loquuntur.
453 2883 524 2903 nam
539 2872 623 2903 velut
639 2878 767 2913 agentes
781 2879 813 2903 et
826 2873 958 2904 actionis
974 2872 1067 2913 gratis
1082 2872 1174 2902 verba
1189 2869 1320 2906 faciunt,
1334 2869 1408 2899 dum
1419 2872 1451 2898 et
1461 2866 1610 2908 quadrare

155 2927 242 2958 aiunt
256 2933 284 2958 et
302 2928 473 2969 producere
487 2934 581 2968 atque
596 2927 723 2964 addere,
738 2932 903 2969 ceteraque
927 2925 1076 2958 similiter.
1097 2924 1239 2957 doctrina
1255 2934 1325 2954 vero
1342 2923 1408 2953 haec
1423 2919 1522 2952 omnis
1538 2930 1612 2961 cog·
1634 2958 1636 2960 ι
