1840 3225
234 205 285 243 64
823 203 1088 243 PLATONIS
1594 203 1692 255 [244

234 309 362 341 Graecos
378 313 483 340 contra
500 307 657 339 civitatem
674 311 735 336 tam
752 306 898 337 acerrimo
914 307 1020 338 studio
1037 307 1248 339 contentionis
1264 307 1406 345 accendi,
1424 313 1458 339 ut
1479 317 1580 350 regem
1600 306 1692 338 illum

234 365 396 395 barbarum
412 361 665 401 infensissimum,
679 370 772 402 quern
785 371 849 391 una
864 361 1025 392 nobiscum
1040 362 1236 404 expulerant,
1252 373 1353 394 rursus
1370 373 1424 404 per
1439 362 1558 404 legatos
1573 362 1612 393 ad
1629 361 1695 393 bel-

235 418 299 449 lum
314 417 433 448 Graecis
450 414 644 446 inferendum
663 414 778 444 irritare
793 424 856 444 non
871 414 1061 455 dubitarent,
1075 420 1107 446 et
1119 415 1276 447 universos
1289 422 1354 447 turn
1367 416 1495 448 Graecos
1506 422 1571 447 turn
1584 416 1694 447 barba-

234 481 296 513 ros,
312 471 351 501 ad
368 471 448 500 hanc
467 469 572 499 urbem
599 467 802 498 obsidendam
828 467 984 509 colligere.
1010 468 1062 499 ubi
1090 470 1248 511 praecipuc
1275 471 1418 511 potentia
1445 470 1602 511 virtusque
1617 469 1694 501 civi-

236 525 307 556 tatis
321 524 414 565 hujus
430 522 558 554 effulsit.
581 532 652 552 nam
667 532 737 553 cum
753 522 964 553 existimarent
979 533 1046 554 earn
1059 523 1125 564 jam
1149 525 1360 561 succubuisse,
1376 534 1533 565 navesque
1559 524 1692 555 obsessae

234 579 315 611 circa
331 576 512 620 Mitylenen
524 581 639 615 essent,
653 575 713 617 ipsi
740 575 888 606 auxilium
914 576 1002 606 laturi
1029 578 1189 618 sexaginta
1212 589 1305 609 naves
1330 578 1468 620 ingressi,
1486 577 1540 608 viri
1567 577 1695 619 quidem

237 633 304 663 sine
319 630 527 663 controversia
543 629 648 666 sortes,
663 630 767 660 hostes
783 630 996 671 profligarunt,
1014 630 1181 662 liberarunt
1196 632 1323 668 amicos,
1338 638 1369 662 et
1381 632 1410 662 in
1426 637 1540 663 sortem
1552 630 1696 662 inciden-

237 692 283 717 tes
299 685 474 726 indignam,
490 695 526 714 ex
543 683 616 714 mari
635 694 696 713 non
723 682 812 714 aliter
834 684 953 725 recepti
978 684 1029 715 hic
1049 684 1180 725 jacent:
1206 697 1335 728 quorum
1363 696 1484 727 semper
1507 695 1579 716 curn
1606 684 1698 714 laude

238 739 412 770 meminisse
428 739 530 770 decet.
574 737 657 768 Nam
673 737 794 768 illorum
812 738 923 769 virtute
940 749 1002 769 non
1034 740 1126 770 modo
1151 745 1225 771 tunc
1251 751 1287 772 ex
1316 739 1419 771 navali
1445 739 1625 776 certamine,
1639 738 1696 769 sed

236 793 355 835 reliquo
371 793 465 824 etiam
481 792 588 834 proelio
605 791 763 822 victoriam
778 797 980 833 reportamus.
1003 793 1117 823 etenim
1135 799 1260 835 propter
1280 794 1350 825 illos
1375 799 1492 824 tantam
1518 797 1565 823 cst
1590 797 1696 823 nostra

238 848 348 879 civitas
362 847 491 888 gloriam
506 851 688 886 consecuta,
703 850 737 875 nt
752 856 910 887 nunquam
936 848 1106 888 expugnari
1135 858 1226 889 posse
1251 859 1310 879 nec
1335 849 1374 879 ab
1399 847 1543 878 omnibus
1568 846 1694 887 quidem

237 902 415 933 hominibus
440 901 625 932 crederetur.
649 900 734 940 quod
759 905 842 931 certe
869 901 950 930 haud
980 902 1087 942 procul
1114 912 1132 932 a
1158 901 1285 933 veritate
1312 908 1360 933 est
1379 902 1569 943 judicatum.
1592 909 1696 940 neque

239 957 322 988 enim
346 955 474 986 aliorum
502 954 622 984 insidiis
647 954 835 994 viribusque,
853 955 905 985 sed
933 955 1056 996 propria
1083 956 1277 987 dissensione
1303 955 1420 987 devicti
1446 965 1561 986 sumus,
1585 962 1699 993 nempe

237 1021 321 1042 nunc
336 1009 428 1041 etiam
446 1009 484 1040 ab
500 1008 560 1039 illis
575 1018 679 1038 sumus
695 1007 812 1038 invicti.
836 1008 889 1038 sed
907 1008 964 1049 ipsi
982 1019 1038 1039 nos
1062 1008 1318 1050 expugnavimus,
1334 1008 1425 1039 nobis
1447 1007 1523 1049 ipsis
1549 1005 1698 1037 offensio-

236 1076 307 1097 nem
324 1064 555 1095 succubuimus,
587 1062 664 1092 Post
679 1061 745 1091 haec
761 1065 898 1101 tempora
914 1061 1031 1100 pacatis
1046 1062 1201 1102 omnibus,
1217 1072 1350 1103 cumque
1366 1062 1434 1092 aliis
1450 1071 1527 1102 pace
1543 1059 1698 1096 confecta,

238 1120 385 1151 intestine
402 1117 492 1148 nobis
507 1116 620 1147 seditio
637 1120 741 1146 coorta
757 1120 814 1151 est,
829 1115 861 1144 in
877 1125 939 1156 qua
955 1126 988 1146 se
1004 1116 1047 1146 ita
1062 1122 1234 1157 gesserunt,
1250 1121 1284 1146 ut
1298 1116 1323 1147 si
1338 1116 1409 1147 fatis
1432 1116 1591 1147 decretum
1618 1119 1700 1145 esset

238 1173 391 1214 homines⁴
411 1170 617 1202 seditionibus
643 1169 763 1210 agitari,
789 1179 880 1199 nemo
906 1169 1047 1200 videatur
1073 1170 1162 1202 aliter
1189 1175 1336 1211 :egrotare
1365 1171 1496 1212 patriam
1524 1173 1698 1211 optaturus.

238 1227 320 1258 Nam
337 1237 374 1257 ex
390 1225 491 1256 Piraeo
506 1230 538 1255 et
553 1224 628 1254 urbe
643 1233 736 1264 qnam
753 1222 888 1263 benigne
905 1228 999 1265 atque
1015 1223 1186 1256 domestice
1203 1230 1315 1266 praeter
1330 1230 1501 1256 ceterorum
1519 1223 1698 1255 Graecorum

237 1281 421 1323 opinionem
438 1278 520 1310 cives
536 1278 668 1308 invicem
683 1283 898 1308 convenerunt
913 1277 919 1307 !
945 1277 1123 1319 bellumque
1140 1279 1285 1309 adversus
1299 1289 1363 1315 eos,
1375 1278 1429 1319 qni
1441 1277 1588 1308 Eleusine
1600 1281 1701 1311 erant.

237 1335 395 1367 concitum
412 1344 503 1374 qnam
531 1332 690 1362 moderate
718 1336 932 1372 transegerunt
956 1337 1049 1373 atque
1074 1332 1240 1363 sedarunt!
1279 1332 1376 1373 [244]
1411 1331 1530 1362 Horum
1558 1330 1698 1372 profecto

237 1389 376 1420 omnium
403 1387 463 1418 alii
487 1386 573 1417 nulla
592 1390 639 1417 est
666 1396 770 1423 causa,
797 1390 907 1426 praeter
931 1396 1030 1416 veram
1048 1386 1148 1427 ipsam
1175 1386 1407 1427 cognationem,
1435 1396 1504 1428 quae
1529 1385 1696 1416 amicitiam

239 1443 355 1474 firmam
371 1447 465 1482 atque
481 1445 645 1482 cognatam
662 1450 724 1470 non
739 1450 892 1479 sermone,
905 1440 967 1493 sed⁴
977 1450 1020 1479 re,
1034 1440 1080 1470 nis
1108 1440 1284 1471 hominibus
1309 1440 1436 1471 indidit.
1482 1439 1617 1481 Oportet
1642 1449 1698 1469 au-

239 1502 300 1529 tem
316 1507 369 1527 eos
384 1496 489 1531 etiarn,
506 1495 560 1536 qui
575 1495 634 1526 hoc
649 1494 682 1524 in
698 1494 780 1524 bello
798 1494 912 1524 mutuis
930 1494 1108 1525 vulneribus
1137 1495 1353 1530 conciderunt,
1370 1494 1516 1525 memoria
1539 1494 1652 1529 colere,
1668 1498 1701 1523 et

238 1558 397 1593 utcunque
415 1560 588 1592 possumus,
605 1549 685 1579 inter
699 1559 731 1579 se
746 1559 799 1579 eos
814 1548 990 1585 conciliare,
1008 1550 1088 1579 votis
1102 1549 1321 1590 sacrificiisque
1339 1559 1394 1590 pro
1411 1548 1472 1579 illis
1493 1548 1547 1589 qui
1573 1557 1700 1588 supera-

236 1617 306 1638 vere
323 1605 468 1647 peractiS,
481 1603 734 1645 quandoquidem
751 1607 784 1633 et
798 1613 854 1632 nos
869 1603 1028 1633 conciliati
1045 1613 1161 1634 sumus.
1185 1614 1287 1644 neque
1311 1603 1394 1634 enim
1418 1602 1617 1644 improbitate
1639 1601 1700 1631 ini·

236 1660 434 1701 micitiisque,
451 1658 503 1688 sed
526 1657 706 1688 infelicitate
734 1657 881 1698 quadam,
899 1667 1007 1687 manus
1034 1658 1169 1688 invicem
1199 1663 1434 1688 conseruerunt.
1478 1656 1598 1686 Horum
1627 1665 1698 1686 vero

237 1719 331 1746 testes
346 1723 450 1744 sumus
466 1711 527 1753 ipsi
540 1711 732 1753 superstites.
755 1722 825 1742 nam
841 1722 911 1742 cum
928 1711 989 1742 illis
1005 1722 1116 1752 genere
1140 1712 1301 1753 conjuncti
1330 1712 1437 1748 simus,
1455 1715 1562 1748 mutuo
1589 1710 1700 1740 damus

236 1768 359 1799 veniam
375 1771 407 1798 et
423 1765 600 1807 recipimus,
615 1765 639 1795 si
656 1764 730 1806 quid
750 1766 797 1796 vel
819 1765 849 1795 in
879 1766 974 1796 alium
1002 1766 1164 1796 intulimus
1192 1766 1239 1796 vel
1268 1765 1404 1806 perpessi
1432 1775 1536 1804 sumus
1562 1765 1601 1794 ab
1627 1763 1702 1794 alio.

237 1822 364 1854 Deinde
390 1831 461 1852 cnm
487 1820 519 1850 in
546 1829 665 1850 sumina
690 1829 788 1849 rerum
816 1819 1039 1860 tranquillitate
1065 1819 1239 1860 quiesceret
1266 1819 1387 1855 civitas,
1411 1818 1546 1849 barbaris
1572 1818 1699 1860 quidem

238 1876 430 1919 ignoscebat,
447 1874 531 1916 quod
549 1873 686 1904 infestati
702 1873 741 1903 ab
757 1873 809 1903 illa
824 1873 945 1904 sortiter
960 1879 1229 1915 repugnaverant:
1257 1873 1376 1904 Graecis
1391 1879 1495 1910 autern
1512 1871 1697 1912 indignaba-

239 1937 298 1967 tur,
315 1930 389 1971 quia
405 1940 458 1970 pro
485 1927 623 1968 acceptis
652 1926 812 1957 beneficiis
835 1926 980 1967 injuriam
1010 1928 1199 1969 quandoque
1227 1927 1404 1963 retulerant,
1419 1927 1492 1957 dum
1517 1925 1698 1956 societatem

237 1995 309 2017 curn
337 1982 470 2014 barbaris
497 1982 624 2018 inirent,
639 1991 795 2022 navesque
823 1980 936 2022 quibus
963 1980 1085 2011 fuerant
1112 1981 1234 2018 servati,
1251 1981 1433 2021 diriperent,
1450 1979 1699 2020 dissiparentque

239 2047 353 2073 muros,
369 2037 482 2078 quibus
499 2045 554 2065 nos
571 2034 684 2065 moenia
697 2045 815 2070 eorum,
830 2045 869 2065 ne
886 2040 1074 2071 corruerent,
1090 2035 1280 2076 quandoque
1307 2034 1515 2066 defendimus.
1560 2032 1701 2064 Instituit

237 2093 342 2132 itaque
358 2090 466 2122 civitas
481 2089 563 2119 haud
582 2089 659 2119 ultra
676 2089 753 2119 tueri
769 2088 908 2128 Graecos,
924 2088 949 2118 si
966 2089 1093 2130 quando
1110 2089 1157 2122 veJ
1175 2099 1193 2119 a
1217 2088 1336 2128 Graecis
1363 2088 1410 2119 vel
1436 2099 1455 2118 a
1481 2087 1616 2119 barbaris
1642 2097 1700 2128 op-

238 2145 453 2187 primerentur.
498 2142 580 2173 Cum
596 2153 667 2172 vcro
685 2153 741 2173 nos
754 2143 785 2172 in
803 2143 860 2174 hac
877 2153 1013 2174 essemus
1037 2143 1192 2173 sententia
1217 2142 1392 2186 constituti,
1409 2147 1616 2183 putarentque
1640 2141 1701 2172 La-

237 2198 421 2231 cedaemonii
453 2207 508 2228 nos
539 2196 687 2227 libertatis
715 2201 831 2228 tutores
851 2195 972 2238 jacere,
1003 2207 1146 2238 opusque
1171 2207 1277 2227 eorum
1306 2195 1371 2226 fore
1396 2196 1538 2237 posthac,
1562 2200 1596 2225 ut
1621 2195 1699 2225 alios

240 2253 453 2294 subjugarent,
468 2251 535 2281 haec
551 2255 693 2291 egerunt.
741 2250 828 2288 Quid
844 2250 948 2283 multis
961 2261 1042 2292 opus
1056 2256 1104 2282 est
1129 2251 1227 2281 verbis
1242 2250 1252 2280 ?
1277 2260 1379 2291 neque
1403 2249 1487 2281 enirn
1513 2255 1628 2286 vetera,
1644 2260 1701 2280 ne·

239 2318 300 2349 que
316 2306 481 2336 multorum
498 2304 658 2335 hominum
676 2310 762 2346 gesta
778 2304 912 2336 dicerem
928 2315 998 2346 quae
1014 2309 1197 2346 sequuntur.
1242 2303 1356 2345 Neque
1372 2314 1429 2334 nos
1456 2304 1544 2340 latet,
1561 2304 1702 2344 perterri-

238 2366 287 2392 tos
301 2359 480 2391 Graecorum
508 2358 636 2399 primm,
654 2357 797 2398 Argivos,
814 2358 966 2399 Boeotios,
982 2358 1172 2394 Corinthios,
1189 2357 1336 2388 auxilium
1363 2357 1498 2388 civitatis
1523 2356 1616 2398 hujus
1642 2357 1700 2387 im-

237 2414 416 2455 ploravisse.
439 2412 587 2453 quodque
603 2411 741 2442 omniurn
757 2411 983 2442 divinissimum
1000 2417 1058 2448 est,
1074 2422 1126 2442 rex
1142 2411 1209 2452 ipse
1223 2416 1307 2441 tanta
1321 2416 1367 2441 est
1378 2410 1552 2451 indigentia
1566 2421 1699 2453 pressus,

239 2472 275 2498 ut
291 2477 352 2498 non
365 2466 491 2497 aliunde
507 2475 598 2506 quam
614 2476 651 2495 ex
666 2466 724 2496 liae
740 2465 878 2502 civitate,
894 2475 987 2506 quam
1003 2465 1086 2495 omui
1101 2465 1204 2495 studio
1220 2465 1341 2496 diruere
1353 2470 1484 2495 conatus
1495 2464 1606 2502 fuerat,
1619 2465 1702 2496 salu-

241 2526 303 2551 tem
317 2530 401 2551 suam
418 2519 510 2549 tutari
525 2529 615 2559 posse
630 2519 813 2551 confideret.
858 2518 1026 2549 Enimvero
1041 2517 1066 2550 si
1083 2519 1152 2559 quis
1167 2518 1261 2559 hujus
1275 2518 1409 2550 civitatis
1425 2524 1550 2559 captum
1562 2517 1703 2550 incusare

242 2574 385 2609 voluerit,
415 2573 474 2603 hoc
490 2572 641 2602 duntaxat
655 2571 790 2613 objicere
808 2573 934 2614 poterit,
951 2573 1035 2614 quod
1052 2573 1265 2604 misericordia
1292 2572 1384 2603 nimis
1409 2572 1551 2608 afficitur,
1567 2570 1703 2613 diligen-

242 2627 365 2668 tiusque
395 2626 536 2656 sublevat
566 2627 814 2657 succumbentes.
862 2626 909 2656 Ea
934 2626 1088 2667 siquidem
1120 2632 1305 2668 tempestate
1337 2626 1465 2656 tolerare
1491 2635 1555 2656 non
1584 2625 1701 2666 potuit,

240 2681 366 2723 quodve
381 2679 556 2709 instituerat
572 2679 650 2710 ultra
663 2689 794 2710 servare.
840 2679 1031 2711 Decrevcrat
1043 2689 1117 2710 sane
1133 2680 1227 2710 nullis
1251 2689 1389 2721 unquam
1415 2689 1533 2715 eorum,
1549 2689 1568 2709 a
1590 2678 1704 2720 quibus

243 2734 385 2775 injuriam
413 2732 597 2773 accepisset,
626 2734 901 2764 succumbentibus
926 2745 1018 2775 opem
1042 2734 1130 2765 serre.
1165 2734 1296 2764 mutavit
1322 2740 1425 2764 tamen
1452 2732 1645 2774 propositum
1670 2738 1704 2764 et

243 2787 390 2820 auxilium
408 2785 562 2827 praestitit.
607 2785 700 2817 Unde
717 2787 844 2818 Graecos
869 2786 965 2828 [245]
991 2787 1132 2818 liberavit
1147 2797 1164 2817 a
1181 2787 1339 2823 servitute,
1355 2786 1398 2817 ita
1413 2791 1447 2817 ut
1458 2785 1548 2817 liberi
1561 2785 1704 2823 vixerint,

243 2843 345 2873 ‹lonec
361 2839 420 2881 ipsi
434 2850 467 2870 se
484 2838 617 2870 invicem
634 2840 851 2882 subjugarunt.
896 2840 979 2883 Regi
995 2851 1065 2872 vero
1087 2852 1260 2873 succurrere
1277 2850 1351 2871 ausa
1377 2839 1516 2870 minime.
1540 2839 1702 2871 verebatur

245 2895 328 2928 enim
345 2893 516 2935 triumphos
533 2903 571 2924 cx
586 2893 783 2932 Marathone,
800 2895 968 2935 Salamina,
984 2895 1124 2938 Plataeis,
1139 2900 1231 2928 antea
1247 2899 1428 2937 reportatus.
1452 2893 1506 2925 scd
1522 2904 1592 2925 cum
1618 2893 1702 2926 sine-
