1840 3225
145 211 224 248 524
615 209 881 249 PLATONIS
913 210 1160 250 DIALOGI.
1518 214 1617 266 [400

144 320 224 348 esse,
238 311 355 344 bonurn
369 323 438 344 esse
453 313 578 350 asserit,
589 313 747 354 quomodo
757 313 797 344 de
809 313 869 345 hoc
883 323 936 345 res
951 314 1107 348 sehabet.
1129 312 1175 345 At
1187 323 1246 356 ego
1260 313 1412 357 (inquit),
1427 324 1446 345 o
1460 313 1621 358 Socrates,

142 365 222 397 nihil
240 368 438 408 praostantius
453 377 545 409 quarn
558 367 614 399 alii
628 367 785 403 homines,
808 367 941 399 divitem
965 378 1047 404 esse,
1072 367 1144 399 dico
1170 378 1250 399 esse.
1295 367 1378 399 Nam
1403 368 1520 400 multas
1540 377 1620 410 opes

142 420 320 462 possidere,
336 421 466 453 divitem
480 432 548 453 esse
565 432 623 463 ego
640 431 710 452 esse
726 430 855 454 censeo,
900 422 1044 454 Arbitror
1059 428 1167 453 autem
1182 428 1214 453 et
1225 422 1359 454 Critiam
1373 423 1470 460 hunc,
1485 421 1619 454 divitem

142 483 212 506 esse
227 485 290 505 non
307 476 393 506 aliud
408 484 477 507 esse
495 481 616 517 putare.
663 474 779 507 Adhuc
795 486 871 517 ergo
886 476 978 507 etiam
996 476 1042 507 sic
1066 476 1214 518 (inquam
1239 477 1313 519 ego)
1340 477 1495 518 reliquum
1522 476 1620 508 fuerit

143 528 343 560 considerare
357 530 468 571 quales
481 531 545 561 sint
555 540 643 572 opes,
659 535 696 561 ut
709 540 750 560 ne
767 530 860 571 paulo
876 530 1032 571 posterius
1047 531 1087 561 de
1103 531 1161 562 hoc
1174 541 1280 562 rursus
1302 530 1494 562 contendere
1509 529 1619 561 videa-

144 582 234 614 mini.
258 582 344 614 Nam
360 583 446 615 verbi
461 584 572 625 gratia,
589 584 857 625 Carthaginenses
882 584 914 615 hi
940 585 1132 615 numismate
1155 590 1287 616 utuntur
1309 584 1491 627 ejusmodi:
1517 583 1617 627 [400]

144 635 177 667 in
204 638 281 668 corii
306 637 409 669 frusto
429 648 526 679 parvo
548 638 690 679 deligata
710 643 760 668 est
784 638 970 679 magnitudo
994 639 1132 670 maxime
1154 645 1275 681 quanta
1293 644 1345 670 est
1371 639 1515 670 stateris:
1540 638 1620 680 quid

143 699 218 721 vero
232 691 274 721 sit
289 691 323 721 id
339 691 425 732 quod
439 691 593 732 illigatum
609 697 667 728 est,
684 701 778 722 nemo
794 691 892 728 novit,
907 692 969 723 nisi
986 693 1018 723 hi
1045 693 1098 734 qui
1119 693 1253 725 faciunt.
1277 693 1394 724 deinde
1416 693 1541 734 signato
1559 693 1621 724 hoc

145 754 203 785 pro
225 744 413 776 numismate
427 751 571 777 utuntur.
618 746 660 776 Et
681 745 735 786 qui
759 745 896 786 plurima
919 746 1076 788 ejusmodi
1099 746 1254 788 possidet,
1280 747 1332 779 hic
1361 746 1516 789 plurimas
1541 755 1620 787 opes

143 798 307 839 possidere
322 798 461 836 videtur,
476 804 508 830 et
523 799 695 837 ditissimus
709 809 790 830 esse.
835 799 870 830 Si
885 810 959 831 vero
973 800 1044 841 quis
1059 800 1147 841 apud
1172 811 1230 832 nos
1259 801 1395 842 plurima
1415 800 1492 832 talia
1517 800 1622 842 possi-

142 851 245 894 deret,
261 853 362 884 nihilo
378 853 479 894 mag-is
495 851 583 884 dives
613 857 698 884 esset
720 862 816 893 quam
843 853 868 883 si
895 853 1011 884 multos
1035 855 1176 885 calculos
1199 861 1369 885 montanos
1390 854 1534 887 haberet.
1581 853 1622 885 In

143 905 374 938 Lacedaemone
390 917 478 944 vero,
489 907 591 937 ferreo
604 906 745 948 pondere
761 916 817 947 pro
831 907 1022 938 numismate
1037 912 1180 944 utuntur,
1195 913 1229 939 et
1243 909 1371 950 quidem
1385 908 1505 939 inutilis
1519 907 1595 939 ferri
1610 919 1617 937 ε

143 959 246 1001 etqui
269 961 403 991 multum
424 959 585 1002 ejusmodi
605 960 680 991 fem·
706 960 830 1002 pondus
855 959 1009 1001 possidet,
1033 961 1124 992 dives
1151 971 1221 993 esse
1248 967 1391 1003 putatur,
1417 971 1514 1003 quum
1544 961 1622 997 alibi

143 1014 260 1045 nullius
276 1014 370 1055 pretii
386 1014 541 1056 possessio
557 1015 622 1044 haec
645 1014 698 1046 sit.
745 1013 783 1044 In
805 1014 972 1055 AEtbiopia
995 1025 1069 1046 vero
1094 1015 1257 1057 lapidibus
1281 1015 1449 1057 insculptis
1475 1020 1629 1053 utuntur„

143 1068 258 1109 quibus
274 1069 531 1100 Lacedaemonius
545 1068 590 1098 vir
605 1068 646 1099 ad
663 1068 783 1099 nullam
793 1078 856 1099 rem
872 1068 917 1099 uti
930 1074 1049 1109 posset.
1092 1068 1134 1100 In
1146 1069 1277 1111 Scythis
1296 1074 1402 1101 autern
1418 1068 1621 1101 Nomadibus

143 1121 241 1162 siquis
257 1122 436 1164 Pulytionis
449 1122 576 1153 domum
593 1122 784 1163 possideret,
805 1123 905 1154 nihilo
921 1123 1016 1154 ditior
1036 1132 1105 1154 esse
1119 1123 1279 1155 videretur
1301 1134 1398 1165 quam
1419 1124 1447 1154 si
1462 1123 1547 1165 apud
1563 1134 1621 1155 nos

145 1175 365 1218 Lycabettuiu.
410 1176 550 1208 Proinde
576 1176 781 1207 manifestum
807 1181 855 1207 est
880 1186 945 1207 non
975 1177 1099 1219 singula
1127 1178 1194 1209 haec
1219 1188 1298 1220 opes
1325 1188 1405 1215 esse,
1435 1177 1464 1208 si
1493 1170 1629 1219 quidem'

143 1230 244 1271 aliqui
271 1240 464 1272 possessores
488 1230 590 1262 nihilo
610 1231 740 1262 ditiores
766 1230 844 1262 inde
868 1230 1039 1262 videntur:
1065 1230 1123 1262 sed
1148 1237 1233 1268 sunt,
1250 1232 1392 1273 inquam,
1406 1231 1529 1273 singula
1553 1231 1621 1262 haec

143 1283 214 1314 aliis
230 1284 356 1325 quidem
372 1295 460 1326 opes,
478 1290 511 1316 et
525 1284 638 1316 divites
655 1290 729 1316 sunt
741 1285 796 1326 qui
810 1285 877 1316 haec
891 1285 1056 1326 possident
1069 1297 1075 1316 ε
1100 1286 1171 1316 aliis
1185 1290 1292 1317 autem
1306 1295 1412 1327 neque
1433 1295 1513 1327 opes
1536 1291 1621 1323 sunt,

143 1346 246 1378 neque
258 1336 333 1368 inde
345 1338 477 1369 ditiores
498 1344 570 1369 sunt
585 1350 592 1368 :
617 1339 707 1369 velut
720 1349 825 1379 neque
839 1339 972 1380 pulchra
983 1344 1014 1370 et
1026 1339 1131 1381 turpia
1143 1340 1289 1370 omnibus
1302 1339 1378 1371 talia
1387 1344 1473 1376 sunt,
1484 1339 1540 1370 sed
1552 1339 1623 1370 aliis

142 1390 216 1421 alia.
261 1391 294 1422 Si
307 1402 382 1422 vero
397 1392 595 1423 considerare
620 1393 756 1424 velimus
781 1403 838 1424 cur
866 1393 998 1425 tandem
1022 1393 1147 1436 Scythis
1167 1393 1296 1435 quidem
1322 1393 1434 1425 domus
1459 1403 1525 1424 non
1548 1398 1623 1425 sunt

144 1454 234 1486 opes,
250 1445 343 1477 nobis
358 1451 461 1477 autern
476 1451 568 1477 sunt:
593 1452 647 1477 aut
662 1446 964 1488 Carthaginensibus
980 1448 1078 1484 coria,
1096 1448 1187 1479 nobis
1208 1453 1311 1479 autem
1333 1458 1416 1478 non:
1443 1452 1499 1478 aut
1520 1447 1621 1478 Lace-

144 1498 308 1529 daemoniis
325 1500 440 1530 ferrum
456 1510 543 1542 opes,
559 1501 651 1531 nobis
673 1505 777 1531 autern
801 1511 886 1531 non:
910 1511 1016 1532 nonne
1036 1502 1081 1533 sic
1105 1501 1243 1532 maxime
1266 1501 1509 1532 invenerimus?
1533 1501 1622 1531 velut

148 1552 234 1583 verbi
249 1563 357 1594 causa,
372 1553 480 1595 Siquis
490 1554 626 1585 Athenis
638 1554 783 1595 lapidum
803 1555 914 1585 horum
928 1555 983 1596 qui
996 1555 1030 1586 in
1046 1554 1114 1586 soro
1128 1560 1212 1592 sunt,
1227 1562 1261 1586 et
1275 1555 1391 1596 quibus
1405 1554 1448 1585 ad
1461 1554 1540 1585 nihil
1555 1555 1618 1585 uti-

145 1616 226 1644 mur,
237 1606 412 1648 possideret
428 1607 567 1648 pondere
586 1608 670 1639 mille
685 1609 816 1644 talenta,
833 1619 910 1638 num
925 1609 1020 1639 ditior
1034 1609 1074 1639 ob
1084 1608 1118 1639 id
1133 1618 1205 1639 esse
1223 1608 1406 1650 putaretur?
1453 1608 1530 1640 Non
1541 1608 1628 1643 mibi,

145 1659 281 1691 videtur.
325 1659 371 1690 At
399 1661 425 1691 si
456 1661 623 1703 Lychnitae
640 1661 753 1703 lapidis
780 1661 961 1703 possideret
985 1662 1070 1693 mille
1096 1663 1229 1698 talenta,
1251 1663 1348 1693 etiam
1368 1662 1462 1694 valde
1487 1662 1621 1694 divitem

146 1725 216 1746 esse
233 1714 433 1745 diceremus?
464 1715 618 1746 Maxime.
642 1715 727 1746 Num
744 1716 908 1757 (inquam)
925 1716 966 1746 ob
980 1716 1025 1753 id,
1043 1716 1129 1757 quod
1146 1717 1196 1748 hic
1211 1716 1353 1758 quidem,
1369 1717 1469 1755 utilis,
1488 1717 1621 1748 illivero

146 1768 277 1799 inutiles
291 1769 382 1799 nobis
398 1769 491 1799 sunt?
540 1769 657 1800 Etiam.
704 1769 790 1800 Nam
806 1776 840 1801 et
856 1770 888 1800 in
904 1769 1035 1812 Scythis
1060 1780 1099 1801 ea
1115 1769 1155 1801 de
1181 1780 1279 1801 causa
1298 1770 1412 1802 domus
1435 1771 1512 1812 ipsis
1538 1781 1620 1813 opes

145 1833 211 1853 non
223 1828 308 1860 sunt,
325 1822 411 1864 quod
426 1823 514 1853 nulla
528 1823 608 1864 ipsis
625 1823 739 1854 domus
754 1824 876 1855 utilitas
893 1829 942 1855 est
962 1836 968 1854 :
993 1835 1096 1865 neque
1114 1825 1261 1855 maluerit
1274 1825 1323 1856 vir
1339 1825 1456 1868 Scytha
1471 1826 1619 1867 pulcher-

149 1877 260 1907 rimam
275 1877 341 1908 sibi'
353 1876 483 1908 domum
498 1887 581 1915 esse,
597 1888 688 1919 quam
706 1878 874 1918 pelliceum
889 1878 1109 1909 indumentum
1124 1890 1131 1909 :
1155 1888 1195 1909 eo
1210 1878 1297 1920 quod
1311 1880 1370 1911 hoc
1393 1879 1470 1910 utile
1491 1879 1544 1916 sit,
1566 1879 1623 1910 illa

145 1940 227 1961 vero
237 1930 360 1961 inutilis
374 1931 447 1972 ipsi.
494 1930 617 1962 Rursus
634 1931 886 1972 Carthaginense
904 1933 1058 1963 numisma
1078 1933 1169 1964 nobis
1188 1942 1251 1964 non
1276 1937 1422 1974 putamus
1434 1943 1513 1974 opes
1534 1944 1620 1967 esse.

144 1983 223 2015 Non
238 1985 322 2015 enim
339 1995 518 2026 comparare
545 1985 614 2026 ipso
637 1995 803 2026 possumus
829 1997 866 2017 ea
891 1986 1004 2027 quibus
1023 1985 1212 2027 indigemus,
1241 1987 1332 2017 velut
1356 1991 1498 2028 argento.
1521 1996 1619 2028 quare

145 2038 260 2069 inutile
273 2039 364 2069 nobis
385 2043 445 2070 est.
489 2039 672 2071 Verisimile
698 2045 759 2070 est.
803 2039 884 2077 Quae
908 2050 984 2081 ergo
1006 2041 1099 2071 utilia
1117 2041 1210 2071 nobis
1239 2045 1324 2077 sunt,
1352 2050 1392 2071 ea
1419 2050 1498 2082 opes
1521 2045 1620 2072 sunt:

147 2102 219 2133 quae
235 2092 376 2128 inutilia.
400 2103 465 2124 uon
483 2103 573 2135 opeS.
619 2094 787 2130 Quomodo
816 2094 911 2135 igitur
939 2104 958 2125 o
988 2094 1132 2125 Socrates
1162 2095 1286 2136 (inquit
1313 2099 1446 2136 excepto
1475 2104 1619 2126 sermone

148 2145 246 2187 [401]
271 2146 424 2188 Eryxias)
451 2147 527 2188 quia
543 2147 661 2178 utimur
687 2147 769 2179 inter
785 2158 841 2179 nos
856 2159 1011 2184 sermone,
1028 2154 1062 2179 et
1078 2149 1261 2190 scriptione,
1275 2154 1309 2179 et
1323 2148 1431 2179 multis
1446 2148 1527 2185 aliis,
1542 2158 1619 2180 num

146 2199 238 2230 nobis
261 2199 379 2230 suerint
400 2201 468 2231 liaec
491 2201 591 2242 opes?
616 2206 650 2232 et
675 2211 750 2232 sane
777 2203 869 2232 utilia
885 2204 950 2233 haec
979 2213 1050 2233 esse
1066 2203 1223 2234 videntur.
1270 2202 1315 2233 At
1332 2212 1437 2233 rursus
1451 2212 1555 2243 neque
1572 2202 1619 2234 sic

146 2254 323 2295 apparebat
347 2254 438 2284 nobis
453 2254 606 2295 quidnam
621 2261 729 2286 essent
744 2266 832 2297 opes.
877 2256 961 2287 Nam
977 2257 1064 2297 quod
1081 2266 1210 2288 necesse
1226 2262 1274 2286 est
1290 2255 1384 2286 utiles
1397 2265 1481 2291 esse,
1504 2255 1532 2285 si
1548 2255 1618 2296 qui-

147 2308 223 2338 dem
249 2317 327 2349 opes
342 2318 412 2338 esse
427 2307 556 2345 debent,
574 2309 605 2338 in
621 2310 678 2340 hoc
695 2310 760 2341 fere
775 2320 816 2341 ex
832 2311 978 2342 omnibus
993 2311 1269 2342 consentiebamus
1286 2321 1294 2340 ε
1319 2308 1377 2340 sed
1392 2309 1501 2350 quales
1515 2309 1618 2350 opes?

147 2362 403 2403 quandoquidem
431 2373 494 2393 non
520 2373 641 2395 omnes,
665 2374 723 2405 age
752 2374 840 2400 sane,
867 2364 895 2394 si
920 2374 1027 2395 rursus
1056 2366 1115 2395 hoc
1140 2365 1237 2395 modo
1265 2363 1516 2399 consideremus,
1543 2373 1619 2402 num

146 2416 247 2457 magis
270 2416 404 2446 inveniri
428 2417 546 2457 poterit
561 2416 595 2447 id
611 2418 694 2458 quod
713 2418 893 2458 quaerimus,
911 2419 988 2459 quid
1003 2418 1130 2450 tandem
1145 2426 1195 2449 est
1210 2417 1297 2460 quod
1313 2418 1424 2459 opibus
1439 2417 1568 2453 utimur,
1586 2423 1621 2448 et

147 2468 188 2499 ad
211 2469 286 2510 quid
312 2478 408 2509 opum
422 2470 581 2510 possessio
595 2471 725 2501 inventa
741 2476 801 2507 est,
818 2471 1085 2512 quemadmodum
1106 2472 1338 2503 medicamenta
1362 2470 1403 2502 ad
1424 2470 1620 2502 amovendos

150 2523 273 2553 morbos
287 2524 297 2553 ἓ
344 2522 495 2553 Fortassis
511 2524 597 2554 enim
613 2525 656 2555 sic
670 2525 772 2566 magis
786 2525 878 2556 nobis
892 2526 1090 2557 manifestum
1109 2526 1175 2557 fiet.
1221 2525 1489 2566 Quandoquidem
1508 2534 1620 2556 neces-

151 2576 267 2606 sarium
294 2583 438 2617 apparet,
465 2582 499 2607 ut
522 2588 593 2619 qua:
623 2589 700 2619 opes
727 2586 812 2621 sunt,
842 2580 890 2610 1¹ae
915 2580 1010 2610 etiam
1036 2580 1130 2610 utiles
1145 2581 1228 2610 sint:
1254 2579 1382 2610 utilium
1395 2584 1505 2610 autem
1517 2588 1622 2620 genus

150 2630 311 2670 quoddam
340 2636 390 2660 est
414 2630 499 2670 quod
525 2641 675 2662 vocamus
705 2643 803 2674 opes:
828 2633 986 2674 reliquum
1011 2634 1107 2664 fuerit
1131 2633 1330 2664 considerare
1355 2643 1428 2674 quae
1453 2632 1495 2663 ad
1521 2643 1617 2674 quam

148 2683 319 2714 utilitatem
344 2684 434 2714 utilia
447 2685 485 2714 ad
503 2686 665 2720 utendum.
680 2696 758 2727 opes
771 2692 861 2718 sunt.
907 2687 1024 2718 Omnia
1043 2688 1126 2718 enim
1145 2687 1287 2718 fortassis
1300 2687 1391 2718 utilia
1403 2692 1487 2723 sunt,
1503 2686 1619 2728 quibus

150 2737 190 2767 ad
215 2736 409 2778 operandum
439 2738 578 2768 utimur:
605 2740 874 2780 quemadmodum
899 2743 1005 2772 omnia
1033 2752 1104 2782 quar
1129 2742 1263 2772 animam
1289 2741 1418 2777 habent,
1446 2740 1618 2771 animalia:

149 2791 329 2822 animalium
345 2801 419 2821 vero
435 2802 534 2831 genus
550 2795 712 2833 quoddam
727 2805 874 2826 vocamus
886 2795 1058 2826 hominem.
1104 2795 1138 2830 Si
1160 2795 1265 2836 itaque
1286 2795 1357 2836 quis
1372 2803 1429 2824 nos
1442 2794 1617 2835 interroga-

149 2850 211 2881 ret,
237 2855 299 2886 qua
326 2855 356 2875 re
385 2846 518 2882 sublata,
549 2847 626 2877 nihil
655 2857 731 2888 opus
763 2849 948 2879 haberemus
976 2850 1148 2886 medicina,
1177 2859 1280 2890 neque
1309 2849 1374 2889 ejus
1387 2847 1616 2884 instrumentis.

149 2909 313 2939 possemus
329 2898 446 2940 dicere,
464 2900 490 2930 si
506 2901 602 2931 morbi
620 2902 765 2932 summoti
780 2909 884 2934 essent
900 2914 939 2933 ex
955 2904 1136 2946 corporibus
1149 2910 1182 2934 et
1197 2903 1325 2933 omuino
1340 2911 1405 2932 non
1420 2901 1545 2945 tierent,¹
1560 2908 1615 2932 aut
