1840 3225
169 228 245 265 510
652 230 916 271 PLATONIS
947 232 1189 272 DIALOGI.
1523 237 1619 287 [376

168 330 236 361 sic?
259 329 312 371 qui
333 330 432 366 novit,
457 340 526 372 quae
551 331 616 362 fieri
639 332 755 364 debent
780 334 884 365 facere
909 339 1024 376 potest,
1041 340 1073 365 et
1087 340 1180 376 prout
1195 334 1355 370 convenit,
1371 339 1404 365 et
1418 337 1621 377 opportune?

168 384 222 425 qui
238 394 300 415 non
316 384 414 421 novit,
429 395 492 415 non
506 384 582 416 item
597 386 609 415 ?
653 386 704 417 Ita
717 392 775 417 est.
820 387 903 428 Ergo
916 393 949 418 et
962 389 1016 429 qui
1031 389 1159 419 mentiri
1174 389 1272 426 novit,
1287 394 1321 419 et
1333 389 1490 430 decipere,
1505 395 1539 420 et
1548 399 1621 430 pro-

167 438 272 474 desse,
289 437 413 479 singula
426 439 492 469 haec
508 445 602 479 prout
616 440 765 471 convenit
780 445 812 471 et
827 446 1001 482 opportune
1017 443 1118 473 facere
1135 448 1241 484 potest
1257 455 1262 472 :
1289 443 1342 484 qui
1358 452 1431 473 vero
1445 453 1508 474 non
1522 443 1622 479 novit,

168 501 232 521 non
256 491 342 522 item.
387 493 472 523 Vera
493 493 582 524 dicis.
627 495 691 531 Qui
719 505 790 525 vero
815 496 883 526 haec
907 502 998 536 prout
1013 497 1161 527 convenit
1175 497 1261 533 facit,
1283 496 1388 537 justus
1404 501 1462 527 est.
1506 497 1622 528 Etiam·

168 543 312 574 Scienter
338 554 413 575 vero
440 546 507 576 haec
534 546 622 577 facit.
668 548 810 584 Quidni?
855 548 999 580 Scienter
1029 560 1102 590 ergo
1129 550 1247 590 justus,
1276 555 1325 580 est
1345 551 1460 591 justus.
1504 550 1620 582 Etiam.

168 596 283 628 Nonne
298 597 444 639 injustus,
461 609 517 640 per
531 601 720 631 contrarium
731 601 819 642 justo
835 602 967 643 injustus
984 604 1052 633 est?
1098 604 1253 645 Apparet.
1297 603 1318 634 J
1321 610 1408 634 ustus
1433 608 1540 634 autem
1562 614 1619 645 per

167 651 351 692 sapientiam
372 652 478 693 justus
505 659 564 685 est.
607 655 747 687 Prorsus.
793 656 855 687 Per
883 658 1071 698 imperitiam
1098 668 1171 699 ergo
1200 657 1336 698 injustus
1357 662 1416 688 est.
1460 657 1619 699 Apparet.

169 705 382 746 Consequitur
396 717 481 748 ergo,
495 708 579 749 quod
596 709 726 749 majores
741 710 829 740 nobis
844 711 1038 751 reliquerunt
1063 712 1190 742 nomine
1214 711 1388 752 sapientiae‚
1414 711 1447 741 id
1467 711 1620 753 justitiam

167 768 234 789 esse
253 771 259 788 :
285 761 368 800 quod
383 770 457 791 vero
471 761 646 803 imperitiae,
664 763 723 793 hoc
740 763 928 804 injustitiam
944 765 1093 797 existere.
1141 765 1294 806 Apparet.
1339 765 1534 796 Volentesne
1546 775 1621 796 vero

166 813 304 853 imperiti
314 818 387 845 sunt
401 815 553 852 homines,
569 826 608 846 an
619 817 765 847 nolentes
780 818 791 848 ?
836 818 1000 849 Nolentcs.
1046 819 1077 849 N
1081 819 1203 849 olentes
1218 829 1292 859 ergo
1307 819 1399 849 etiam
1413 818 1522 860 injusti
1536 824 1621 850 sunt.

167 866 324 908 Apparet.
367 867 484 909 Injusti
509 880 584 900 vero
608 871 694 911 pravi
718 875 802 902 sunt.
848 873 940 902 Sunt.
983 871 1141 902 Nolentes
1165 883 1237 913 ergo
1249 872 1339 912 pravi
1353 877 1386 903 et
1409 873 1517 914 injusti
1533 879 1617 906 sunt.

165 920 320 954 Maxime.
358 922 419 952 Per
439 923 591 964 injustum
607 930 714 954 autem
737 924 854 965 injusta
875 925 1008 957 faciunt.
1055 926 1206 956 Omnino.
1250 926 1356 957 Invito
1382 926 1476 967 igitur
1504 927 1618 959 animo.

165 975 317 1006 Maxime.
361 975 436 1006 Non
461 987 535 1007 sane
557 976 656 1008 invito
687 978 793 1008 animo
824 979 859 1008 fit
884 979 1106 1010 voluntarium.
1153 979 1228 1010 Non
1256 990 1342 1011 sane.
1388 980 1618 1022 Per—injustum

165 1038 239 1058 vero
255 1029 290 1059 fit
303 1029 465 1070 injustitia.
510 1030 571 1061 Fit.
614 1031 770 1072 Injustum
784 1037 890 1063 autem
906 1033 1003 1063 invito
1019 1033 1054 1063 fit
1068 1034 1182 1064 animo.
1228 1032 1334 1066 Certe.
1379 1033 1535 1065 Nolentes
1544 1045 1619 1076 ergo

165 1081 284 1122 injusta
297 1082 426 1118 faciunt,
443 1088 475 1113 et
488 1083 601 1125 injusti
616 1090 689 1115 sunt
703 1090 736 1115 et
750 1086 850 1126 pravi.
893 1086 1048 1118 Nolentes
1074 1092 1171 1125 certe,
1201 1092 1236 1118 ut
1260 1092 1408 1129 apparet·
1447 1088 1522 1120 Non
1545 1099 1619 1130 ergo

166 1136 318 1167 mentitus
333 1140 380 1167 est
395 1142 502 1178 poeta.
547 1137 622 1168 Non
638 1138 772 1170 videtur.

259 1371 362 1421 DE
395 1371 741 1430 VIRTUTE‚
780 1372 887 1421 AN
923 1371 1203 1421 DOCERI
1245 1371 1516 1422 POSSIT.

747 1482 810 1524 [Ex
833 1483 892 1513 Ed.
916 1483 1042 1524 steph]

166 1569 261 1610 [376]
286 1569 472 1601 Docnnme
493 1574 600 1610 potest
616 1570 733 1601 virtus?
757 1580 797 1600 an
819 1569 926 1601 doceri
940 1569 1074 1610 nequit?
1092 1568 1147 1600 sed
1158 1573 1269 1599 natura
1283 1568 1358 1598 boni
1372 1567 1451 1599 fiunt
1465 1568 1620 1606 homines,

165 1628 219 1654 aut
233 1624 294 1654 alio
305 1624 442 1664 quodam
456 1623 554 1654 modo
568 1623 579 1653 ?
602 1623 678 1654 Non
694 1634 825 1664 possum
841 1623 945 1654 dicere
962 1624 994 1653 in
1010 1623 1188 1663 praesentia‚
1202 1622 1354 1653 Socrates.
1381 1622 1424 1652 At
1438 1623 1499 1653 hoc
1515 1622 1619 1664 ipsum

165 1678 211 1708 sic
226 1677 470 1708 consideremus.
513 1677 596 1719 Age,
615 1678 641 1708 si
654 1678 723 1719 quis
738 1679 796 1708 hac
809 1677 924 1708 virtute
935 1682 1088 1718 praestans
1103 1676 1170 1706 fieri
1179 1676 1258 1706 velit
1270 1685 1333 1717 qua
1348 1680 1531 1717 praestantes
1547 1681 1621 1706 sunt

166 1731 324 1772 sapientes
340 1731 418 1767 coci,
434 1730 519 1761 unde
536 1731 595 1772 ipsi
611 1732 670 1761 hoe
687 1732 869 1771 contingere
884 1736 992 1771 posset
1005 1731 1015 1760 ?
1060 1730 1217 1760 Nimirum
1235 1730 1262 1760 si
1277 1739 1296 1759 a
1306 1729 1524 1770 praestantibus
1535 1729 1620 1760 cocis

163 1785 376 1826 coquinariam
392 1784 537 1815 disceret.
582 1784 671 1821 Quid
685 1785 781 1815 vero?
799 1785 826 1814 si
842 1789 995 1824 praestans
1010 1785 1155 1814 medicus
1171 1783 1237 1813 fieri
1252 1783 1360 1818 vellet,
1375 1782 1463 1824 cujus
1478 1782 1616 1823 discipli-

163 1849 205 1869 na
219 1843 371 1879 praestans
386 1837 525 1869 medicus
541 1838 607 1868 fieri
628 1838 759 1879 posset?
806 1837 964 1868 Nimirum
979 1837 1157 1879 praestantis
1177 1836 1309 1877 alicujus
1324 1835 1451 1867 medici.
1494 1836 1528 1867 Si
1545 1845 1619 1866 vero

162 1893 196 1922 iu
212 1902 250 1923 ea
264 1880 376 1922 virtute
392 1897 544 1932 praestans
558 1892 626 1922 fieri
642 1893 718 1922 velit
732 1901 794 1933 qua
806 1892 966 1932 sapientes
987 1898 1058 1923 sunt
1076 1892 1155 1922 fabri
1170 1891 1295 1931 lignarii
1309 1890 1320 1920 ?
1365 1890 1456 1921 Fabri
1480 1890 1619 1932 lignarii.

163 1946 194 1976 Si
213 1956 285 1976 vero
300 1946 359 1976 hac
375 1946 491 1976 virtute
508 1950 657 1986 praestans
673 1945 738 1976 fieri
754 1946 841 1983 velit,
859 1956 921 1986 qua
935 1945 994 1976 viri
1010 1945 1085 1977 boni
1108 1952 1140 1976 et
1162 1945 1333 1987 sapientes,
1360 1954 1422 1986 quo
1441 1944 1618 1985 profectum

163 1998 282 2030 discere
300 2000 451 2040 oportet?
496 1999 639 2029 Arbitror
654 1999 803 2040 equidem
823 2005 854 2030 et
870 2001 962 2039 hanc,
977 2000 1004 2029 si
1019 1998 1147 2040 quidem
1163 1999 1242 2030 disci
1257 2004 1371 2040 potest,
1391 2009 1408 2029 a
1431 1998 1520 2029 bonis
1542 1998 1620 2028 viris

163 2053 282 2084 discere
299 2058 453 2094 oportere.
477 2053 559 2083 unde
576 2053 661 2083 enim
676 2053 803 2084 aliunde
821 2054 832 2084 ?
880 2053 950 2094 Age
965 2054 1084 2094 itaque,
1099 2054 1154 2094 qui
1177 2053 1271 2083 nobis
1298 2053 1355 2082 viri
1372 2052 1448 2083 boni
1476 2057 1509 2082 et
1537 2061 1618 2092 prae·

163 2111 282 2137 stantes
296 2106 439 2136 suerunt?
464 2111 498 2137 ut
513 2106 748 2137 consideremus
765 2117 805 2137 an
827 2107 860 2137 hi
883 2108 947 2138 sint
961 2107 1014 2148 qui
1035 2108 1134 2137 bonos
1150 2107 1281 2143 faciunt,
1295 2105 1511 2148 TllucydideS‚
1533 2105 1616 2136 The-

162 2160 333 2196 mistocles,
348 2158 516 2196 Aristides,
533 2165 566 2190 et
577 2160 728 2191 Pericles.
758 2160 880 2191 Horum
894 2161 989 2202 igitur
1005 2160 1250 2201 uniuscujusque
1262 2159 1422 2191 doctorem
1432 2159 1534 2190 dicere
1546 2169 1617 2200 pos·

163 2224 271 2244 sumus
287 2213 297 2242 ?
343 2213 418 2244 Non
443 2224 618 2255 possumus.
654 2224 758 2255 neque
790 2214 876 2244 enim
902 2214 1026 2245 dicitur.
1079 2214 1165 2251 Quid
1192 2214 1289 2244 vero?
1328 2213 1534 2254 discipulum,
1564 2217 1619 2243 aut

163 2267 301 2309 aliquem
316 2272 489 2303 externum‚
506 2272 559 2298 aut
574 2268 686 2303 civem,
703 2273 756 2298 aut
771 2268 877 2303 alium,
894 2267 1023 2297 liberum
1040 2273 1094 2298 aut
1121 2277 1257 2302 servum,
1279 2267 1458 2307 quicunque
1486 2265 1619 2297 celebris

163 2326 222 2357 est,
238 2327 273 2352 ut
287 2332 343 2362 per
358 2322 465 2352 horum
482 2321 740 2352 consuetudinem
756 2321 878 2362 sapiens
895 2326 925 2351 et
936 2321 1036 2351 bonus
1052 2321 1209 2351 evaserit?
1233 2319 1347 2361 Neque
1359 2321 1418 2351 hoc
1429 2319 1554 2351 dicitur.
1571 2319 1617 2350 At

163 2376 304 2415 nunquid
321 2375 504 2406 invidebant
517 2375 585 2405 aliis
608 2375 784 2405 hominibus
809 2375 954 2405 virtutem
977 2375 1152 2415 impertiri?
1196 2374 1362 2406 Fortassis.
1406 2373 1494 2404 Num
1517 2378 1553 2404 ut
1575 2383 1616 2404 ne

163 2429 265 2459 aexnuli
277 2429 356 2469 ipsis
371 2429 492 2465 fierent,
505 2428 771 2470 quemadmodum
786 2429 853 2459 coci
870 2434 903 2459 et
914 2428 1030 2459 medici
1044 2434 1076 2459 et
1088 2428 1164 2458 fabri
1190 2427 1315 2469 lignarii
1337 2426 1497 2458 sentiunt?
1542 2426 1619 2457 Non

163 2482 248 2512 enim
263 2482 412 2513 conducit
435 2483 513 2524 ipsis
528 2483 643 2512 multos
665 2483 738 2513 artis
769 2483 899 2513 :emulos
922 2483 998 2519 fieri,
1022 2492 1124 2523 neque
1148 2483 1229 2513 inter
1252 2481 1368 2512 multos
1395 2480 1472 2522 ipsis
1497 2480 1617 2511 similes

162 2536 315 2566 habitare.
360 2535 512 2577 Nunquid
525 2536 621 2566 etiam
637 2536 681 2566 sic.
698 2536 770 2566 viris
783 2537 869 2567 bonis
886 2546 950 2566 non
966 2537 1116 2567 conducit
1132 2536 1214 2566 inter
1228 2535 1346 2566 similes
1361 2534 1440 2575 ipsis
1454 2534 1617 2564 habitare?

164 2590 327 2625 Fortassis,
373 2589 488 2620 Nonne
504 2590 600 2620 iidem
614 2590 688 2620 boni
705 2595 779 2620 sunt
793 2595 825 2620 et
836 2589 940 2630 justi?
985 2590 1091 2621 Certe.
1136 2589 1192 2619 Est
1208 2589 1302 2630 igitur
1316 2588 1386 2629 quis
1402 2588 1453 2619 cui
1468 2587 1618 2618 conducit

163 2654 227 2673 non
253 2643 334 2673 inter
357 2643 454 2674 bonos
476 2644 558 2674 viros
572 2644 725 2684 habitare,
749 2643 804 2673 sed
820 2643 904 2674 inter
924 2643 1047 2674 malos?
1092 2642 1166 2673 Non
1190 2652 1316 2683 possum
1339 2641 1455 2672 dicere.
1500 2641 1615 2681 Neque

162 2707 236 2727 vero
251 2697 309 2727 hoc
325 2697 429 2728 dicere
443 2703 543 2738 potes,
570 2702 670 2728 utrum
695 2698 847 2728 bonorum
871 2696 1000 2738 quidem
1024 2707 1102 2738 opus
1124 2701 1174 2727 est
1194 2696 1321 2732 laedere,
1348 2696 1500 2726 malorum
1529 2704 1617 2731 vero,

164 2750 325 2791 prodesse,
341 2756 393 2781 aut
409 2751 541 2781 contra?
591 2751 716 2782 Contra.
762 2751 845 2782 Boni
859 2762 930 2792 ergo
948 2756 1087 2792 prosunt,
1114 2750 1190 2781 mali
1211 2749 1312 2790 [377]
1336 2749 1464 2780 laedunt.
1511 2747 1620 2780 Certe.

164 2803 221 2834 Est
234 2804 325 2845 igitur
341 2805 394 2845 qui
415 2805 505 2835 malit
522 2805 593 2835 laedi
606 2815 698 2846 quain
714 2805 883 2835 utilitatem
903 2805 1038 2846 capere?
1085 2804 1150 2835 Vix
1171 2815 1208 2835 ac
1233 2814 1272 2834 ne
1295 2804 1345 2834 vix
1372 2802 1500 2843 quidem
1522 2801 1617 2832 ullus.

162 2856 266 2888 Nemo
281 2868 354 2898 ergo
369 2858 437 2888 vult
451 2859 533 2888 inter
549 2860 647 2890 malos
663 2858 766 2900 potius
781 2859 917 2890 habitare
933 2869 1026 2900 quam
1055 2858 1138 2889 inter
1165 2858 1275 2888 bonos.
1320 2857 1370 2887 Ita
1391 2861 1452 2886 est.
1496 2855 1615 2887 Nullus

162 2920 239 2951 crgo
268 2911 366 2942 bonus
383 2912 427 2942 vir
448 2912 568 2943 invidet
594 2913 684 2943 alteri
710 2919 745 2944 ut
767 2913 882 2944 bonum
910 2918 942 2943 et
972 2913 1108 2944 similem
1138 2911 1260 2953 sibiipsi
1287 2910 1393 2942 faciat.
1438 2909 1514 2941 Non
1541 2918 1615 2940 sane
