1840 3225
227 234 278 271 20
819 228 1083 269 PLATonls
1616 228 1688 281 [47

228 346 265 366 ex
291 345 394 366 carum
420 344 560 371 numero,
585 343 656 375 quae
680 332 796 364 doloris
823 332 894 373 plus
920 341 1012 372 quam
1037 331 1255 363 delectationis
1269 331 1444 369 continent,
1460 341 1512 364 eas
1526 341 1691 374 esse,quae

228 389 361 423 scabiem
377 394 549 431 sequuntur
564 393 595 418 et
610 397 680 428 quae
696 386 889 418 titillationes
905 398 912 416 :
938 386 1065 428 quando
1077 386 1164 428 quod
1178 386 1260 417 intus
1276 392 1335 426 cst,
1351 387 1450 418 fervet
1464 391 1558 428 atque
1575 390 1691 423 tumes-

228 443 282 480 cit,
297 453 399 485 neque
416 442 610 485 perfricando
625 447 680 473 aut
694 440 880 482 exagitando
897 441 967 482 quis
977 439 1116 481 attingit,
1128 440 1213 481 quod
1226 450 1296 471 vero
1307 440 1388 472 circa
1400 445 1503 472 cutem
1517 444 1565 472 est
1576 438 1692 475 solum,

228 497 388 528 diffundit.
412 503 489 529 tunc
506 507 580 528 sane
603 496 659 528 illa
674 495 808 527 ferentes
830 495 870 526 ad
894 495 1010 536 ignem,
1034 499 1065 525 et
1081 494 1112 524 in
1127 494 1313 526 contrarium
1338 494 1540 536 ambiguitate
1555 492 1691 535 quadam

227 561 440 591 saepenumero
457 554 695 581 transmutantes
715 548 946 580 inaestimabiles
961 547 1139 589 voluptates
1155 548 1277 588 pariunt
1291 559 1298 578 :
1323 547 1493 589 aliquando
1508 552 1628 584 contra,
1642 545 1692 577 in·

228 604 389 635 terioribus
406 604 446 635 ad
473 604 657 636 exteriorum
673 602 829 634 molestias
853 601 1066 644 voluptatibus
1082 601 1207 643 mixtas,
1222 602 1255 633 in
1271 606 1368 633 utram
1387 606 1505 644 partem
1520 599 1691 632 declinatio

227 657 293 694 fiat,
311 657 478 689 exhibent:
504 668 541 688 ex
556 667 594 688 eo
609 657 694 698 quod
718 655 885 688 commixta
908 666 963 696 per
979 654 1159 686 violentiam
1182 655 1373 692 diffundant,
1396 656 1444 687 vel
1461 655 1600 696 dispersa
1615 663 1692 686 con·

227 711 373 749 fundant,
397 712 471 754 [47]
494 711 647 753 simulque
663 711 876 752 voluptatibus
890 710 1014 742 dolores
1029 711 1227 742 admoveant.
1273 710 1358 742 Pno.
1380 710 1466 741 Vera
1477 719 1592 740 narras.
1635 707 1692 739 So.

228 764 347 798 Nonne
371 766 496 803 iterum,
513 776 583 797 curn
600 765 745 807 voluptas
768 765 899 807 amplior
921 765 1093 797 secundum
1108 765 1181 796 talia
1207 765 1350 797 universa
1368 764 1596 800 commiscetur,
1616 767 1692 794 tunc

230 821 332 863 portio
348 820 465 852 doloris
481 821 594 852 innexa
611 820 728 859 titillat,
743 825 775 851 et
791 820 851 850 levi
865 819 999 861 quadam
1016 819 1139 850 tristitia
1155 819 1268 851 afficit:
1292 824 1387 862 atque
1397 819 1510 850 iterum
1520 816 1694 859 voluptatis

231 874 355 906 uberior
370 884 442 916 pars
457 874 571 912 infusa,
595 879 756 915 provocat,
772 874 972 904 etinterdum
997 873 1136 915 prosilire
1151 873 1324 915 compellit,
1346 879 1377 904 et
1393 873 1593 904 omniforme
1606 871 1693 903 colo-

228 939 287 965 res,
304 929 487 970 omnigenas
503 928 628 970 figuras,
644 928 840 959 omnimodos
858 927 987 969 spiritus
1004 937 1074 959 cum
1091 928 1175 958 omni
1185 928 1400 964 incitamento,
1411 932 1443 958 et
1451 925 1693 958 exclamationes

229 993 299 1013 cum
316 982 435 1013 insania
453 983 553 1023 parit?
598 982 685 1013 Pao.
708 982 921 1023 Summopere.
967 981 1023 1013 So.
1048 981 1142 1022 Cogit
1166 986 1329 1022 praeterea,
1344 992 1362 1012 o
1379 981 1489 1021 amice,
1511 981 1551 1012 de
1566 990 1611 1021 se,
1624 985 1693 1010 tum

229 1036 346 1077 ipsum,
375 1036 423 1067 vel
447 1041 512 1067 tum
536 1035 642 1072 alium,
670 1036 853 1071 exclamare,
878 1036 963 1076 quod
987 1034 1034 1065 his
1057 1035 1270 1076 voluptatibus
1291 1035 1441 1066 delinitus
1456 1045 1492 1067 ac
1518 1034 1695 1076 liquescens

226 1091 454 1131 propemodum
483 1090 630 1121 moritur:
656 1100 757 1130 eoque
784 1089 882 1129 tnagis
908 1088 1102 1129 ejuscemodi
1127 1088 1304 1130 voluptates
1319 1093 1454 1119 sectatur
1468 1088 1612 1130 quisque,
1627 1097 1692 1130 quo

227 1144 485 1185 intemperantior
498 1143 567 1186 quis
583 1149 615 1174 et
640 1143 867 1185 imprudentior
890 1149 946 1174 est.
971 1148 1066 1184 atque
1089 1143 1143 1173 has
1167 1143 1293 1184 insuper
1316 1152 1450 1174 summas
1465 1142 1695 1176 oblectationes

228 1197 390 1238 praedicat,
416 1204 448 1229 et
472 1208 555 1234 eum,
583 1198 638 1238 qui
663 1197 702 1228 iis
728 1197 848 1229 deliciis
873 1202 970 1228 totam
994 1197 1089 1228 vitain
1105 1197 1268 1238 mulcetur,
1292 1197 1502 1228 beatissimum
1518 1198 1693 1231 arbitratur.

228 1252 317 1283 Pno.
339 1251 465 1288 Omnia,
481 1262 550 1294 quae
566 1251 650 1293 apud
678 1251 791 1282 multos
814 1250 845 1280 in
869 1250 1130 1281 existimationem
1158 1250 1299 1287 veniunt,
1324 1261 1342 1281 ο
1359 1250 1511 1287 Socrates,
1528 1251 1695 1293 collegisti,

230 1305 286 1336 So.
309 1304 360 1336 De
376 1305 603 1347 voluptatibus,
619 1316 637 1335 ο
654 1304 834 1340 Protarcho,
850 1314 921 1344 quae
937 1303 969 1334 in
986 1303 1203 1334 communibus
1219 1304 1355 1344 corporis
1370 1304 1566 1345 passionibus
1579 1306 1694 1337 extrin-

227 1369 318 1390 secus
333 1358 555 1389 intrinsecusve
571 1358 748 1394 miscentur,
772 1362 819 1388 est
834 1357 963 1388 dictum.
1010 1356 1060 1387 De
1083 1357 1121 1387 iis
1144 1367 1226 1392 vero,
1250 1367 1320 1398 quae
1338 1358 1504 1389 miscentur
1530 1358 1562 1389 in
1578 1359 1695 1398 anima,

229 1412 382 1444 contraria
401 1412 543 1453 quaedam
561 1411 599 1442 ad
615 1421 728 1451 corpus
743 1410 964 1451 conjiciuntur,
978 1410 1169 1451 voluptatem
1182 1410 1301 1442 scilicet
1313 1421 1383 1442 cum
1395 1412 1502 1443 dolore
1511 1418 1543 1444 et
1556 1413 1693 1444 dolorem

229 1476 302 1501 curn
328 1465 490 1507 voluptate
505 1465 539 1496 in
556 1475 648 1495 unam
675 1464 855 1495 mixtionem
871 1474 1064 1495 concurrere.
1110 1463 1153 1494 Et
1176 1464 1243 1495 haec
1265 1464 1299 1495 in
1314 1465 1523 1506 superioribus
1546 1468 1696 1508 percurri-

228 1529 309 1557 mus,
332 1520 417 1561 quod
446 1519 572 1561 quando
599 1518 786 1555 exhauritur,
814 1518 1016 1560 repletionem
1045 1518 1145 1559 cupit,
1170 1523 1202 1549 et
1228 1529 1353 1559 sperans
1380 1520 1509 1560 gaudet,
1523 1522 1694 1553 exhaustus

232 1573 367 1615 angitur.
413 1573 478 1604 Ista
494 1579 570 1604 tunc
586 1571 713 1614 quidem
731 1572 915 1603 testimoniis
931 1572 1058 1603 minime
1072 1572 1320 1604 confirmavimus
1335 1585 1342 1602 :
1366 1583 1449 1605 nunc
1465 1584 1537 1605 vero
1549 1574 1694 1613 dicimus,

231 1629 316 1670 quod
334 1627 438 1658 anima
453 1638 472 1658 a
497 1637 627 1669 corpore
651 1627 859 1668 discrepante,
881 1626 915 1658 in
930 1627 968 1658 iis
992 1627 1150 1667 omnibus,
1174 1637 1304 1668 quorum
1329 1628 1412 1658 haud
1427 1626 1500 1658 satis
1526 1628 1694 1661 multitudo

229 1681 520 1723 comprehenditur,
546 1681 652 1712 mixtio
681 1691 741 1712 una
764 1680 879 1712 doloris
902 1685 934 1711 et
957 1680 1126 1721 voluptatis
1151 1681 1291 1722 emergit.
1335 1681 1422 1713 Pno.
1447 1680 1549 1714 Recte
1563 1682 1694 1714 nimium

229 1736 316 1777 loqui
339 1735 464 1767 videris.
507 1735 563 1767 So.
587 1734 660 1766 Una
682 1740 831 1776 praeterea
857 1734 973 1766 doloris
1000 1734 1229 1776 voluptatisque
1256 1735 1433 1776 congressio
1455 1741 1561 1767 restat.
1603 1735 1694 1770 Pno.

230 1789 383 1826 Quaenam
397 1790 408 1820 ?
443 1789 498 1821 So.
521 1789 624 1826 Quam
640 1798 723 1830 saepe
738 1788 838 1830 ipsam
854 1787 886 1818 in
903 1788 1004 1829 seipsa
1019 1787 1154 1819 animam
1170 1788 1313 1829 accipere
1328 1788 1473 1820 diximus.
1511 1789 1596 1821 Pao.
1620 1790 1694 1827 Qua

228 1843 350 1875 ratione
364 1842 447 1874 istud
464 1842 648 1874 asserimus?
693 1842 749 1874 So.
774 1842 866 1883 Iram,
886 1842 1038 1883 timorem,
1050 1842 1250 1880 desiderium,
1264 1842 1531 1879 lamentationem,
1545 1853 1693 1880 amorem,

229 1897 474 1937 aemulationem,
489 1897 649 1937 invidiam,
663 1902 695 1928 et
711 1896 889 1938 hujusmodi
905 1897 1037 1938 reliqua,
1053 1907 1091 1927 an
1116 1907 1179 1927 nou
1197 1897 1264 1928 haee
1281 1896 1387 1927 omnia
1402 1897 1524 1928 dolores
1540 1898 1693 1938 quosdam

228 1951 325 1991 ipsius
340 1951 451 1983 animae
463 1952 578 1992 ponis?
626 1951 713 1982 Pno.
738 1950 906 1992 Equidem.
952 1950 1010 1982 So.
1035 1949 1151 1981 Nonne
1161 1950 1285 1982 dolores
1296 1949 1475 1992 hujusmodi
1489 1950 1598 1991 plenos
1609 1951 1695 1983 miris

229 2004 416 2045 quibusdam
432 2005 644 2046 voluptatibus
660 2004 798 2036 invenire
814 2005 910 2036 licet?
935 2015 975 2035 an
991 2004 1069 2036 forte
1085 2004 1119 2035 in
1135 2004 1313 2035 memoriam
1340 2004 1430 2035 nobis
1451 2004 1530 2035 illud
1545 2005 1694 2037 reducere

230 2063 365 2099 oportet,
381 2059 478 2100 quod,
495 2059 758 2100 quemadmodum
775 2059 859 2099 apud
886 2058 1058 2089 Homerum
1076 2058 1203 2095 accidit,
1220 2058 1318 2090 virum
1341 2058 1389 2089 vel
1407 2058 1590 2100 prudentem
1606 2058 1696 2093 irasci

229 2122 267 2144 eo
283 2117 385 2144 tamen
402 2118 506 2154 pacto,
521 2118 555 2143 ut
580 2112 647 2153 ejus
665 2112 795 2143 affectus
811 2112 932 2143 dulcior
957 2112 1048 2143 melle
1074 2112 1114 2143 sit
1124 2111 1243 2153 jugiter
1265 2112 1450 2148 distillante,
1470 2112 1515 2143 sic
1531 2113 1694 2154 contingat

229 2165 263 2196 in
280 2165 355 2202 vita,
371 2172 406 2196 ut
421 2166 590 2208 aliquando
606 2167 656 2197 irae
672 2166 806 2198 dulcedo
833 2166 909 2208 [48]
935 2166 1111 2203 misceatur,
1127 2171 1160 2196 et
1175 2166 1353 2207 voluptates
1371 2166 1402 2196 in
1420 2165 1693 2198 lamentationibus

229 2224 323 2261 atque
340 2220 500 2252 desideriis
513 2219 644 2251 tristitiae
661 2220 763 2251 mixtae
779 2220 862 2251 sint?
897 2220 984 2252 Pno.
1009 2219 1236 2261 Nequaquam:
1261 2230 1366 2250 verum
1383 2219 1426 2251 sic
1442 2219 1514 2260 ista,
1529 2230 1587 2252 nec
1602 2220 1691 2253 aliter

230 2274 388 2305 accidunt.
431 2274 487 2305 So.
511 2274 597 2311 Quin
613 2274 705 2306 etiarn
723 2274 901 2312 meministi,
918 2285 970 2306 cos
984 2275 1036 2316 qui
1053 2274 1178 2315 tragicis
1193 2273 1381 2315 spectaculis
1397 2273 1618 2311 adstant‚dum
1634 2275 1692 2307 de-

230 2329 394 2364 lectantur,
408 2338 491 2370 saepe
508 2328 634 2369 lugere?
681 2328 768 2360 Pno.
792 2329 937 2360 Memini.
985 2329 1042 2359 So.
1065 2327 1107 2358 Et
1119 2328 1149 2358 in
1161 2327 1322 2359 comoediis
1332 2328 1426 2359 animi
1438 2328 1534 2359 nostri
1547 2327 1693 2360 affectum

231 2381 271 2412 ad
287 2382 528 2414 oblectationem
545 2382 635 2413 simul
652 2387 745 2424 atque
773 2393 932 2414 moerorem
957 2382 1114 2414 declinare
1139 2382 1281 2414 sensisti?
1325 2381 1413 2413 Pno.
1437 2381 1533 2413 Haud
1549 2382 1623 2414 satis
1638 2383 1695 2414 nd-

231 2434 319 2466 verti.
365 2435 420 2467 So.
444 2435 519 2467 Non
535 2436 618 2467 euim
633 2437 727 2468 facile
745 2443 802 2473 est,
828 2448 846 2468 o
864 2437 1043 2473 Protarche,
1062 2436 1208 2468 affectum
1226 2435 1407 2475 hujusmodi
1423 2435 1539 2476 ubique
1554 2445 1695 2478 compre-

230 2488 376 2520 hendere.
423 2488 509 2521 Pno.
534 2488 609 2520 Non
625 2496 718 2527 certe,
735 2496 770 2521 ut
786 2491 858 2521 mihi
876 2490 1030 2521 videntur.
1075 2490 1130 2520 So.
1157 2490 1264 2530 Ipsum
1287 2489 1381 2529 igitur
1395 2494 1481 2519 tanto
1498 2489 1597 2530 magis
1612 2489 1694 2522 neci-

232 2541 365 2582 piamus,
381 2547 498 2582 quanto
514 2548 560 2573 est
576 2544 732 2575 obscurior
746 2555 753 2575 :
779 2551 813 2575 ut
830 2543 860 2574 in
877 2545 988 2576 ceteris
1003 2543 1124 2574 facilius
1140 2543 1210 2583 quis
1227 2542 1394 2584 voluptatis
1410 2542 1602 2584 tristitiasque
1618 2553 1694 2575 con-

232 2605 354 2626 cursum
372 2596 530 2638 percipere
548 2598 659 2629 valeat.
706 2597 794 2629 Pno.
820 2596 883 2629 Dic
895 2597 973 2638 jam.
1020 2597 1074 2628 So.
1099 2595 1231 2628 Invidiae
1248 2607 1374 2632 nomen,
1387 2595 1481 2638 paulo
1496 2601 1569 2626 ante
1584 2596 1695 2628 induc-

232 2653 312 2689 tum,
338 2653 440 2681 utrum
470 2650 607 2682 dolorem
639 2652 795 2692 quendam
827 2651 1000 2693 significare
1030 2661 1149 2687 censes,
1179 2651 1302 2682 necne?
1347 2651 1434 2682 Puo.
1458 2649 1594 2681 Censeo.
1637 2650 1695 2682 So.

232 2702 364 2734 Invidus
379 2707 480 2734 tamen
499 2705 706 2745 proximorum
726 2705 862 2737 adversis
876 2706 973 2736 laetari
987 2705 1239 2746 deprehenditur.
1276 2704 1362 2736 Puo.
1389 2703 1607 2735 Vehementer.
1639 2703 1695 2736 So.

233 2756 356 2788 Malum
387 2757 513 2799 quidem
536 2759 714 2799 ignorantia
740 2765 799 2800 est,
825 2765 869 2800 et,
896 2765 931 2790 ut
954 2770 1038 2790 nunc
1068 2759 1236 2801 loquimur,
1266 2758 1397 2790 stolidus
1427 2756 1561 2788 habitus.
1605 2756 1694 2788 Pno.

235 2810 384 2847 Quidni?
429 2811 486 2842 So.
509 2811 556 2842 Ex
573 2812 620 2843 his
645 2814 763 2854 aspice,
779 2813 944 2845 ridiculum
961 2814 1062 2855 ipsum
1091 2824 1183 2854 quam
1199 2818 1338 2843 naturam
1354 2812 1477 2843 habeat.
1521 2809 1609 2842 Pno.
1632 2809 1695 2842 Dic

234 2865 339 2898 modo.
385 2864 440 2902 So.
464 2865 517 2896 Est
534 2866 640 2912 utique
657 2869 830 2898 summatim
858 2868 1041 2909 depravatio
1065 2867 1221 2908 quredaiu,
1247 2866 1370 2896 habitus
1393 2863 1525 2905 alicujus
1551 2862 1695 2894 denomi-

233 2924 317 2951 nata.
342 2925 374 2951 et
395 2930 432 2950 ex
452 2920 535 2951 omni
560 2931 671 2961 genere
698 2922 904 2963 improbitatis
929 2933 966 2952 ea
992 2928 1049 2959 cst,
1066 2932 1136 2964 quae
1153 2921 1336 2953 contrariam
1359 2918 1572 2951 conditionem
1588 2917 1694 2954 habet,

228 2982 321 3013 quam
349 2972 505 3015 Delphica
530 2973 643 3016 scripta
668 2977 881 3017 praeccpcriut.
927 2976 1014 3009 Pno.
1039 2977 1160 3019 Inquis,
1189 2987 1206 3007 o
1231 2975 1384 3013 Socrates,
1407 2977 1598 3015 prmccpturn
1614 2972 1688 3010 hoc,
