1840 3225
188 244 238 280 36
636 239 903 279 PLATONIS
933 238 1198 278 THEAGES.
1558 243 1655 294 [130

187 344 308 377 Ioniam
325 344 519 376 militaturus.
564 343 633 386 Ego
647 349 752 375 autem
776 342 863 375 illum
890 343 1033 374 existimo
1049 343 1097 374 vel
1114 343 1310 374 interfectum
1338 343 1387 380 iri,
1415 343 1464 375 vel
1491 344 1524 374 in
1545 343 1654 385 hujus-

187 400 273 431 modi
296 399 416 440 aliquid
440 398 631 430 incursurum
647 410 654 428 :
680 403 711 428 et
727 398 767 428 de
783 397 844 428 alia
859 396 1074 438 negotiatione
1089 398 1288 428 vehementer
1304 397 1411 428 timeo.
1456 397 1536 429 Haec
1550 397 1655 428 omnia

186 454 242 485 tibi
260 455 331 485 ideo
347 454 425 492 dixi,
441 454 515 496 quia
530 453 672 496 potentia
689 453 755 483 haec
771 453 864 493 hujus
880 452 1028 482 daemonii
1042 452 1076 482 in
1088 451 1312 483 familiaritates
1327 462 1445 487 eorum,
1461 452 1516 493 qui
1532 461 1654 483 mecum

186 513 356 545 versantur,
382 507 488 538 omnia
513 510 628 549 potest.
674 505 787 536 Multis
814 505 897 536 enim
913 506 1104 542 adversatur,
1122 516 1224 547 neque
1249 505 1323 537 licet
1343 505 1391 536 his
1407 505 1555 536 auxilium
1571 504 1655 541 ferri.

186 561 242 602 qui
256 572 390 599 mecum,
416 561 515 591 invito
539 561 694 596 daemone,
717 558 978 590 consuetudinem
1006 559 1134 595 habent,
1163 569 1257 600 quare
1283 558 1474 600 impossibile
1499 563 1547 590 est
1566 559 1654 596 mibi,

187 625 259 646 cum
274 615 311 645 iis
326 614 441 647 vivere.
486 614 600 645 Multis
615 618 718 644 autem
734 613 849 643 haerere
865 623 928 643 non
946 612 1090 653 prohibet
1104 625 1111 643 :
1136 613 1190 644 sed
1207 613 1434 644 consuetudine
1457 619 1562 643 nostra
1577 613 1654 644 nihil

188 668 316 699 omnino
327 668 490 710 juvantur.
538 667 662 705 Quibus
677 671 781 697 autem
794 666 905 697 faverit
922 666 954 696 in
971 666 1038 708 ipsa
1053 666 1264 698 familiaritate
1280 672 1416 708 potestas
1428 666 1586 702 daemonii,
1603 665 1656 696 isti

187 727 272 762 sunt,
287 722 327 753 de
343 722 455 763 quibus
471 721 539 763 ipse
558 719 693 752 sensisti.
716 720 800 751 brevi
816 720 900 751 enim
917 720 1094 761 proficiunt.
1141 720 1202 752 Sed
1219 731 1324 752 eorum
1347 720 1461 762 partim
1481 720 1543 751 hoc
1558 720 1655 750 bene-

184 775 290 807 ficium
317 774 414 816 [130]
437 775 556 806 firmum
582 775 699 805 habent
725 766 821 814 atque
847 773 1001 804 durabile.
1024 773 1165 815 plerique
1188 785 1272 812 vero,
1294 775 1399 816 quoad
1424 784 1545 805 mecum
1568 778 1654 810 sunt,

186 820 315 860 mirifice
338 828 478 870 pollent:
505 833 538 859 at
552 839 623 859 cum
639 838 658 858 a
674 838 722 858 me
738 827 948 864 discesserint,
970 838 1072 858 rursus
1100 828 1199 859 nihilo
1223 829 1262 859 ab
1289 828 1357 859 aliis
1372 828 1535 859 differunt.
1579 826 1652 858 Hoc

184 883 376 924 quandoque
390 881 507 914 accidit
522 881 670 921 Aristidi,
685 881 865 922 Lysimachi
883 881 958 913 filio.
1004 880 1088 912 Nam
1104 892 1226 913 mecum
1248 891 1453 918 commotam,
1475 881 1560 912 brevi
1574 880 1655 911 mul·

187 942 252 967 tum
266 936 409 977 profecit.
434 940 545 977 postea
560 946 631 966 vero
647 935 679 965 in
697 934 838 964 militiam
857 934 1014 975 profectus
1030 940 1089 967 est.
1114 936 1236 966 rediens
1251 935 1367 966 deinde
1382 934 1517 966 offendit
1532 944 1652 965 mecum

187 1001 254 1021 esse
269 990 505 1032 Thucydidem,
519 989 665 1020 Mellissii
690 989 803 1019 filium.
826 988 877 1019 hic
893 993 997 1019 autem
1013 989 1217 1030 Thucydides
1242 989 1343 1031 pridie
1367 988 1442 1019 mihi
1462 987 1655 1018 adversarius

184 1043 218 1074 in
232 1044 425 1074 sermonibus
440 1043 626 1084 quibusdam
643 1043 796 1073 extiterat.
844 1042 925 1073 Cum
951 1053 1000 1073 me
1017 1043 1191 1079 salutasset,
1217 1048 1249 1073 et
1268 1043 1411 1084 quaedam
1426 1042 1554 1083 insuper
1576 1041 1655 1072 allo·

185 1101 276 1128 cutus
292 1101 373 1127 esset
389 1095 555 1132 Aristides,
571 1095 806 1136 Thucydidem,
823 1094 938 1137 inquit,
956 1105 974 1125 o
990 1096 1145 1132 Socrates,
1161 1095 1255 1127 audio
1270 1096 1408 1138 gloriari,
1431 1100 1463 1126 et
1477 1095 1510 1126 in
1525 1095 1654 1137 quibus-

185 1151 257 1180 dam
275 1154 378 1181 tecum
395 1149 489 1179 etiam
505 1153 696 1185 concertare,
714 1154 862 1189 tanquam
877 1148 996 1190 aliquid
1023 1149 1074 1180 sit.
1120 1149 1189 1187 Est,
1215 1149 1355 1191 inquam,
1381 1154 1417 1180 ut
1439 1149 1529 1181 dicis.
1572 1148 1653 1179 Tum

183 1204 249 1240 ille,
279 1203 396 1235 Nonne
425 1202 578 1243 meminit,
608 1203 722 1244 inquit,
745 1207 913 1243 antequam
940 1202 997 1233 tibi
1023 1204 1206 1240 adhaereret,
1231 1209 1380 1245 tanquam
1403 1203 1594 1244 mancipium
1617 1213 1651 1233 sc

184 1257 303 1288 fuisse?
341 1256 417 1288 Non
445 1257 577 1293 videtur,
608 1256 751 1297 inquam,
780 1266 835 1297 per
865 1256 951 1286 deos.
996 1256 1041 1287 At
1069 1266 1140 1298 ege,
1171 1257 1274 1298 inquit
1296 1257 1364 1296 ille,
1394 1257 1545 1288 ridiculus
1573 1267 1652 1288 sum.

185 1311 347 1348 Quidnam
379 1310 523 1351 maxime,
552 1310 678 1351 inquam
692 1310 703 1340 ?
758 1309 916 1347 Quoniam
955 1310 1136 1351 priusquam
1162 1311 1236 1342 hinc
1276 1312 1405 1348 abirem,
1436 1321 1506 1342 cum
1541 1312 1653 1352 quovis

183 1365 344 1406 disputare
360 1364 526 1400 audebam,
550 1374 653 1405 neque
680 1363 785 1405 aliquo
804 1363 931 1394 videbar
951 1364 986 1394 in
1010 1365 1191 1396 disserendo
1218 1366 1362 1401 deterior,
1386 1366 1466 1396 adeo
1492 1370 1527 1395 ut
1553 1369 1651 1396 coetus

185 1418 397 1461 praestantium
434 1418 566 1448 virorum
594 1417 743 1448 audacter
773 1417 902 1447 adirem.
949 1417 981 1447 N
984 1428 1045 1448 unc
1073 1423 1177 1449 autem
1215 1424 1323 1449 contra
1354 1418 1456 1459 fugio,
1481 1428 1652 1459 quemcun-

184 1482 248 1514 que
262 1471 418 1503 eruditum
433 1481 500 1501 esse
523 1470 690 1511 intelligo:
715 1471 795 1501 adeo
821 1471 942 1511 pudore
969 1471 1111 1502 abducor
1134 1473 1175 1502 ob
1202 1482 1302 1503 meam
1326 1471 1493 1503 inscitiam.
1539 1471 1653 1503 Utrum

183 1526 292 1568 igitur,
318 1526 458 1567 inquam,
486 1534 503 1554 e
529 1524 661 1565 vestigio
688 1529 719 1555 te
744 1524 871 1565 reliquit
897 1525 967 1566 ipsa
996 1526 1053 1563 vis,
1080 1536 1118 1556 an
1145 1526 1317 1568 paulatim?
1352 1525 1519 1562 Paulatim,
1536 1525 1651 1567 inquit.

185 1580 323 1617 Quando
338 1589 409 1610 vero
425 1577 458 1608 in
474 1583 504 1609 te
520 1577 671 1609 incessit?
696 1583 797 1608 utrum
814 1578 930 1609 accidit
955 1578 1009 1609 tibi
1035 1579 1154 1621 aliquid
1182 1590 1201 1610 a
1227 1590 1275 1611 me
1304 1579 1450 1615 discenti,
1475 1589 1514 1609 an
1539 1578 1653 1609 aliter?

183 1633 312 1670 Dicam,
327 1643 345 1663 ο
368 1631 523 1667 Socrates,
541 1642 604 1661 rem
622 1631 750 1672 quidem
767 1631 997 1671 incredibilem,
1013 1643 1115 1663 veram
1139 1638 1256 1664 tamen.
1300 1632 1389 1663 Nihil
1416 1642 1551 1674 unquam
1567 1642 1586 1662 a
1609 1637 1652 1668 te,

185 1691 222 1718 ut
235 1686 302 1727 ipse
318 1686 391 1725 scis,
412 1684 529 1716 didici:
555 1685 755 1726 proficiebam
781 1690 897 1723 autem,
928 1687 1199 1728 quotienscunque
1215 1693 1318 1718 tecum
1334 1697 1431 1718 essem
1447 1698 1455 1716 ;
1481 1686 1539 1717 etsi
1553 1686 1585 1716 in
1601 1696 1655 1717 ea-

185 1740 258 1771 dem
274 1739 374 1770 solum
390 1739 484 1769 domo
500 1749 613 1780 essem,
629 1750 694 1770 non
711 1744 816 1771 tamen
833 1740 865 1770 in
880 1740 990 1771 eadem
1004 1746 1092 1782 parte
1107 1742 1218 1772 domus
1232 1753 1239 1771 :
1263 1741 1361 1782 magis
1376 1746 1493 1780 tamen,
1509 1740 1654 1781 quotiens

185 1794 295 1824 eadem
320 1792 477 1834 in'parte.
523 1792 564 1823 Et
586 1793 661 1823 mihi
677 1794 805 1835 quidem
822 1795 949 1826 videbar
976 1796 1074 1826 multo
1097 1796 1206 1838 magis,
1222 1796 1349 1837 quando
1373 1796 1406 1826 in
1432 1795 1541 1826 eadem
1566 1800 1655 1837 parte

185 1847 334 1887 existens,
359 1845 478 1888 aliquid
504 1851 535 1877 te
562 1847 719 1878 dicentem
747 1848 902 1885 intuebar,
929 1859 1023 1890 quarn
1048 1860 1119 1880 cum
1135 1849 1198 1880 alio
1212 1850 1359 1880 intuerer.
1380 1849 1435 1880 sed
1450 1848 1543 1889 longe
1557 1848 1656 1890 magis

187 1900 401 1941 proficiebam,
414 1910 484 1931 cum
501 1901 587 1942 apud
604 1906 635 1932 te
651 1901 774 1938 sedens,
792 1907 822 1933 te
839 1903 1019 1943 tangebam.
1042 1914 1127 1935 nunc
1144 1909 1247 1934 autem
1263 1903 1364 1934 omnis
1380 1902 1504 1933 habitus
1527 1902 1580 1933 ille
1596 1903 1653 1934 de-

185 1954 288 1987 fluxit.
332 1953 391 1984 Est
403 1953 507 1994 igitur,
524 1965 543 1985 0
558 1954 712 1996 Theages‚
727 1954 910 1996 hujusmodi
925 1961 1030 1987 nostra
1044 1957 1251 1989 consuetudo.
1297 1956 1329 1988 Si
1345 1956 1429 1987 enim
1444 1955 1517 1987 Deo
1532 1961 1653 1997 gratum

185 2013 245 2049 est,
257 2007 444 2049 permultum
457 2006 582 2048 quidem
597 2013 629 2039 et
645 2009 729 2040 brevi
745 2009 888 2050 proficies
904 2022 910 2039 :
937 2009 985 2040 sin
1002 2015 1121 2047 contra,
1137 2010 1275 2041 minime.
1319 2010 1403 2041 Vide
1417 2009 1524 2051 igitur,
1539 2019 1580 2041 ne
1595 2011 1655 2042 tibi

185 2061 283 2092 tutius
307 2060 358 2097 sit,
374 2061 413 2090 ab
428 2060 534 2102 aliquo
551 2061 672 2092 illorum
690 2061 817 2104 erudiri,
832 2063 886 2105 qui
902 2063 962 2104 ipsi
977 2063 1011 2094 in
1035 2075 1090 2095 sua
1113 2069 1268 2105 potestate
1292 2063 1457 2096 continent
1472 2062 1653 2101 utilitatem,

185 2124 248 2156 qua
261 2113 440 2144 hominibus
455 2120 598 2155 prosunt,
609 2112 707 2157 'quam
724 2126 742 2147 a
755 2126 803 2147 me
816 2117 940 2148 fortuna
955 2118 1089 2159 quadam
1101 2118 1132 2148 id
1148 2117 1282 2159 assequi.
1325 2117 1413 2147 Tuis.
1427 2116 1510 2147 Mihi
1524 2118 1652 2159 quidem

185 2168 231 2199 sic
246 2166 437 2207 faciendum,
452 2167 606 2205 Socrates,
632 2169 731 2210 [131]
755 2170 891 2210 videtur,
915 2176 951 2201 ut
965 2172 1191 2203 consuetudine
1207 2177 1311 2203 nostra
1325 2170 1513 2202 daemonium
1534 2171 1567 2201 id
1584 2176 1653 2202 ten·

186 2226 298 2253 temus.
344 2220 439 2257 Quod
455 2220 480 2252 si
493 2222 583 2252 nobis
599 2224 752 2261 annuerit,
769 2229 851 2255 recte
868 2225 974 2255 omnia
988 2237 995 2256 :
1021 2226 1068 2256 sin
1081 2225 1194 2263 minus,
1210 2226 1286 2267 quid
1297 2225 1453 2267 agendum
1464 2224 1504 2255 sit
1517 2224 1652 2256 invicem

188 2272 447 2315 consultabimus,
464 2280 566 2306 utrum
583 2276 670 2308 alteri
686 2278 824 2319 cuipiam
842 2279 1068 2321 adhaereamus,
1083 2280 1132 2311 vel
1148 2280 1208 2311 hoc
1223 2279 1377 2316 divinum,
1403 2279 1488 2320 quod
1505 2278 1562 2310 tibi
1576 2279 1653 2311 insi-

190 2334 254 2359 tum
271 2332 329 2363 est,
351 2327 495 2368 precibus
511 2334 543 2360 et
558 2330 717 2361 sacrificiis
734 2332 842 2363 etalio
867 2333 978 2375 quovis
1002 2333 1140 2374 denique
1155 2338 1263 2374 pacto,
1289 2343 1352 2374 quo
1376 2337 1461 2363 vates
1482 2338 1654 2373 exponant,

189 2382 311 2423 placere
326 2391 484 2414 conemur.
530 2382 599 2415 Da.
617 2384 707 2415 Nihil
725 2386 763 2416 ad
781 2387 859 2423 haec,
875 2397 894 2416 0
908 2387 1061 2424 Socrates,
1077 2387 1150 2418 huic
1165 2386 1357 2417 adolescenti
1372 2396 1546 2427 repugnes:
1571 2387 1653 2418 bene

189 2435 272 2467 enim
288 2434 366 2467 dicit
379 2435 532 2478 'Pht-ages.
579 2437 636 2471 So.
661 2438 774 2482 Atqui,
791 2440 816 2472 si
832 2441 956 2473 videtur
971 2446 1113 2484 oportere
1129 2442 1173 2474 sic
1188 2451 1290 2484 agere,
1307 2441 1350 2473 sic
1365 2450 1504 2483 agamus.
