1840 3225
296 189 371 228 144
891 189 1158 228 PLATONts
1595 234 1604 242 ‚
1661 192 1757 244 [440

293 291 328 322 in
345 292 447 322 anima
463 290 582 333 species
597 292 753 323 distinctae
769 293 842 323 sint.
888 292 969 323 Illud
987 298 1104 329 autem,
1117 294 1202 334 quod
1219 293 1260 323 ad
1278 292 1471 324 irascibilem
1499 293 1632 334 pertinet
1656 304 1758 336 quove

297 344 466 381 irascimur,
485 352 582 376 utrum
602 347 722 377 tertium
740 347 890 388 quiddam
907 352 965 383 est,
981 358 1020 377 an
1036 347 1160 377 alterius
1176 348 1284 377 horum
1300 353 1468 388 cognatum
1484 347 1496 378 ?
1540 347 1658 379 GLAU.
1682 347 1758 378 For·

297 405 328 430 te
345 399 425 440 ejus,
442 401 526 441 quod
544 400 720 441 voluptates
735 400 836 442 cupit,
850 406 898 432 est
912 408 1092 441 cognatum.
1137 401 1193 432 So.
1218 401 1319 442 Atqui
1340 401 1433 432 credo
1458 401 1518 432 hoc
1545 401 1693 443 equidem
1720 412 1756 432 ex

294 463 345 488 eu,
361 455 444 494 quod
461 454 566 485 audivi
582 456 739 495 quondam
756 467 761 485 :
787 456 871 496 quod
890 455 1035 486 videlicet
1048 466 1118 486 cum
1136 455 1288 486 Leontius
1303 454 1470 496 Aglaionis
1485 455 1566 486 filius
1592 466 1630 486 ex
1654 455 1756 486 Piraeo

293 507 352 537 sub
368 507 484 539 boreali
501 519 586 539 rnuro
603 509 643 540 ad
658 509 814 540 civitatem
831 510 1003 540 ascendens
1018 510 1147 540 sentiret
1158 515 1243 540 extra
1257 510 1409 540 cadavera
1425 519 1522 550 prope
1537 509 1624 540 littus
1646 508 1757 549 jacen-

294 561 350 602 tia,
367 562 456 592 simul
474 568 505 593 et
519 563 625 594 videre
640 563 798 604 cupiebat,
814 570 846 594 et
860 564 1003 594 horrebat
1020 569 1123 594 tamen
1151 564 1439 605 absterrebaturque
1463 563 1646 604 vultumque
1671 569 1756 604 tege-

296 615 361 652 bat,
386 614 483 655 [440]
506 627 610 647 secum
626 617 695 657 ipse
711 627 863 657 pugnans.
887 616 1062 657 cupiditate
1079 617 1215 658 denique
1230 622 1404 658 superatus,
1419 617 1459 648 ad
1475 617 1630 648 cadavera
1654 617 1756 648 direc-

292 669 332 700 tis
347 674 378 700 et
395 669 559 711 patefactis
575 671 673 702 oculis
689 671 881 708 adventavit,
896 671 1004 702 dicens
1018 683 1024 701 ε
1052 671 1134 702 Ecce
1146 671 1212 712 jam
1231 671 1318 702 vobis
1333 671 1417 707 licet,
1439 681 1458 702 ο
1483 670 1626 703 infelices
1641 681 1650 710 ;
1672 672 1758 703 desi-

291 724 411 756 derium
431 729 561 755 vestrum
580 725 708 765 pulchro
724 724 848 765 explete
865 726 1055 766 spectaculo.
1103 725 1217 756 Gne.
1241 725 1358 756 Audivi
1385 730 1418 757 et
1439 725 1520 767 ipse.
1564 724 1620 756 So.
1644 725 1755 766 Itaque

289 789 389 810 sermo
405 783 534 809 testatur
550 779 625 809 iram
641 790 724 820 saepe
740 790 878 820 pugnare
895 781 1040 811 adversus
1056 779 1358 821 concupiscentiam,
1374 784 1521 821 tanquam
1537 780 1605 810 liaec
1619 779 1699 810 inter
1723 790 1755 810 se

287 833 409 864 diversa
423 833 498 864 sint.
542 833 658 864 GLAU.
681 833 719 863 Id
737 839 818 864 certe
833 831 1000 874 significat.
1045 833 1103 865 So.
1126 833 1243 864 Nonne
1259 839 1291 864 et
1305 833 1381 864 alibi
1407 834 1586 874 frequenter
1611 833 1753 864 animad-

291 887 450 926 vertimus,
467 888 592 928 quando
609 888 784 918 distrahunt
799 888 933 930 aliquem
952 893 1061 929 praetcr
1078 888 1228 918 rationem
1243 887 1447 929 cupiditates,
1463 887 1678 928 objurgantem
1704 887 1754 928 ip-

287 951 355 971 sum
371 951 450 982 sese,
467 946 497 971 et
513 942 659 972 adversus
674 942 705 972 id
722 942 781 982 sui,
795 942 880 983 quod
897 942 1038 979 trahitur,
1053 942 1269 983 indignantem
1284 943 1295 972 ?
1319 947 1350 973 et
1366 942 1455 983 quasi
1480 942 1605 972 duobus
1630 941 1751 973 dissen-

289 994 441 1026 tientibus
455 995 640 1036 adjutricem
658 996 770 1027 rationi
787 996 860 1027 iram
875 1007 1032 1027 accurrere
1046 997 1056 1027 ?
1080 996 1200 1027 ratione
1215 1002 1319 1026 autem
1335 996 1506 1037 imperante
1522 1006 1585 1026 non
1600 1006 1668 1027 esse
1694 996 1753 1026 sibi

281 1049 579 1086 contradicendum,
593 1050 670 1081 iram
686 1050 912 1091 cupiditatibus
926 1050 1128 1092 conjunctam
1143 1050 1293 1082 obsistere
1309 1050 1368 1092 illi,
1383 1049 1511 1081 arbitror
1536 1054 1568 1081 te
1592 1059 1752 1090 nunquam

288 1102 336 1133 vel
353 1103 383 1133 in
401 1108 430 1133 te
446 1103 514 1144 ipso
531 1103 578 1134 vel
591 1103 623 1133 iu
637 1104 697 1134 alio
713 1104 773 1135 tale
787 1104 983 1146 persensisse.
1030 1104 1146 1136 Guu.
1169 1104 1341 1146 Nunquam
1356 1115 1409 1145 per
1420 1104 1544 1137 Jovem.
1589 1103 1646 1135 So.
1668 1103 1753 1140 Quid

289 1156 405 1196 porro?
429 1157 556 1197 quando
572 1158 642 1199 quis
655 1158 799 1200 injuriam
817 1159 926 1190 inferre
942 1170 974 1190 se
992 1165 1093 1201 putat,
1111 1169 1216 1189 nonne
1232 1169 1295 1200 quo
1312 1158 1491 1200 generosior
1513 1162 1572 1195 est,
1586 1168 1625 1190 eo
1650 1158 1751 1188 minus

285 1209 436 1247 irascitur,
453 1211 528 1241 dum
544 1212 638 1243 esurit
652 1218 683 1243 et
699 1213 782 1254 alget
795 1219 825 1243 et
841 1212 925 1243 aliud
953 1213 1085 1253 quodvis
1111 1213 1172 1244 tale
1198 1213 1315 1254 patitur
1339 1213 1378 1244 ab
1403 1223 1563 1254 eo,queru
1585 1212 1657 1253 jure
1684 1212 1751 1242 haec

287 1273 379 1304 agere
405 1266 534 1296 censet?
559 1271 601 1305 et,
616 1267 700 1307 quod
722 1266 786 1307 jam
814 1267 889 1307 dixi,
905 1267 947 1297 ira
971 1267 1061 1297 istius
1087 1267 1121 1297 iu
1147 1278 1216 1297 eum
1242 1267 1475 1307 quodammodo
1502 1277 1564 1297 non
1589 1266 1725 1297 irritatur
1740 1266 1750 1297 ?

282 1309 399 1348 GLAU.
423 1318 504 1349 Vera
533 1319 678 1360 loqueris.
724 1321 782 1351 So.
806 1320 891 1357 Quid
920 1327 1023 1351 autern
1041 1321 1052 1351 ?
1076 1321 1204 1362 quando
1228 1319 1372 1360 injuriam
1399 1331 1433 1351 se
1458 1320 1525 1361 pati
1551 1320 1621 1361 quis
1647 1326 1750 1361 putat,

284 1380 391 1401 nonne
409 1376 482 1403 tunc
499 1378 619 1413 satagat
636 1379 668 1404 et.
682 1374 769 1405 saevit
783 1380 815 1405 et
841 1374 988 1405 auxilium
1013 1380 1139 1415 praestat
1163 1375 1204 1414 ei,
1220 1375 1303 1415 quod
1328 1373 1450 1414 justum
1475 1374 1609 1411 videtur,
1624 1373 1750 1410 famem,

284 1423 384 1464 frigus
398 1429 430 1455 et
444 1430 548 1457 cetera
565 1427 640 1458 talia
657 1428 790 1458 tolerans
805 1429 815 1458 ?
840 1434 871 1459 et
885 1430 924 1459 ad
943 1429 1100 1459 victoriam
1117 1428 1294 1467 contendit,
1310 1438 1413 1468 neque
1437 1438 1456 1458 a
1481 1438 1631 1468 generoso
1657 1438 1750 1468 opere

282 1483 385 1510 cessat
399 1469 484 1519 prius
500 1489 593 1520 quam
611 1481 658 1511 vel
676 1482 856 1522 transegerit
873 1482 920 1512 vel
937 1481 1060 1523 obierit,
1076 1482 1125 1512 vel
1141 1488 1288 1523 tanquam
1305 1482 1392 1512 canis
1406 1492 1425 1512 a
1443 1487 1577 1523 pastore,
1593 1481 1636 1512 ita
1661 1481 1754 1512 deni·

283 1541 347 1573 que
361 1537 521 1563 revocatus
537 1534 576 1564 ab
591 1544 639 1570 ea,
656 1545 725 1575 quae
741 1536 772 1565 in
788 1536 858 1576 ipso
875 1542 932 1574 cst,
949 1535 1067 1566 ratione
1096 1536 1260 1566 mitescat?
1305 1535 1422 1567 Gau.
1447 1534 1587 1566 Omnino
1612 1535 1680 1566 haec
1706 1535 1751 1565 vis

248 1585 250 1587 ’
282 1585 314 1616 ei
330 1585 437 1617 similis
452 1591 510 1628 est,
525 1587 578 1618 cui
594 1592 628 1618 tu
644 1599 815 1630 comparas.
838 1589 953 1620 etenim
968 1590 1002 1619 in
1018 1594 1122 1619 nostra
1139 1589 1264 1619 civitate
1289 1588 1466 1619 auxiliarios
1492 1588 1576 1630 ipsos
1600 1593 1748 1629 tanquam

285 1648 379 1671 canes
395 1640 556 1680 posuimus
579 1629 828 1683 obtemperantes
855 1642 1050 1683 principibus
1076 1642 1166 1683 quasi
1192 1642 1378 1683 quibusdam
1404 1642 1580 1683 pastoribus
1605 1642 1751 1674 civitatis.

282 1691 340 1723 So.
364 1692 505 1733 OptIme‚
521 1695 606 1735 quod
624 1696 727 1727 dicere
742 1696 895 1732 volebam,
912 1696 1104 1727 intellexisti.
1126 1696 1181 1726 sed
1196 1706 1270 1726 num
1287 1702 1318 1726 et
1333 1696 1394 1727 hoc
1409 1696 1537 1738 insuper
1554 1696 1749 1728 animadver-

282 1745 351 1788 «ἰεῖ-
393 1745 509 1779 ΟιΑυ.
533 1748 621 1785 Quid
636 1749 746 1780 istud?
791 1749 848 1781 So.
873 1748 968 1786 Quod
985 1750 1016 1780 in
1034 1749 1200 1790 praesentia
1215 1754 1324 1780 contra
1339 1760 1375 1782 ac
1402 1760 1495 1791 supra
1520 1751 1561 1782 de
1586 1751 1750 1785 iracundia

277 1798 468 1840 judicamus.
493 1807 567 1833 tunc
582 1813 656 1833 saue
671 1803 824 1834 irascendi
840 1803 901 1833 vim
919 1805 957 1835 ad
973 1803 1219 1844 concupiscendi
1243 1809 1383 1834 naturam
1409 1805 1638 1837 referebamus:
1664 1817 1746 1838 nunc

284 1864 356 1885 vero
373 1855 502 1886 multum
520 1857 667 1888 interesse
681 1857 826 1895 dicimus,
842 1868 879 1889 ac
895 1858 992 1889 multo
1008 1857 1106 1899 magis
1121 1857 1195 1888 iram
1211 1858 1373 1888 asserimus
1389 1859 1500 1889 animae
1515 1859 1654 1901 partibus
1669 1860 1748 1892 inter

281 1918 315 1939 se
330 1908 552 1940 dissidentibus
569 1921 624 1952 pro
647 1912 767 1942 ratione
791 1922 875 1942 arma
902 1922 1075 1953 capessere.
1120 1911 1235 1942 Guu.
1257 1911 1308 1943 Ita
1336 1922 1468 1953 prorsus.
1514 1913 1571 1944 So.
1594 1913 1747 1956 Nunquid

281 1967 316 1993 et
330 1963 484 1994 irascendi
502 1964 545 1995 vis
560 1970 608 1996 est
622 1976 640 1996 a
655 1966 774 1996 ratione
790 1966 919 2002 diversa,
936 1967 984 1996 vel
1000 1966 1144 2007 quaedam
1161 1966 1283 2008 species
1298 1966 1440 2003 rationis,
1455 1967 1535 1998 adeo
1551 1971 1585 1998 ut
1600 1978 1664 1999 uon
1686 1973 1747 2000 tres

281 2015 314 2045 in
331 2016 445 2053 animo,
461 2017 514 2047 sed
531 2018 602 2048 duae
618 2019 738 2060 species
753 2020 827 2055 siut,
843 2019 993 2050 rationale
1009 2025 1041 2050 et
1066 2019 1320 2061 concupiscens?
1343 2030 1383 2050 an
1409 2021 1526 2062 potiu5‚
1542 2023 1745 2064 quemadmo-

279 2069 356 2099 dum
384 2070 415 2100 in
440 2070 568 2103 civitate
593 2078 803 2113 apparuerunt
829 2074 885 2104 tria
909 2075 1053 2114 quaedatn
1078 2073 1176 2116 [441]
1201 2084 1326 2115 genera.
1349 2085 1420 2116 quae
1446 2074 1545 2116 ipsam
1571 2076 1747 2114 continent,

278 2124 515 2165 quaestuarium,
531 2127 740 2168 auxiliarium,
754 2127 949 2168 consulatus,
964 2127 1007 2158 ita
1022 2133 1052 2158 et
1068 2129 1102 2158 in
1118 2128 1222 2158 anima
1237 2128 1327 2159 tertia
1343 2129 1486 2170 quaedam
1503 2129 1549 2160 vis
1563 2135 1609 2161 est
1623 2130 1745 2162 iracun-

280 2177 348 2217 dia,
363 2188 433 2219 quae
448 2183 558 2210 natura
572 2180 639 2221 ipsa
652 2180 779 2211 rationis
795 2186 912 2212 tutatur
927 2187 1042 2221 partes,
1059 2182 1117 2212 nisi
1133 2192 1170 2212 ex
1188 2182 1328 2222 improba
1355 2182 1544 2214 educatione
1568 2183 1663 2214 suerit
1688 2185 1743 2216 de-

280 2232 430 2271 pravata?
476 2232 591 2264 GLAu.
615 2233 752 2266 Necesse.
767 2240 826 2272 est,
842 2240 876 2265 ut
891 2235 979 2266 tertia
995 2235 1046 2269 sit.
1089 2236 1146 2267 So.
1170 2234 1294 2277 Nempe
1318 2236 1439 2266 etiamsi
1463 2236 1524 2267 alia
1546 2247 1639 2278 quain
1665 2239 1744 2269 ratio

279 2285 471 2324 apparuerit,
486 2287 750 2326 quemadmodum
767 2299 859 2329 supra
875 2289 938 2318 visa
953 2294 1000 2319 est
1024 2300 1043 2319 a
1069 2285 1331 2330 concupiscentia
1353 2289 1513 2321 differens.
1559 2290 1675 2322 Grau.
1699 2291 1744 2324 At

282 2346 356 2367 vero
371 2337 462 2370 facile
478 2339 511 2370 id
527 2340 653 2381 quidem
682 2348 787 2381 patere
811 2346 926 2382 potest.
950 2352 1021 2372 nam
1048 2342 1078 2372 in
1109 2341 1245 2382 puerulis
1270 2342 1372 2384 quivis
1397 2342 1480 2374 istud
1508 2343 1674 2387 intelligat,
1689 2346 1744 2387 qui

282 2391 387 2421 statim
403 2392 469 2422 nati
485 2393 645 2425 iracundia
660 2394 746 2436 pleni
761 2401 845 2426 sunt.
868 2395 995 2425 rationis
1012 2400 1116 2426 autem
1132 2395 1228 2436 aliqui
1241 2406 1413 2437 nunquam,
1428 2396 1517 2428 multi
1531 2407 1600 2429 sero
1612 2409 1744 2440 compo·

281 2450 329 2476 tes
345 2445 411 2477 fieri
427 2445 502 2478 mihi
516 2448 672 2485 videntur.
716 2449 772 2481 So.
796 2449 857 2480 Per
871 2448 891 2480 J
894 2459 995 2486 ovem,
1011 2449 1158 2490 praeclare
1174 2449 1320 2490 loqueris.
1352 2455 1500 2491 praetere·
1513 2451 1546 2482 iu
1568 2452 1674 2482 bestiis
1699 2453 1743 2483 ita

281 2507 350 2528 esse
364 2498 508 2541 quisque,
523 2506 557 2533 ut
572 2501 639 2543 ipse
651 2502 741 2544 dicis,
754 2502 938 2545 comperiet.
961 2508 1091 2534 testatur
1117 2509 1149 2534 et
1173 2503 1257 2534 istud
1282 2503 1424 2542 Homeri,
1439 2504 1517 2536 iuud
1540 2505 1627 2548 quod
1649 2516 1744 2548 supra

282 2550 472 2591 induximus,

628 2609 764 2641 Pectora
778 2612 932 2652 castigans
947 2610 1072 2642 monitis
1087 2610 1200 2642 affatur
1213 2602 1333 2642 acerbis
1347 2623 1355 2641 :

628 2662 807 2704 Perpetere,
822 2674 841 2694 o
854 2674 907 2696 cor
921 2675 931 2702 ;
952 2674 1024 2694 nam
1041 2669 1073 2694 tu
1091 2664 1183 2704 longe
1199 2664 1275 2695 alias
1289 2664 1427 2706 graviora
1443 2665 1553 2699 tulisti.

281 2711 314 2742 in
330 2711 378 2743 his
393 2722 483 2753 porro
499 2713 665 2752 Homerus,
681 2722 828 2758 tanquam
856 2718 922 2748 haec
950 2717 1030 2748 inter
1055 2728 1087 2748 se
1115 2718 1274 2755 differant,
1290 2718 1420 2750 alterum
1445 2719 1555 2750 horum
1579 2719 1743 2761 objurgare

282 2765 413 2796 alterurn
430 2766 515 2802 facit,
533 2768 629 2809 ipsam
647 2770 793 2802 videlicet
809 2772 958 2802 rationem
973 2770 1014 2801 de
1031 2770 1150 2801 meliori
1177 2770 1341 2812 pejorique
1365 2771 1608 2814 consultantem,
1623 2772 1744 2803 imtio-

281 2818 383 2850 nalem
398 2819 568 2852 iracundiae
593 2822 742 2864 impetum
768 2823 925 2857 cohibere.
971 2823 1084 2855 Gmu.
1109 2824 1211 2855 Recte
1237 2823 1406 2855 admodum
1431 2824 1577 2866 loqueris.
1621 2824 1679 2856 So.
1702 2825 1742 2856 In

281 2871 330 2904 his
343 2873 449 2915 itaque
463 2875 511 2907 vix
527 2876 654 2908 taudem
669 2878 895 2915 consensimus,
911 2877 1046 2920 satisque
1062 2879 1142 2910 iuter
1165 2889 1222 2910 nos
1247 2878 1388 2910 constitit
1410 2878 1520 2910 eadem
1543 2878 1576 2910 in
1602 2878 1745 2920 civitate,
