1840 3225
175 196 246 246 31]
781 194 1064 235 prutenus,
1599 202 1640 239 11

172 299 419 342 unumquodque
433 300 542 331 horum
570 298 654 340 apud
679 308 736 328 nos
763 298 909 339 exiguum
933 309 968 330 ac
985 299 1057 337 vile,
1074 310 1133 332 nec
1154 299 1219 332 ullo
1236 300 1329 332 modo
1345 300 1498 334 sincerum
1514 306 1547 335 et
1561 302 1643 335 inte-

172 365 272 396 grum,
287 365 345 386 nec
362 354 423 386 vim
440 359 546 385 natura
563 363 619 384 sua
641 352 767 393 dignam
794 352 907 385 ferens.
932 353 1017 394 quod
1044 354 1170 395 quidem
1197 355 1228 386 in
1246 365 1309 386 uno
1325 356 1585 397 animadvertenti,
1601 357 1642 389 de

170 408 297 450 reliquis
314 409 457 439 omnibus
483 408 564 438 idem
595 406 784 438 existimato.
808 406 893 437 velut
917 407 1008 447 ignis,
1025 413 1072 438 est
1089 408 1214 449 quidem
1243 409 1328 450 apud
1351 420 1422 447 nos,
1435 415 1482 441 est
1496 410 1592 441 etiam
1607 411 1641 442 in

169 462 324 495 universo.
371 463 458 494 Pno.
482 462 548 492 Est.
594 461 650 492 So.
673 460 788 492 Nonne
805 461 884 501 ignis
900 461 950 492 hic
962 466 1067 492 noster
1081 461 1224 503 exiguus,
1239 463 1414 495 imbecillus
1429 469 1462 496 et
1477 464 1565 496 vilis:
1584 465 1639 496 sed

169 515 223 557 qui
239 516 374 547 universi
390 516 544 557 proprius,
560 515 736 557 quantitate
754 514 911 546 mirandus
929 521 962 546 et
978 515 1212 557 pulchritudine
1227 523 1258 547 et
1275 517 1374 556 omni,
1391 529 1462 560 quae
1479 519 1518 550 ad
1535 519 1639 561 ignem

168 570 317 611 pertinet,
337 571 514 612 potestate?
560 571 649 602 Pno.
674 570 759 601 Vera
774 569 905 600 nimium
922 570 1068 612 loqueris.
1116 571 1173 603 So.
1200 570 1252 602 An
1268 582 1339 603 vero
1363 573 1410 612 fit,
1430 573 1534 610 alitur,
1550 574 1640 605 duci·

166 629 217 655 tur
231 625 270 655 ab
284 625 348 666 igni
371 630 477 655 nostro
501 625 614 655 mundi
640 624 737 655 totius
762 624 843 665 ignis
858 636 865 655 :
889 624 938 655 vel
967 630 1076 656 contra
1091 629 1124 656 et
1138 636 1237 667 meus,
1254 631 1286 657 et
1301 631 1371 657 tuus
1387 631 1419 657 et
1432 627 1638 658 animantium

165 678 354 719 reliquorum
370 679 470 710 omnis
488 679 622 709 abillo?
668 679 756 710 Pno.
780 678 859 710 Haec
886 679 1089 721 responsione
1115 680 1212 721 digna
1233 691 1296 711 non
1311 686 1395 713 sunt.
1441 680 1498 713 So.
1523 681 1639 714 Recte.

165 731 285 763 Eadem
302 743 430 775 quoque
444 734 485 764 de
500 733 679 764 animalium
696 744 732 764 ac
748 733 856 764 mundi
876 738 967 774 terra,
982 734 1107 776 opinor,
1129 735 1248 766 diceres
1262 746 1269 765 :
1295 739 1328 766 et
1343 735 1382 766 de
1398 735 1466 766 aliis
1482 736 1639 776 omnibus,

163 796 235 827 quae
250 797 344 829 supra
357 788 569 829 quaesivimus,
585 787 727 818 similiter
754 788 957 829 responderes
974 788 985 819 ?
1031 788 1118 820 Pno.
1145 789 1299 826 Quisnam
1325 790 1518 831 respondens
1534 789 1636 827 aliter,

161 851 246 871 sanae
261 841 374 872 mentis
390 842 580 872 aestimetur?
625 842 684 872 So.
707 840 810 872 Nemo
826 841 967 875 forsitan.
1010 842 1074 873 Sed
1097 841 1163 883 jam
1178 843 1217 873 ad
1244 843 1372 884 reliqua.
1396 843 1501 873 omnia
1517 844 1638 884 quippe

162 905 248 926 nunc
263 895 407 937 dicta‚in
434 907 529 927 unum
554 896 729 937 composita
753 901 953 933 contuentes,
978 907 1093 938 corpus
1118 896 1325 938 appellamus.
1372 896 1461 928 Pno.
1487 896 1635 934 Quidni?

160 950 218 981 So.
243 950 331 981 Idem
347 961 474 992 quoque
489 951 529 981 de
545 951 617 987 hoc,
634 960 727 992 quem
743 951 892 981 mundum
910 951 1055 988 dicimus,
1072 952 1194 992 accipe.
1217 951 1327 982 eadem
1346 950 1499 992 siquidem
1517 951 1636 982 ratione

160 1014 274 1046 corpus
289 1009 347 1041 est,
362 1015 400 1035 ex
414 1004 532 1035 eisdem
548 1004 771 1045 compositum.
815 1004 904 1036 Pno.
929 1004 1033 1036 Recte
1047 1005 1192 1046 loqueris.
1239 1004 1297 1037 So.
1322 1005 1434 1036 Utrum
1445 1016 1483 1036 ex
1496 1005 1554 1036 hoc
1568 1015 1637 1036 cor—

161 1069 238 1100 pore
253 1064 392 1090 nostrum
407 1069 520 1100 corpus
535 1059 676 1099 omnino,
691 1058 739 1089 vel
765 1063 873 1089 contra
900 1069 938 1089 ex
959 1064 1065 1089 nostro
1092 1059 1193 1100 ipsum
1219 1059 1363 1097 nutritur,
1380 1063 1413 1090 et
1437 1069 1636 1100 quaecunque

161 1113 257 1154 paulo
273 1118 346 1144 ante
363 1113 610 1150 memoravimus,
626 1112 764 1154 suscepit
777 1118 809 1143 et
823 1112 940 1143 habet?
986 1113 1074 1144 Pno.
1099 1112 1213 1155 Neque
1229 1114 1289 1144 hoc
1305 1113 1412 1149 etiarn,
1436 1124 1454 1143 ο
1478 1113 1635 1150 Socrates,

159 1167 191 1197 in
208 1167 412 1209 quaestionem
429 1167 540 1199 cadere
556 1167 661 1197 debet.
687 1165 762 1207 [30]
784 1166 842 1197 So.
866 1166 951 1203 Quid
969 1166 1057 1197 hoc?
1079 1167 1227 1203 debetne,
1252 1176 1291 1196 an
1309 1167 1396 1197 non?
1444 1166 1534 1197 Pao.
1556 1166 1633 1204 Dic,

159 1221 253 1262 quale
269 1221 318 1254 sit.
363 1222 419 1253 So.
444 1221 594 1252 Nostrum
610 1230 723 1261 corpus
739 1219 872 1250 animam
896 1221 1010 1252 habere
1035 1221 1225 1252 fatebimur?
1271 1220 1358 1252 Pno.
1384 1221 1527 1253 Constat.
1573 1220 1633 1253 So.

159 1275 338 1313 Undenam,
352 1286 371 1306 o
397 1275 498 1307 amice
524 1275 706 1311 Protarche,
723 1274 874 1316 suscepit,
891 1275 951 1305 nisi
973 1275 1085 1305 mundi
1107 1286 1232 1317 corpus,
1258 1275 1344 1316 quod
1367 1275 1477 1306 eadem
1502 1285 1574 1316 quae
1600 1281 1635 1307 et

157 1334 295 1360 nostrum
312 1340 348 1361 ac
369 1329 464 1360 etiarn
490 1329 706 1371 praestautiora
732 1329 887 1371 continet,
903 1327 1039 1360 animam
1053 1330 1168 1360 habeat
1184 1329 1194 1360 ?
1240 1329 1329 1360 Pno.
1354 1328 1493 1360 Aliunde
1510 1339 1632 1370 nequa-

155 1393 262 1425 quam.
307 1384 362 1415 So.
387 1384 502 1426 Neque
517 1383 600 1414 enim
613 1383 866 1420 existimandum,
881 1394 900 1414 0
927 1383 1112 1424 Protarche,
1127 1388 1261 1425 quatuor
1286 1383 1350 1420 illa,
1369 1383 1544 1421 terminum,
1561 1383 1634 1414 infi-

157 1438 269 1476 nitum,
281 1438 410 1469 mixtum
427 1443 458 1469 et
473 1449 575 1469 causae
588 1449 698 1479 genus,
712 1438 795 1469 iniis
805 1443 948 1481 quartum
962 1439 1083 1470 cunctis
1094 1438 1257 1476 exsistens,
1274 1437 1358 1479 quod
1371 1437 1409 1468 iis
1420 1437 1547 1479 quidem
1560 1447 1632 1478 quae

155 1493 241 1534 apud
258 1503 315 1524 nos
331 1497 416 1530 sunt,
431 1492 565 1524 animam
582 1503 759 1534 corpusque
774 1494 905 1535 praebet,
918 1493 992 1523 dum
1010 1492 1160 1534 imprimit
1170 1491 1550 1532 umbram,labefactoque
1566 1502 1633 1523 cor-

155 1557 232 1588 pore
246 1547 383 1578 remedia
398 1552 500 1589 parat,
515 1552 548 1578 et
562 1547 592 1577 in
610 1547 678 1577 aliis
694 1547 755 1577 alia
771 1547 934 1578 constituit
949 1553 1043 1589 atque
1057 1547 1205 1584 restituit,
1223 1557 1346 1578 ornnem
1368 1551 1463 1587 atque
1478 1545 1631 1587 integram

153 1601 339 1643 sapientiam
356 1602 484 1633 vocitari
497 1616 504 1633 ε
528 1612 663 1644 cumque
679 1602 789 1633 eadem
799 1603 867 1633 haec
881 1602 911 1632 in
924 1602 1067 1633 universo
1081 1602 1159 1633 coelo
1171 1600 1301 1643 ejusque
1317 1601 1456 1642 partibus
1470 1600 1630 1641 ampliori-

152 1656 210 1686 bus
220 1655 328 1696 insint,
343 1666 379 1687 ac
393 1662 541 1698 praeterea
557 1656 682 1698 puriora
697 1657 973 1698 praestantioraque
986 1656 1149 1698 exsistant,
1161 1656 1191 1686 in
1209 1656 1253 1687 eis
1265 1661 1366 1686 tamen
1380 1654 1631 1696 praeclarissimo·

152 1720 218 1740 rum
230 1711 584 1752 pretiosissimorumque
601 1716 741 1742 naturam
760 1712 887 1742 minime
902 1711 1040 1752 reperiri.
1067 1711 1154 1742 Pno.
1172 1710 1300 1742 Nullam
1317 1710 1459 1752 profecto
1475 1709 1627 1740 rationem

151 1764 185 1795 id
202 1765 340 1797 haberet.
386 1764 442 1796 So.
467 1765 677 1802 Quamobrem
704 1767 856 1797 rationem
881 1766 965 1797 illam
981 1766 1111 1797 ulterius
1129 1770 1352 1807 prosequentes
1369 1763 1476 1796 licebit
1492 1774 1626 1795 asserere

148 1828 186 1849 ea
196 1829 266 1861 quae
280 1829 494 1861 saepenumero
505 1821 753 1861 praedicavimus,
766 1820 923 1851 infinitum
935 1830 1059 1862 prorsus
1072 1820 1104 1851 in
1116 1819 1201 1850 omni
1212 1820 1392 1856 consistere,
1405 1818 1626 1850 sufficientem-

150 1884 212 1915 que
228 1874 392 1905 terminum
408 1885 596 1917 causamque
612 1875 675 1906 illis
692 1876 774 1906 hand
790 1875 963 1917 ignobilem
980 1885 1102 1915 semper
1125 1875 1248 1910 adesse,
1265 1881 1426 1904 ornantem
1450 1872 1624 1914 disponen-

149 1933 276 1970 temque
306 1930 395 1960 horas
425 1935 458 1960 et
487 1940 608 1960 menses
638 1935 670 1961 et
695 1940 805 1966 annOS,
830 1934 966 1960 mentem
992 1934 1024 1960 et
1047 1928 1234 1970 sapientiam
1261 1927 1372 1958 merito
1398 1931 1625 1968 nuncupatam.

150 1982 240 2014 Pao.
264 1984 392 2015 Merito.
438 1983 494 2015 So.
518 1984 681 2025 Sapientia
712 1994 784 2015 vero
809 1989 902 2024 atque
927 1993 1014 2014 mens
1037 1983 1155 2024 absque
1183 1982 1288 2013 anima
1315 1991 1476 2023 nunquam
1508 1985 1623 2012 essent.

150 2036 237 2069 Pno.
261 2036 431 2079 Nunquam
448 2042 543 2069 certe.
589 2037 645 2069 So.
670 2037 753 2079 Ergo
770 2037 801 2068 in
817 2037 906 2069 Jovis
922 2037 1022 2079 ipsius
1036 2041 1146 2067 natura
1160 2037 1276 2078 regiam
1292 2035 1425 2066 animam
1442 2035 1622 2076 regiamque

146 2096 283 2122 mentem
300 2092 401 2123 inesse
417 2097 544 2133 propter
559 2092 620 2122 vim
636 2102 737 2123 causae
753 2092 951 2123 confiteberis
966 2104 973 2121 :
999 2096 1031 2122 et
1046 2091 1079 2121 in
1093 2090 1163 2122 aliis
1178 2090 1254 2121 item
1270 2090 1332 2121 alia
1349 2089 1489 2131 pulchra,
1501 2093 1536 2119 ut
1551 2088 1621 2119 illo-

146 2156 212 2176 rum
229 2146 343 2188 cuique
359 2147 423 2177 dici
439 2147 555 2188 placet.
602 2147 689 2178 Pno.
714 2146 866 2178 Maxime.
913 2146 969 2178 So.
996 2146 1247 2185 Praecedentem,
1264 2155 1281 2175 o
1301 2144 1486 2180 Protarche,
1502 2153 1619 2174 sermo-

146 2211 218 2231 nem
233 2211 430 2242 nequaquam
447 2206 561 2232 temere
576 2201 741 2232 inductum
759 2206 869 2242 putes:
895 2199 944 2231 his
967 2200 1062 2236 enim,
1078 2199 1132 2241 qui
1151 2199 1224 2230 olim
1242 2204 1378 2230 mentem
1396 2197 1481 2228 omni
1499 2197 1616 2228 mundo

144 2255 310 2296 praesidere
334 2256 550 2296 ostenderunt,
573 2255 764 2287 adminicula
788 2255 916 2297 praebet.
962 2255 1049 2286 Pno.
1074 2254 1200 2285 Praebet
1223 2264 1310 2285 sane.
1357 2253 1410 2283 So.
1434 2252 1520 2283 Meae
1545 2261 1619 2282 vcro

143 2309 286 2350 petitioni
302 2320 483 2352 responsum
500 2310 640 2352 porrigit,
656 2311 740 2352 quod
770 2321 856 2341 niens
884 2314 931 2341 est
955 2308 1120 2351 progenies
1147 2307 1286 2340 omniurn
1304 2317 1418 2347 causae,
1433 2317 1503 2347 quae
1519 2316 1615 2336 unum

143 2363 294 2404 quiddam
319 2375 356 2395 ex
380 2369 514 2405 quatuor
539 2365 599 2401 his,
615 2375 685 2406 quae
713 2365 809 2396 relata
832 2370 917 2405 sunt,
934 2364 1090 2396 asseritur.
1136 2363 1243 2394 Habes
1266 2361 1333 2403 jam
1360 2361 1454 2402 igitur
1479 2365 1616 2390 nostram

141 2418 380 2458 expositionem.
428 2419 516 2450 Pno.
540 2418 664 2455 Habeo,
693 2424 725 2450 et
750 2419 939 2450 sufficienter
964 2419 1102 2460 quidem.
1127 2417 1184 2448 etsi
1209 2427 1280 2448 cum
1309 2421 1381 2446 ante
1406 2413 1615 2456 responderis,

140 2482 189 2503 me
218 2473 369 2503 hactenus
399 2472 528 2504 latuisti.
575 2473 628 2504 So.
653 2473 810 2504 Remissio
837 2473 944 2514 studii,
961 2484 979 2504 ο
1004 2473 1184 2509 Protarche,
1198 2480 1413 2512 saepenumero
1433 2468 1526 2509 jocus
1555 2472 1613 2498 est.

140 2526 224 2557 Pno.
249 2526 401 2557 Praeclare
419 2526 562 2567 loqueris,
588 2528 642 2558 So.
665 2527 761 2558 Nunc
775 2528 878 2569 igitur,
897 2539 914 2558 ο
931 2527 1041 2562 amice,
1058 2527 1088 2556 in
1107 2537 1169 2567 quo
1186 2534 1298 2566 genere
1317 2521 1392 2565 [31]
1407 2523 1458 2558 sit,
1475 2531 1612 2563 quamve

140 2581 254 2611 habeat
271 2581 343 2616 vim,
362 2581 400 2611 ad
433 2581 648 2612 sufficientiam
673 2582 768 2613 ferme
799 2587 1002 2612 monstratum
1027 2586 1085 2612 est.
1134 2580 1223 2610 Pno.
1248 2577 1399 2608 Omnino.
1445 2576 1501 2607 So.
1527 2574 1614 2612 Qniss

139 2633 232 2664 etiam
260 2635 428 2676 voluptatis
459 2645 557 2676 genus
584 2635 773 2677 jampridem
807 2637 919 2677 patuit.
965 2635 1049 2666 Pno.
1084 2633 1237 2664 Nimium.
1283 2631 1339 2664 So.
1363 2629 1612 2661 Rerniniscamur

134 2687 201 2728 jam
217 2693 249 2718 et
273 2688 382 2719 horum
399 2689 481 2720 circa
505 2694 646 2731 utraque,
672 2690 766 2726 Quod
796 2701 881 2721 mens
909 2689 1036 2731 quidem
1054 2699 1155 2720 causae
1172 2690 1305 2728 cognata
1321 2684 1524 2726 ejusdemque
1540 2692 1611 2713 cum

136 2741 190 2771 illa
206 2741 327 2782 generis
340 2742 436 2773 ferme
457 2747 540 2774 erat:
566 2743 712 2784 voluptas
729 2749 833 2774 autem
849 2743 984 2779 infinita,
1001 2742 1133 2784 ejusque
1160 2740 1282 2782 generis
1309 2739 1392 2780 quod
1421 2748 1478 2768 nec
1497 2735 1610 2777 princi-

138 2795 223 2836 pium
241 2806 298 2826 nec
315 2797 450 2828 medium
469 2807 572 2838 neque
598 2797 692 2828 finem
716 2797 747 2827 in
772 2808 803 2828 se
828 2798 897 2839 ipso
925 2802 1036 2839 suapte
1063 2801 1173 2826 natura
1198 2794 1352 2828 continet,
1370 2798 1423 2822 ant
1439 2789 1608 2831 aliquando

136 2850 322 2881 continebit.
368 2850 457 2882 Pno.
483 2852 605 2888 Quidni
632 2851 891 2883 reminiscamur?
937 2853 992 2882 So.
1017 2850 1153 2892 Oportet
1180 2849 1285 2890 itaque
1312 2847 1455 2888 posthac,
1481 2844 1511 2873 in
1542 2853 1605 2883 qno

133 2903 241 2934 horum
259 2909 422 2946 utrumque
443 2906 597 2944 consistit,
611 2911 643 2937 et
668 2911 795 2947 propter
820 2917 914 2948 quam
939 2905 1117 2947 passionem
1145 2904 1191 2942 fit,
1209 2902 1354 2944 quotiens
1372 2900 1417 2940 fit,
1435 2899 1606 2932 advertere·
