1840 3225
167 259 194 294 2
766 253 1031 295 PLATONIS
1574 254 1644 306 [13

170 361 339 393 admodum
352 362 412 404 ipsi
429 367 547 404 gratum
564 366 622 399 est,
639 361 682 392 sic
694 360 821 402 appello
837 372 844 390 ι
870 359 1062 400 voluptatem
1080 368 1151 389 vero
1167 358 1282 389 variam
1298 368 1366 389 esse
1382 358 1459 389 scio.
1477 359 1516 390 ab
1527 369 1638 400 eaque,

172 421 208 447 ut
223 417 299 453 dixi,
316 417 504 458 principium
522 416 683 455 facientes,
697 425 790 456 qnam
807 414 920 444 habeat
936 419 1089 449 naturam,
1106 413 1291 454 investigare
1304 413 1466 444 debemus.
1512 412 1637 443 Etenim

173 476 322 511 quantum
340 472 378 501 ad
396 470 536 501 auditum
563 471 687 506 attinet,
704 469 886 510 simpliciter
909 479 1004 498 unum
1032 472 1180 508 apparet:
1206 467 1318 497 formas
1342 472 1444 497 tamen
1463 466 1560 496 varias
1583 467 1639 498 ad-

173 525 312 561 modum,
327 530 359 555 et
374 524 506 555 invicem
523 524 755 566 quodammodo
772 522 952 561 dissimiles,
968 521 1110 562 suscipit.
1136 520 1298 559 ,Attende
1314 520 1410 556 enim,
1426 521 1574 552 delectari
1591 521 1640 551 di·

173 578 272 608 cimus
286 579 543 619 intemperantem
560 578 715 608 hominem
730 588 736 606 :
763 576 912 607 delectari
928 576 995 616 ipsa
1012 575 1217 616 temperantia
1233 579 1468 615 temperantem,
1493 574 1641 606 delectari

172 631 371 672 insipientem
388 632 607 673 insipientibus
619 631 818 673 opinionibus
835 640 870 662 ac
885 641 964 660 vana
979 640 1034 671 spe
1057 630 1196 671 undique
1209 629 1335 670 plenum
1351 640 1359 661 ε
1384 629 1530 660 delectari
1545 629 1639 659 etiam

173 685 328 726 sapientia
343 686 528 726 sapientem,
545 687 598 716 lias
616 685 725 727 utique
742 685 920 727 voluptates
937 684 961 715 si
978 683 1047 726 quis
1063 684 1228 715 dissimiles
1245 689 1351 724 neget,
1365 683 1476 714 merito
1492 683 1643 725 insipiens

173 748 240 769 esse
265 739 430 770 videbitur.
477 739 565 770 Pno.
589 740 662 770 Istae
687 739 826 781 quidem,
852 750 870 769 o
897 739 1052 775 socrates,
1078 749 1115 769 ex
1142 739 1302 769 contrariis
1325 738 1416 768 rebus
1443 737 1642 779 proveniunt,

174 802 278 833 neque
294 798 397 823 tamen
415 793 547 824 invicem
564 794 639 834 ipsae
655 793 830 824 contrariae.
854 803 958 823 nonne
976 792 1146 833 voluptatis
1164 792 1318 833 voluptas,
1328 792 1359 822 in
1374 792 1487 833 quibus
1501 792 1644 833 voluptas

175 851 222 876 est
238 846 283 876 sui
301 846 409 887 ipsius,
426 848 562 880 omnium
582 847 712 878 maxime
725 848 881 877 simillima
897 847 955 877 erit
970 846 982 877 ?
1027 847 1083 877 So.
1109 846 1289 883 Enimvero,
1300 857 1318 876 o
1332 846 1434 883 beate,
1446 856 1548 887 neque
1559 847 1644 877 color

175 909 194 928 a
209 899 324 936 colore,
340 911 377 931 ex
403 911 440 930 eo
465 901 550 942 quod
575 900 660 931 color
683 901 896 941 unusquisque
920 906 977 936 est,
994 900 1117 932 differt:
1142 906 1277 931 attamen
1296 900 1415 941 nigrum
1433 901 1515 936 albo,
1534 907 1644 941 prm-ter

174 952 206 982 id
224 954 308 993 quod
326 954 441 993 differt,
457 955 552 984 etiam
578 954 766 985 contrarium
789 965 856 984 esse
881 953 1014 984 universi
1031 954 1260 995 cognoscimus.
1283 954 1359 994 quin
1376 954 1468 984 etiam
1486 953 1582 995 figura
1599 954 1638 984 ad

175 1006 304 1047 figuram
330 1007 440 1038 eodem
467 1008 560 1037 modo
586 1018 618 1038 se
646 1008 751 1043 habet,
775 1018 888 1048 genere
912 1018 1002 1048 porro
1019 1018 1115 1037 unum
1132 1012 1180 1038 est
1196 1007 1391 1038 universum:
1417 1013 1520 1049 partes
1535 1014 1639 1038 autem

176 1061 298 1100 generis
314 1061 418 1102 liujus,
437 1062 545 1102 partim
563 1062 654 1102 longe
679 1060 758 1102 [13]
781 1061 860 1091 inter
874 1072 906 1091 se
922 1061 1114 1097 differentes,
1132 1061 1243 1102 partim
1261 1061 1353 1091 etiam
1371 1062 1531 1092 contrariae
1548 1067 1641 1092 sunt:

176 1118 342 1154 ceteraque
365 1113 543 1154 hujusmodi
569 1113 668 1144 multa
694 1114 894 1154 reperiemus.
941 1114 1152 1150 Quamobrem
1177 1113 1240 1144 noli
1256 1115 1327 1145 lmic
1343 1115 1467 1152 rationi,
1483 1125 1553 1156 quae
1569 1126 1648 1146 con·

176 1167 267 1196 traria
282 1167 404 1207 singula
420 1178 515 1197 unum
533 1167 639 1204 efficit,
655 1167 791 1198 credere.
837 1166 956 1197 Vereor
971 1167 1065 1204 enim,
1083 1178 1122 1198 ne
1139 1168 1216 1199 forte
1235 1168 1410 1209 voluptates
1425 1169 1575 1210 quasdam
1596 1170 1645 1200 in-

177 1225 223 1250 ter
247 1231 279 1250 se
303 1221 471 1251 contrarias
501 1222 701 1261 reperiamus.
745 1220 834 1251 Pno.
858 1220 961 1251 Forte.
986 1226 1019 1250 at
1041 1221 1116 1262 quid
1141 1222 1200 1252 hoc
1229 1222 1340 1252 rationi
1357 1228 1468 1253 nostrae
1485 1223 1644 1254 obstabit?

178 1273 234 1304 So.
258 1274 309 1304 Ob
325 1274 356 1304 id
374 1280 456 1305 certe
472 1276 593 1312 obstare
609 1275 759 1309 dicemus,
778 1274 862 1315 quod
881 1273 960 1315 ipsa,
984 1284 1054 1305 curn
1079 1274 1242 1305 dissimilia
1267 1275 1340 1312 sint,
1357 1275 1417 1306 alio
1434 1276 1570 1317 quodam
1587 1287 1647 1308 no-

178 1327 265 1359 mine
280 1339 456 1370 nuncupas.
479 1329 523 1359 ais
547 1328 644 1364 enim,
659 1328 834 1369 voluptaria
859 1328 964 1358 omnia
992 1329 1073 1358 bona
1089 1339 1154 1359 esse
1170 1340 1178 1358 z
1203 1329 1379 1370 voluptaria
1396 1340 1479 1367 vero,
1495 1331 1571 1372 quin
1588 1341 1646 1361 vo-

179 1382 314 1423 luptaria
338 1382 411 1418 sint,
428 1382 515 1413 nulla
541 1383 685 1424 prohibet
711 1382 800 1413 ratio.
846 1382 925 1413 Cum
942 1387 1045 1413 autem
1071 1393 1108 1413 ex
1128 1382 1165 1413 iis
1193 1383 1290 1413 multa
1313 1382 1377 1413 sint
1402 1384 1493 1420 mala,
1509 1389 1541 1415 et
1564 1385 1646 1416 bona

180 1435 338 1477 quaedam,
354 1441 387 1466 ut
403 1437 548 1473 diximus,
565 1441 596 1467 tu
615 1442 718 1467 tamen
734 1437 838 1467 omnia
855 1437 937 1467 bona
962 1447 1138 1478 nuncupas,
1155 1447 1191 1468 ac
1214 1438 1306 1468 etiam
1331 1438 1492 1469 dissimilia
1514 1438 1647 1470 invicem

181 1491 378 1522 confessurus
402 1501 446 1528 es,
474 1491 499 1521 si
526 1491 595 1532 quis
621 1491 771 1533 coegerit.
817 1492 903 1528 Quid
920 1502 992 1533 ergo
1020 1492 1052 1522 in
1076 1491 1197 1523 cunctis
1225 1491 1452 1533 voluptatibus,
1473 1497 1534 1523 tarn
1558 1493 1648 1524 malis

181 1555 275 1586 quam
297 1545 398 1582 bonis,
411 1545 494 1576 idem
517 1546 723 1576 communiter
744 1546 911 1582 invenitur,
939 1545 1029 1587 cujus
1053 1546 1150 1587 gratia
1175 1557 1284 1577 omnes
1310 1547 1426 1577 bonum
1454 1547 1649 1588 nuncupas?

184 1599 271 1630 Pno.
294 1598 379 1635 Quid
395 1599 452 1640 ais,
473 1610 490 1629 ο
515 1599 658 1631 Socrates
675 1600 685 1630 ?
711 1610 750 1630 an
775 1604 866 1641 putas
888 1600 1080 1642 quempiam,
1097 1610 1168 1631 curn
1185 1601 1322 1641 posuerit
1335 1600 1528 1641 voluptatem
1543 1600 1647 1642 ipsum

182 1653 299 1683 bonum
314 1652 480 1694 esse‚inde
507 1664 724 1684 concessurum
749 1654 817 1690 tibi,
841 1654 991 1695 quasdam
1020 1655 1128 1691 bonas,
1146 1654 1312 1685 nonnulias
1334 1653 1429 1685 malas
1455 1655 1544 1686 esse?
1589 1655 1647 1687 So.

182 1705 395 1736 Veruntamen
413 1706 579 1737 dissimiles
594 1717 661 1737 esse
678 1707 803 1746 multas,
819 1707 982 1749 plerasque
999 1708 1092 1738 etiam
1110 1708 1190 1738 inter
1200 1718 1232 1738 se
1246 1708 1426 1745 contrarias,
1440 1708 1648 1741 confiteberis.

182 1758 270 1790 Pno.
295 1759 391 1790 Haud
404 1771 502 1796 ‚sane,
519 1760 550 1790 in
578 1765 728 1801 quantum
750 1760 929 1801 voluptates
946 1766 1032 1792 sunt.
1075 1761 1130 1792 So.
1155 1760 1275 1791 Rursus
1290 1762 1323 1792 in
1341 1762 1422 1792 idem
1439 1761 1614 1800 relabimur,
1628 1774 1650 1794 o

183 1813 373 1853 Protarclie3
398 1812 538 1845 dicemus
554 1814 747 1855 voluptatem
761 1815 858 1845 nihilo
875 1825 893 1845 a
906 1815 1066 1856 voluptate
1083 1815 1217 1851 differre,
1234 1816 1287 1846 sed
1305 1826 1412 1846 omnes
1435 1815 1492 1845 sibi
1514 1816 1649 1847 invicem

183 1867 360 1898 consimiles
397 1878 487 1899 esse:
519 1873 551 1898 et
577 1868 719 1910 exempla
751 1868 785 1898 in
825 1869 960 1899 medium
985 1869 1078 1910 paulo
1103 1874 1176 1899 ante
1201 1869 1330 1900 inducta
1357 1869 1434 1900 nihil
1458 1870 1649 1901 movebunt:

183 1922 471 1963 contendemusque
494 1922 589 1953 instar
611 1933 728 1960 eorum,
745 1923 798 1964 qui
823 1923 922 1965 inepti
946 1929 978 1954 et
993 1924 1084 1954 rudes
1102 1922 1133 1954 in
1151 1923 1415 1965 disputationibus
1430 1928 1514 1955 sunt.
1561 1923 1651 1956 Pno.

184 1975 458 2012 Quemadmodum
475 1976 579 2006 dicis?
624 1977 681 2008 So.
705 1978 800 2014 Quod
817 1977 842 2007 si
859 1978 925 2018 ipse
943 1983 972 2008 te
989 1977 1114 2008 imitans
1127 1981 1221 2018 atque
1236 1988 1413 2019 repugnans
1425 1978 1528 2009 dicere
1540 1978 1652 2015 ausim,

184 2028 422 2059 dissimillimum
444 2028 640 2059 dissimillimi
658 2029 796 2060 omnium
823 2041 889 2061 esse
913 2031 1117 2066 simillimum,
1133 2032 1256 2068 eadem,
1272 2042 1342 2073 quae
1359 2037 1391 2062 et
1408 2036 1454 2068 tu,
1469 2031 1577 2063 afferre
1595 2042 1652 2073 po·

186 2087 264 2113 tero.
289 2082 372 2113 unde.
396 2083 547 2123 rudiores,
563 2093 656 2124 quam
685 2084 807 2121 deceat,
824 2085 1045 2126 apparebimus
1060 2096 1067 2115 ε
1092 2091 1124 2116 et
1147 2086 1224 2116 ratio
1241 2086 1330 2116 nobis
1344 2086 1469 2116 excidet
1485 2090 1579 2128 atque
1595 2087 1651 2117 de-

186 2134 274 2166 fluet.
319 2134 518 2167 Revocemus
536 2136 629 2178 igitur
643 2148 710 2169 eam
723 2142 997 2181 rctractemusque.
1021 2139 1101 2170 forte
1116 2139 1199 2170 enim
1217 2138 1350 2170 vicissim
1368 2145 1508 2181 agentes,
1520 2140 1652 2181 etquasi

185 2189 311 2219 easdem
323 2189 355 2219 in
371 2199 461 2221 ansas
477 2191 654 2230 redeuntes,
667 2192 771 2233 aliquo
788 2197 880 2233 pacto
890 2193 1132 2223 eonveniemus.
1180 2194 1267 2224 Pno.
1294 2193 1357 2224 Dic
1373 2193 1556 2235 quomodo?
1592 2193 1652 2226 So.

185 2242 276 2273 Pone
292 2253 340 2273 me
357 2243 465 2274 iterum
482 2244 704 2286 interrogatum
719 2246 772 2276 abs
789 2251 832 2286 te,
847 2257 865 2276 o
881 2246 1064 2278 Protarche.
1110 2247 1196 2278 Pno.
1221 2247 1407 2284 Quidnam?
1442 2246 1499 2279 So.
1519 2246 1652 2288 Sapien-

185 2295 244 2332 tia,
264 2296 408 2333 scientia,
435 2308 535 2339 mens,
548 2303 579 2328 et
594 2309 790 2340 quaecunque
806 2311 865 2341 ego
888 2311 906 2331 a
931 2301 1085 2342 principio
1110 2312 1231 2342 ponens
1249 2302 1331 2332 bona
1347 2302 1511 2337 vocabam,
1525 2306 1652 2342 rogatus

186 2349 264 2390 quid
279 2349 382 2390 ipsum
400 2351 514 2381 bonum
532 2351 583 2392 sit,
600 2363 704 2383 nonne
728 2353 820 2388 idem,
842 2355 926 2396 qnod
955 2361 986 2386 et
1009 2365 1107 2386 sermo
1135 2361 1217 2391 tuus,
1239 2355 1421 2396 patientur?
1467 2355 1554 2387 Pno.
1579 2355 1653 2392 Qua

186 2401 331 2433 ratione?
377 2404 433 2434 So.
458 2405 590 2436 Cunctoe
617 2416 751 2448 namque
778 2408 919 2439 scientia:
944 2409 1048 2439 multae
1077 2409 1276 2445 videbuntur,
1301 2419 1468 2450 earumque
1492 2409 1652 2440 nonnullae

187 2456 351 2487 dissimiles
367 2457 513 2489 invicem.
538 2460 621 2501 quod
647 2460 671 2490 si
695 2471 764 2502 quae
781 2462 873 2492 etiam
891 2463 1053 2493 contraxiae
1070 2463 1142 2499 sint,
1160 2462 1302 2504 uunquid
1319 2462 1463 2504 praesenti
1489 2462 1564 2504 [14]
1589 2463 1655 2494 dis-

189 2510 353 2550 putatione
365 2511 479 2552 dignus
495 2513 594 2552 suero,
611 2514 636 2544 si
654 2515 712 2546 boc
729 2515 829 2555 ipsum
846 2516 975 2557 veritus,
990 2517 1107 2547 nullam
1132 2516 1294 2547 scientiam
1317 2517 1455 2547 seientiae
1471 2515 1653 2547 dissimilem

189 2562 318 2592 dixerim
333 2562 344 2592 ?
388 2564 440 2594 Sic
458 2566 584 2596 tandem
601 2577 700 2597 sermo
717 2574 820 2598 noster
836 2574 984 2610 tanquam
1009 2569 1116 2600 fabula
1143 2575 1356 2606 evanesceret,
1370 2580 1428 2601 nos
1451 2575 1555 2600 autem
1570 2569 1655 2599 rudi-

191 2619 254 2646 me
270 2617 403 2656 quadam
420 2628 619 2651 servaremur.
643 2625 674 2651 nt
688 2620 730 2652 sic
745 2622 808 2652 fieri
826 2623 952 2654 minime
968 2623 1059 2654 decet
1073 2635 1080 2653 :
1098 2624 1171 2665 quin
1185 2624 1288 2664 potius
1300 2623 1407 2654 salutis
1421 2623 1497 2654 ratio
1510 2622 1655 2652 habenda

191 2675 249 2700 est.
294 2669 377 2699 Mihi
393 2670 488 2711 igitur
502 2678 533 2702 et
550 2673 579 2702 in
598 2678 650 2704 tua
666 2680 698 2705 et
715 2674 745 2704 in
762 2685 828 2705 mea
845 2676 985 2706 oratione
999 2687 1036 2707 ex
1049 2687 1140 2717 aequo
1157 2677 1195 2712 id,
1206 2677 1320 2717 placet,
1338 2682 1372 2708 ut
1386 2676 1492 2706 muuae
1508 2675 1656 2706 videlicet

192 2723 370 2763 voluptates
394 2730 487 2766 atque
512 2726 676 2758 dissimiles
698 2729 770 2764 sint,
789 2729 894 2760 multre
915 2736 1060 2770 przeterca
1090 2731 1332 2772 diti'erentesque
1356 2729 1507 2762 scientiae.
1552 2727 1656 2759 Diffe-

192 2777 320 2806 rentiam
346 2776 453 2818 itaque
480 2780 539 2810 mei
567 2790 602 2811 ac
631 2782 674 2811 tui
700 2782 785 2819 boni,
803 2794 821 2812 ο
845 2783 1023 2820 Protarclie,
1040 2785 1166 2816 minime
1183 2786 1421 2820 abscondentes,
1437 2783 1491 2814 sed
1508 2783 1538 2812 in
1554 2782 1656 2814 lucem

193 2829 298 2869 potius
314 2830 497 2873 educentes,
515 2833 671 2866 discutere
689 2836 871 2874 audeamus,
889 2837 914 2868 si
932 2848 994 2879 quo
1012 2845 1103 2879 pacto
1122 2849 1176 2879 per
1190 2839 1438 2879 redargutionem
1455 2836 1658 2878 significamr,

194 2886 294 2913 utrum
313 2883 505 2926 voluptatem
522 2888 631 2928 ipsum»
648 2889 763 2921 bonum
781 2891 827 2921 vel
851 2892 1052 2933 sapientiam,
1068 2897 1122 2923 aut
1146 2891 1268 2922 tertium
1296 2892 1445 2933 quiddam
1474 2895 1584 2932 praeter
1597 2889 1658 2920 ista

194 2944 375 2978 nuncupare
399 2939 522 2972 deceat.
568 2940 664 2974 Nunc
691 2943 774 2974 enirn
798 2954 995 2986 nequaquam
1022 2945 1106 2975 istud
1134 2946 1323 2977 contendere
1347 2945 1509 2981 debemus,
1526 2950 1560 2974 ut
1585 2953 1656 2985 quae
