1840 3225
550 609 1174 661 DEFINITIO'NES.

726 787 788 829 [Ex
807 787 870 821 Ed.
887 789 1015 831 steph.]

131 932 230 975 [411]
255 933 536 970 Smnmrnnnum,
560 938 611 963 est
634 933 721 974 quod
746 944 805 975 per
831 943 925 965 omne
940 939 1065 976 tempus
1082 939 1114 965 et
1129 934 1220 976 prius
1235 933 1387 972 existens,
1405 933 1502 965 etiam
1516 942 1601 964 nunc

128 997 193 1018 non
205 992 384 1028 corruptum
401 992 461 1018 est.
507 987 599 1018 Deus
614 992 664 1018 est
679 988 794 1019 animal
810 988 999 1026 immortale,
1016 989 1120 1030 seipso
1138 993 1322 1019 contentum
1338 988 1379 1019 ad
1392 988 1578 1021 felicitatem
1593 998 1600 1017 :

130 1041 270 1072 essentia
294 1040 499 1082 sempiterna,
523 1046 643 1071 naturae
666 1041 742 1072 boni
769 1053 875 1073 causa.
922 1043 1108 1080 Gener-atio,
1134 1048 1182 1074 est
1205 1048 1310 1074 motus
1338 1044 1377 1074 ad
1409 1042 1602 1073 essentiam:

130 1095 304 1136 assumptio
331 1096 497 1126 essentiae:
522 1096 700 1137 progressio
727 1096 768 1126 ad
790 1097 849 1127 hoc
874 1101 908 1126 ut
930 1097 981 1128 sit.
1026 1098 1080 1128 Sol
1109 1102 1158 1128 est
1183 1098 1266 1137 ignis
1282 1097 1431 1141 coelestini,
1447 1096 1504 1139 qui
1519 1096 1604 1127 solu's

130 1149 168 1179 ab
185 1159 295 1180 aurora
311 1150 350 1180 ad
366 1159 529 1191 vesperam
546 1160 655 1191 usque,
673 1151 711 1180 ab
728 1150 844 1181 iisdem
859 1151 959 1182 videri
976 1156 1082 1193 potest
1097 1163 1102 1181 :
1128 1152 1244 1182 animal
1267 1152 1504 1193 sempiternum,
1533 1150 1600 1181 ani—

129 1208 251 1233 matum
277 1208 407 1239 astrum,
434 1214 491 1245 per
519 1203 602 1234 diem
637 1205 856 1246 conspicuum,
886 1205 1073 1237 maximum.
1119 1206 1262 1247 Tempus
1291 1212 1339 1237 est
1365 1211 1472 1237 motus
1503 1205 1603 1236 solis:

129 1268 274 1288 mensura
304 1264 418 1289 motus.
466 1258 557 1295 Dies,
590 1264 640 1289 est
667 1258 727 1289 iter
746 1259 821 1289 solis
847 1259 886 1290 ab
912 1260 1034 1290 ortibus
1059 1260 1099 1291 ad
1120 1270 1262 1291 occasus.
1308 1260 1377 1290 Lux
1393 1259 1539 1301 estquod
1555 1264 1605 1289 est

129 1311 316 1342 contrarium
343 1313 441 1342 nocti.
487 1311 612 1345 Aurora
639 1319 688 1344 est
709 1313 774 1344 diei
798 1314 1013 1356 principium:
1040 1315 1142 1355 prima
1156 1315 1209 1344 lux
1227 1325 1246 1346 a
1261 1315 1337 1345 sole.
1383 1313 1540 1345 Meridies
1556 1314 1606 1344 est

130 1371 254 1407 ternpus
279 1366 313 1396 in
329 1376 392 1408 quo
409 1377 572 1408 corporum
587 1367 704 1398 unibrae
719 1368 859 1398 minimae
877 1368 1084 1408 longitudinis
1100 1369 1272 1410 participes
1287 1374 1370 1399 sunt.
1395 1369 1541 1409 Vespera
1557 1374 1607 1399 est

129 1419 194 1450 diei
218 1420 302 1452 finis.
348 1421 436 1457 Nox,
463 1422 617 1458 tenebrae,
640 1422 722 1462 quod
740 1428 789 1453 est
802 1423 991 1453 contrarium
1009 1423 1070 1454 diei
1091 1434 1097 1452 :
1122 1423 1256 1464 privatio
1271 1423 1358 1454 solis.
1401 1422 1542 1453 Fortuna
1557 1423 1606 1452 est

129 1478 234 1505 motus
263 1485 300 1505 ex
329 1474 462 1505 obscuro
491 1475 531 1506 ad
560 1476 739 1513 obscurum,
768 1482 799 1508 et
827 1487 868 1507 ex
898 1486 937 1508 eo
966 1478 1051 1519 quod
1081 1487 1137 1507 sua
1159 1481 1273 1518 sponte
1296 1477 1351 1508 fit:
1385 1485 1481 1508 causa
1502 1475 1603 1506 felicis

128 1539 308 1560 successus.
358 1529 511 1560 Senectus
536 1535 586 1560 est
607 1530 786 1560 imminutio
810 1531 954 1570 animati,
968 1541 986 1561 a
1000 1536 1142 1572 tempore
1156 1531 1356 1571 contingens.
1401 1530 1529 1561 Ventus
1552 1534 1603 1559 est

127 1588 232 1613 motus
255 1583 335 1614 aeris
361 1583 479 1614 circum
504 1589 633 1615 terram.
678 1583 747 1614 Aer
771 1590 821 1615 est
843 1585 1041 1615 elementum
1065 1584 1158 1625 cujus
1180 1595 1291 1615 omnes
1304 1584 1483 1615 secundum
1495 1583 1602 1614 locum

128 1640 242 1673 motus,
268 1636 443 1667 secundum
462 1642 608 1668 naturam
632 1643 718 1670 sunt.
763 1637 885 1669 Coelum
900 1643 949 1668 est
963 1648 1078 1679 corpus
1094 1639 1311 1679 complectens
1326 1637 1433 1668 omnia
1445 1648 1516 1678 quae
1529 1647 1602 1668 sen—

128 1690 214 1720 sibus
242 1690 388 1731 exposita
410 1695 496 1727 sunt,
520 1696 636 1732 praeter
662 1691 769 1732 ipsum
794 1701 976 1732 supremum
1001 1701 1118 1721 aerem.
1162 1691 1281 1721 Anima
1306 1697 1355 1722 est
1379 1691 1464 1732 quod
1493 1691 1602 1733 ipsum

128 1744 271 1785 seipsum
293 1750 416 1775 movet:
443 1755 538 1775 causa
550 1751 652 1775 motus
669 1745 773 1775 vitalis
789 1745 985 1776 animalium.
1032 1744 1182 1775 Facultas
1194 1750 1242 1775 est
1257 1745 1290 1775 id
1303 1744 1388 1786 quod
1402 1755 1455 1786 per
1464 1745 1603 1786 seipsum

129 1798 286 1829 efficiendi
311 1798 376 1828 vim
394 1798 502 1829 habet.
550 1798 648 1830 Visus
663 1804 712 1829 est
725 1799 851 1830 habitus
863 1799 1069 1830 discernendi
1084 1808 1215 1840 corpora
1232 1798 1296 1831 vim
1313 1798 1443 1829 liabens.
1493 1798 1541 1829 Os
1557 1804 1606 1830 est

129 1852 268 1883 medulla
282 1853 417 1885 a.calore
434 1859 609 1894 compacta.
654 1853 854 1884 Elementum
870 1858 919 1884 est
932 1852 1018 1895 quod
1034 1853 1196 1893 componit
1208 1860 1241 1883 et
1256 1852 1401 1883 dissolvit
1413 1852 1606 1893 composita.

130 1906 243 1937 Virtus
269 1911 319 1937 est
338 1906 478 1943 affectio,
504 1911 559 1937 aut
580 1906 706 1937 habitus
720 1907 858 1948 optimus
871 1907 1016 1937 mortalis
1031 1906 1187 1943 animalis,
1204 1916 1262 1947 per
1274 1907 1416 1947 seipsum
1431 1904 1580 1936 laudatus
1595 1916 1603 1936 ι

129 1960 255 1991 habitus
281 1959 457 1991 secundum
483 1971 575 2001 quein
604 1961 634 1991 id
660 1960 748 2003 quod
772 1961 878 1999 habet,
905 1962 1022 1992 bonum
1040 1961 1169 1993 dicitur.
1216 1959 1419 1997 Communio,
1433 1960 1542 2001 legum
1555 1966 1605 1992 est

125 2014 215 2056 justa
226 2014 366 2052 affectio,
382 2015 554 2046 seeundum
568 2025 660 2056 quam
676 2015 708 2045 id
721 2015 806 2056 quod
824 2016 919 2046 habet
933 2015 1072 2057 perfecte
1089 2015 1249 2052 affectum,
1277 2015 1445 2046 honestum
1466 2014 1604 2046 dicitur:

131 2073 185 2099 aut
198 2068 324 2099 habitus
338 2069 394 2109 qui
409 2069 565 2110 aequitatis
580 2074 613 2100 et
627 2069 806 2100 concordiae
820 2069 976 2100 saciendae
989 2070 1055 2100 vim
1067 2069 1174 2100 habet.
1220 2069 1398 2100 Prudentia
1411 2073 1461 2101 est
1469 2069 1606 2101 facultas

131 2133 202 2163 quae
230 2132 286 2163 per
309 2122 447 2163 seipsam
474 2124 617 2154 humanae
641 2123 806 2154 felicitatis
832 2123 1007 2155 efficiendae
1033 2123 1098 2153 vim
1113 2124 1233 2154 habet:
1260 2123 1394 2155 scientia
1406 2123 1607 2154 bonorumet

131 2177 302 2207 malorum:
327 2176 466 2207 scientia
490 2177 635 2208 effectrix
660 2177 850 2208 felicitatis:
874 2177 1002 2209 affectio
1028 2177 1200 2208 secundum
1216 2187 1310 2218 quam
1330 2177 1513 2218 judicamus
1527 2177 1606 2219 quid

131 2230 311 2261 faciendum
339 2230 391 2269 sit,
419 2236 452 2261 et
479 2231 557 2272 quid
583 2241 645 2262 non
658 2230 851 2263 faciendum.
896 2231 916 2262 J
921 2231 1028 2262 ustitia
1040 2237 1090 2262 est
1102 2231 1268 2263 consensio
1284 2231 1396 2263 animae
1409 2231 1449 2261 ad
1465 2231 1603 2272 seipsam

130 2290 163 2315 et
184 2284 320 2326 partium
344 2284 456 2316 anirnae
482 2285 564 2316 inter
591 2296 624 2316 se
647 2285 731 2316 bona
758 2285 970 2327 compositio:
997 2285 1122 2315 habitus
1150 2285 1205 2326 qui
1226 2284 1342 2326 cuique
1368 2294 1427 2325 pro
1448 2284 1604 2325 (lignitate

132 2339 293 2370 distribuit
306 2350 313 2370 ε
339 2339 466 2370 habitus
487 2339 662 2370 secundum
687 2350 782 2381 quem
804 2340 831 2370 is
854 2340 908 2381 qui
921 2340 1018 2371 habet
1032 2339 1235 2381 amplectitur
1250 2344 1284 2370 et
1299 2339 1387 2380 eligit
1400 2349 1438 2370 ea
1453 2349 1526 2380 quae
1541 2339 1605 2370 sibi

128 2392 217 2434 justa
228 2393 394 2424 videntur:
419 2394 544 2425 habitus
559 2394 591 2424 in
606 2394 671 2425 vita
682 2394 747 2436 legi
757 2393 908 2425 obediens
924 2405 931 2424 :
956 2393 1084 2425 socialis
1094 2394 1277 2436 aequalitas:
1294 2393 1420 2425 habitus
1429 2394 1608 2425 inserviens

131 2447 228 2478 rectis
253 2447 387 2489 legibus.
430 2448 656 2490 Temperantia
678 2454 728 2480 est
749 2448 927 2479 moderatio
944 2448 1057 2479 animae
1071 2449 1152 2479 circa
1169 2448 1363 2490 cupiditates
1377 2453 1412 2478 et
1425 2448 1608 2489 voluptates

133 2511 203 2541 quae
229 2501 263 2531 in
289 2501 359 2542 ipsa
386 2501 560 2533 secundum
582 2508 728 2533 naturam
750 2503 831 2533 fiunt
847 2513 855 2532 ε
879 2503 1077 2534 concinnitas
1091 2507 1124 2533 et
1137 2502 1222 2533 bona
1234 2502 1345 2533 aniinae
1362 2502 1549 2544 compositio
1565 2502 1606 2533 ad

132 2555 292 2585 naturales
315 2555 496 2597 voluptates
521 2567 557 2587 ac
583 2557 730 2588 dolores:
756 2557 924 2589 consensio
948 2557 1061 2587 animae
1086 2558 1125 2587 ad
1141 2557 1201 2588 hoc
1218 2561 1252 2587 ut
1266 2556 1413 2598 imperet,
1429 2561 1462 2587 et
1477 2557 1606 2588 subdita

131 2608 186 2639 sit:
214 2614 389 2649 spontanea
413 2611 588 2641 secundum
617 2616 762 2642 naturam
785 2612 889 2642 actio:
916 2612 999 2642 bona
1025 2611 1138 2641 animae
1162 2611 1370 2652 compositio:
1404 2611 1604 2642 conversatio

133 2662 245 2695 animae
261 2672 330 2704 quae
344 2662 384 2694 de
410 2662 507 2705 [412]
532 2665 672 2695 honestis
696 2670 730 2696 et
750 2665 894 2706 turpibus
910 2665 1060 2696 rationem
1074 2665 1134 2695 init
1148 2675 1154 2694 :
1180 2664 1305 2695 habitus
1320 2664 1494 2695 secundum
1508 2672 1603 2704 quem

130 2715 159 2746 is
175 2716 228 2757 qui
242 2715 336 2746 habet
347 2716 437 2757 eligit
451 2722 483 2747 et
499 2724 624 2748 veretur
641 2729 677 2749 ea
693 2729 764 2760 quae
778 2724 917 2760 oportet.
962 2718 1128 2750 Fortitudo
1154 2725 1203 2749 est
1228 2718 1352 2755 babitus
1376 2718 1489 2749 animm
1511 2717 1565 2759 qui
1580 2727 1601 2748 a

132 2770 243 2800 timore
264 2780 329 2800 non
350 2777 580 2802 commovetur:
606 2773 800 2803 confidentia
814 2773 978 2803 militaris:
1005 2772 1140 2804 scientia
1155 2782 1260 2803 rerum
1275 2771 1473 2802 militarium:
1499 2770 1604 2802 conti-

131 2824 240 2854 nentia
264 2823 377 2854 aniinae
403 2824 552 2855 adversus
580 2827 733 2857 horrenda
758 2832 790 2857 et
811 2827 1033 2858 formidanda:
1059 2826 1193 2857 audacia
1208 2826 1383 2856 inserviens
1396 2825 1597 2866 prudentiae:

132 2876 247 2908 fiducia
260 2877 290 2907 in
306 2877 414 2909 mortis
428 2879 654 2919 expectatione
669 2891 676 2909 ;
714 2880 837 2911 habitus
853 2891 1040 2912 conservans
1063 2887 1165 2912 rectas
1183 2879 1440 2911 ratiocinationes
1465 2879 1496 2909 in
1514 2879 1597 2920 peri-

132 2932 211 2963 culis
230 2943 236 2962 :
250 2932 342 2963 robur
358 2933 396 2963 ad
411 2938 568 2974 aequaturn
581 2933 774 2975 periculum:
792 2935 886 2966 robur
896 2941 1044 2968 constans
1058 2931 1258 2966 ad‘virtutcm
1271 2945 1277 2963 :
1290 2932 1382 2975 quies
1393 2933 1505 2965 anima:
1519 2932 1602 2965 circa
