1840 3225
140 215 239 265 477]
549 214 621 252 DE
653 213 961 252 REPUBLICA
994 215 1092 254 LIB.
1124 216 1173 255 v.
1531 217 1605 253 163

141 331 194 372 qui
211 342 218 361 :
245 336 274 361 te
289 335 392 362 autern
409 331 467 362 hoc
484 328 558 360 mihi
574 329 716 360 daturum
735 328 875 361 arbitror.
922 328 1036 360 GLAU.
1061 330 1146 366 Quid
1170 328 1363 371 potissimum
1380 328 1390 358 ?
1436 328 1490 358 So.
1516 327 1607 357 Post-

139 395 232 426 quam
249 385 436 415 contrarium
453 388 500 414 est
517 382 598 424 turpi
613 382 865 423 pulchrum,duo
892 381 988 422 [476]
1013 383 1079 414 haec
1093 394 1172 415 esse.
1218 383 1332 414 GLAU.
1358 381 1505 420 Quidni?
1550 382 1607 412 So.

140 437 182 468 Et
199 443 363 480 postquam
378 439 441 468 duo
457 438 523 468 haec
540 444 624 476 sunt,
639 436 762 477 singula
776 447 871 467 unum
895 442 997 468 erunt.
1043 436 1159 469 Grau.
1183 436 1225 467 Et
1250 438 1321 468 hoc.
1365 436 1421 467 So.
1446 435 1497 466 De
1518 435 1606 476 justo

135 491 213 532 quin
240 491 332 522 etiam
360 497 392 522 et
412 490 543 531 injusto,
567 491 650 521 bono
677 495 710 521 et
736 490 832 527 malo,
858 490 1087 532 speciebusque
1114 492 1258 522 omuibus
1284 491 1361 521 ratio
1389 491 1511 521 eadem.
1535 499 1605 519 nam

137 546 302 587 quodlibet
317 546 443 576 istorum
460 555 554 575 unum
571 544 675 585 ipsum
691 550 759 575 est:
785 555 949 585 corporum
974 555 1046 575 vero
1075 545 1232 575 actionum
1263 550 1295 575 et
1320 544 1440 575 alterna
1466 554 1606 574 commu-

135 600 229 631 nione
256 599 370 640 passim
401 598 597 640 apparentia,
626 598 747 639 singula
775 598 871 628 multa
901 598 1056 630 videntur.
1102 598 1218 630 Graiu.
1244 598 1329 629 Scite
1359 597 1506 639 loqueris.
1551 597 1604 628 So.

135 653 206 685 Hac
220 652 366 694 equidem
381 652 501 696 ratione
517 652 692 692 distinguo,
708 662 843 682 seorsum
869 651 1008 693 quidem,
1023 662 1102 692 quos
1130 656 1163 681 tu
1194 652 1288 682 modo
1314 651 1441 681 dicebas
1468 650 1605 682 curiosos

132 706 172 736 ad
190 706 370 742 videndum,
388 706 579 737 audiendum
595 710 740 746 artesque
756 705 953 736 tractandas:
979 715 1115 736 seorsum
1131 715 1257 746 quoque
1275 710 1306 736 et
1332 704 1415 740 illos,
1428 705 1467 734 de
1491 705 1605 745 quibus

131 764 179 790 est
192 769 304 796 sermo,
320 770 399 801 quos
414 759 495 790 solos
511 759 619 789 merito
636 759 705 800 quis
721 759 926 800 philosophos
949 759 1135 801 appellabit.
1181 759 1295 790 GLAu.
1320 758 1497 795 Quomodo?
1517 758 1603 788 istud

131 813 203 844 ais?
248 814 306 845 So.
330 813 483 844 Homines
499 812 598 844 oculis
614 818 646 844 et
660 813 785 843 auribus
801 813 900 843 dediti
923 813 1060 854 pulchris
1086 813 1227 849 vocibus,
1243 813 1401 844 coloribus
1427 817 1459 842 et
1488 812 1605 852 figuris,

131 872 164 899 et
178 868 320 899 omnibns
338 878 407 909 quae
422 878 461 898 ex
477 867 588 897 talibus
612 872 770 905 constant,
786 867 955 907 admodum
983 866 1180 898 delectantur
1196 879 1202 897 :
1229 866 1325 908 ipsius
1350 873 1454 898 autem
1484 865 1605 906 pulchri

132 927 273 953 naturam
290 921 438 964 cogitatio
465 931 570 952 eorum
601 931 664 951 non
692 926 796 962 potest
821 922 984 962 attingere.
1031 920 1148 952 GLAu.
1171 921 1224 952 Sic
1250 926 1308 952 est.
1354 920 1410 950 So.
1439 919 1505 955 Qui
1532 930 1603 949 vcro

132 976 171 1007 ad
188 976 290 1018 ipsum
307 975 470 1017 pulchrum
486 976 653 1006 ascendere
669 975 774 1006 valent
790 980 822 1005 et
837 975 1009 1006 secundum
1027 986 1059 1006 se
1076 975 1179 1016 ipsum
1203 974 1370 1015 inspicere,
1386 984 1492 1004 nonne
1522 973 1603 1003 rari?

131 1028 245 1062 Gau.
268 1028 344 1060 Rari
359 1030 539 1061 admodum.
585 1030 640 1061 So.
665 1030 730 1066 Qui
745 1024 792 1060 res
808 1029 881 1060 istas
898 1029 1042 1070 pulchras
1057 1029 1222 1065 existimat,
1238 1028 1337 1070 ipsam
1366 1038 1439 1058 vero
1468 1026 1605 1068 pulchri-

132 1083 274 1114 tudinem
291 1094 394 1125 neque
419 1089 509 1124 putat
535 1094 613 1120 esse,
628 1094 743 1125 neque,
760 1084 782 1114 si
810 1084 879 1124 quis
903 1084 999 1114 ducat
1023 1084 1062 1114 ad
1090 1082 1325 1124 perceptionem
1352 1081 1434 1122 ejus,
1451 1080 1604 1121 attingere

134 1143 250 1178 potest,
268 1148 337 1168 vere
351 1148 458 1180 sapere
475 1138 530 1168 tibi
556 1138 689 1174 videtur,
705 1148 745 1168 an
769 1137 804 1168 in
831 1138 957 1168 somniis
984 1137 1076 1167 ludi?
1123 1137 1295 1168 Considera
1317 1135 1421 1176 itaque
1449 1135 1603 1165 somniare

130 1200 237 1222 nonne
253 1191 284 1221 id
302 1196 361 1231 est,
377 1191 505 1232 quando
522 1190 586 1221 sive
601 1191 759 1221 dormiens
775 1191 846 1232 quis
863 1201 916 1222 seu
943 1190 1089 1231 vigilans,
1105 1191 1188 1231 quod
1216 1189 1310 1220 alicui
1337 1188 1436 1219 simile
1457 1193 1518 1228 est,
1537 1198 1601 1218 non

133 1244 245 1280 simile,
273 1245 327 1275 sed
355 1245 455 1286 ipsum
485 1255 553 1275 esse
577 1249 697 1285 censet,
723 1244 814 1285 cujus
842 1249 889 1275 est
915 1244 1038 1275 simile?
1085 1244 1201 1274 Gmu.
1226 1243 1354 1273 Somnia
1382 1242 1487 1273 videre
1517 1242 1602 1273 hunc

131 1308 192 1339 ego
208 1297 356 1328 dicerem.
402 1298 458 1328 So.
483 1298 569 1334 Quid
594 1298 692 1328 vero?
716 1298 769 1339 qui
795 1303 904 1328 contra
931 1297 1062 1328 affectus
1089 1302 1148 1332 est,
1164 1297 1375 1337 intelligitque
1399 1297 1474 1337 quid
1498 1296 1600 1337 ipsum

131 1351 306 1392 pulchrum,
323 1361 359 1382 ac
375 1350 550 1381 discernere
566 1350 648 1381 valet
665 1356 697 1381 et
711 1351 813 1392 ipsum
834 1356 866 1381 et
893 1361 963 1392 qnae
988 1351 1086 1391 ipsius
1114 1351 1316 1392 participant,
1332 1351 1412 1380 adeo
1440 1355 1474 1380 ut
1499 1360 1602 1391 neque

127 1404 231 1446 ipsum
244 1404 298 1435 illa
311 1415 389 1440 esse,
402 1415 505 1446 neque
517 1405 568 1435 illa
585 1404 686 1446 ipsum
704 1410 805 1445 putet,
824 1404 937 1446 vigilne
955 1404 1032 1435 vivit
1048 1415 1087 1434 an
1109 1404 1267 1435 oscitans?
1291 1403 1408 1439 GLAU.
1426 1403 1519 1435 Certe
1532 1414 1602 1444 per-

130 1458 217 1500 vigil.
249 1459 304 1491 So.
321 1458 426 1499 Hujus
441 1459 536 1500 igitur
546 1459 782 1500 cogitationem,
794 1463 828 1489 ut
841 1458 1071 1500 cognoscentis,
1087 1458 1298 1500 cognitionem
1311 1458 1383 1499 jure
1397 1458 1576 1489 vocabimus
1593 1470 1600 1489 :

130 1511 235 1552 hujus,
263 1517 412 1555 tanquam
442 1513 614 1554 opinanti5‚
632 1513 828 1555 opinionem.
875 1513 992 1545 GLAu.
1017 1513 1168 1544 Omnino.
1214 1513 1271 1544 So.
1294 1512 1327 1543 Si
1357 1511 1448 1543 uobis
1471 1522 1602 1543 succen-

128 1570 196 1596 seat
221 1566 292 1604 iste,
306 1577 398 1608 quem
425 1567 549 1609 opinari
571 1567 716 1603 dicimus,
731 1578 795 1598 non
822 1578 1025 1608 cognoscere,
1041 1572 1198 1609 negetque
1223 1577 1280 1597 nos
1308 1576 1377 1596 vera
1403 1565 1513 1607 loqui:
1538 1577 1601 1608 qua

127 1619 246 1651 ratione
261 1631 330 1651 eum
346 1621 568 1663 mitigabimus,
585 1622 763 1664 sensimque
779 1627 811 1653 et
825 1622 940 1652 blande
956 1622 1210 1663 persuadebimus
1226 1630 1308 1651 sanae
1325 1620 1439 1650 mentis
1451 1630 1521 1650 eum
1535 1630 1600 1650 non

126 1674 218 1704 esse?
264 1674 380 1706 Guu.
405 1675 540 1716 Oportet
555 1686 640 1707 sane.
685 1677 740 1708 So.
763 1676 1005 1717 Adverte‚quid
1024 1677 1064 1707 ad
1094 1686 1165 1706 eum
1192 1675 1343 1706 dicemus.
1390 1674 1424 1704 Si
1450 1673 1506 1710 vis,
1523 1683 1599 1704 sane

127 1728 211 1759 hunc
227 1729 257 1759 in
275 1731 401 1760 modum
416 1731 455 1761 ab
477 1741 515 1761 eo
537 1731 776 1772 sciscitabimur,
793 1731 935 1762 dicentes
958 1731 1056 1772 quod,
1072 1730 1095 1760 si
1121 1730 1200 1772 quid
1226 1729 1325 1765 novit,
1343 1728 1429 1759 nulla
1453 1728 1573 1758 invidia
1589 1740 1596 1759 ε

126 1781 182 1812 sed
199 1789 318 1823 gratum
334 1783 392 1813 erit
407 1783 496 1814 nobis
511 1789 543 1814 et
563 1784 665 1826 ipsum
693 1784 771 1816 scire
799 1784 917 1826 aliquid
946 1789 989 1821 et,
1007 1784 1081 1826 quid
1112 1783 1202 1820 sciat,
1219 1783 1354 1814 novisse.
1377 1783 1431 1813 sed
1458 1782 1535 1813 mihi
1563 1783 1597 1814 id

125 1833 212 1866 dicas
227 1847 234 1865 :
261 1836 451 1878 Quicunque
467 1839 641 1879 cognoscit,
658 1839 862 1880 cognoscitne
878 1839 998 1879 aliquid
1015 1844 1069 1868 aut
1084 1838 1161 1868 nihil
1175 1837 1186 1867 ?
1234 1836 1275 1867 Ar
1293 1842 1326 1867 tu
1340 1836 1417 1867 mibi
1432 1835 1502 1876 ejus
1527 1837 1596 1868 vice

123 1889 293 1930 responde.
340 1889 454 1922 Gzau.
479 1891 610 1932 Aliquid
627 1896 722 1922 certe.
768 1892 824 1923 So.
850 1892 962 1922 Utrum
979 1901 1034 1921 ens
1051 1890 1181 1932 aliquid,
1198 1900 1238 1920 an
1265 1900 1328 1920 non
1355 1889 1434 1920 ens?
1481 1888 1597 1922 GLAU.

127 1941 204 1973 Eris.
229 1952 292 1983 quo
318 1943 402 1974 enim
429 1945 536 1986 modo,
561 1946 646 1986 quod
673 1956 736 1976 non
761 1951 820 1986 est,
845 1945 943 1986 [477]
968 1943 1116 1985 cognosci
1144 1944 1273 1985 posset?
1318 1943 1374 1975 So.
1399 1942 1598 1974 sufficienter

124 1994 209 2026 istud
225 1998 394 2035 constabit,
410 1998 437 2029 si
453 1999 534 2029 varia
550 2000 608 2030 sub
624 2000 744 2030 ratione
760 1999 998 2041 pervestigetur,
1013 1999 1098 2040 quod
1116 1998 1266 2029 videlicet
1290 1997 1418 2027 omnino
1445 2008 1501 2028 ens
1527 2008 1596 2028 om-

125 2048 202 2080 nino
217 2056 249 2080 et
264 2052 411 2091 cognosci
428 2058 542 2093 potest,
556 2052 644 2083 nullo
661 2054 754 2084 modo
768 2063 823 2084 ens
849 2053 937 2084 nullo
965 2053 1058 2083 modo
1085 2051 1246 2093 cognosci.
1291 2050 1407 2082 Gnu.
1432 2051 1596 2082 Sufficien-

122 2102 252 2134 tissime.
298 2104 351 2135 So.
375 2105 408 2136 Si
424 2105 500 2147 quid
517 2112 620 2138 autem
636 2107 681 2138 ita
696 2118 729 2138 se
744 2108 849 2144 habet,
866 2112 947 2138 utet
962 2107 1002 2137 sit
1026 2112 1058 2137 et
1082 2116 1145 2136 non
1172 2106 1224 2146 sit,
1241 2115 1346 2136 nonne
1371 2105 1508 2136 medium
1535 2105 1594 2136 erit

123 2155 204 2188 inter
228 2157 259 2188 id
285 2160 368 2200 quod
396 2164 443 2190 est
466 2161 605 2197 omnino,
621 2166 654 2192 et
678 2161 710 2192 id
735 2162 820 2202 quod
846 2162 932 2192 nullo
961 2161 1054 2192 inodo
1081 2161 1152 2191 est?
1199 2160 1312 2191 GLAu.
1337 2159 1493 2189 Medium.
1539 2159 1597 2190 So.

123 2208 215 2241 Circa
230 2211 262 2241 id
278 2213 363 2253 quod
380 2218 438 2250 est,
455 2214 593 2255 cognitio
607 2214 675 2256 ipsa
699 2220 858 2245 versatur:
884 2215 1038 2256 ignoratio
1063 2225 1101 2245 cx
1126 2214 1312 2245 necessitate
1337 2213 1419 2244 circa
1448 2213 1479 2243 id
1505 2213 1592 2254 quod

123 2273 189 2293 non
205 2270 262 2296 est.
285 2266 366 2297 circa
382 2267 515 2298 medium
534 2268 660 2299 istorum
678 2269 814 2300 medium
831 2269 990 2310 quoddam
1004 2268 1271 2309 investigandum,
1286 2267 1447 2298 scientiam
1464 2267 1546 2297 inter
1561 2272 1594 2296 et

123 2316 344 2358 ignorantiam,
370 2320 395 2351 si
423 2321 498 2363 quid
529 2322 710 2363 hujusmodi
740 2322 900 2364 reperitur.
947 2323 1065 2354 Grau.
1089 2322 1228 2353 Prorsus.
1275 2321 1331 2354 So.
1356 2320 1440 2351 Num
1471 2320 1591 2361 aliquid

124 2380 190 2401 esse
202 2372 383 2413 opinionem
406 2374 562 2406 dicimus?
609 2375 723 2408 GLAu.
749 2376 897 2413 Quidni?
941 2376 998 2407 So.
1024 2376 1136 2407 Utrum
1159 2376 1291 2406 eandem
1321 2375 1495 2416 potentiam
1519 2384 1590 2405 cum

123 2424 264 2461 scientia.
279 2436 318 2457 an
334 2427 486 2459 diversam
501 2429 512 2458 ?
560 2428 675 2461 GLAu.
699 2429 874 2462 Diversum.
919 2430 974 2462 So.
1002 2430 1083 2471 Ergo
1099 2430 1181 2460 circa
1196 2429 1281 2459 aliud
1298 2428 1424 2469 quidem
1454 2432 1592 2458 versatur

123 2478 243 2519 opinio,
256 2479 338 2511 circa
352 2481 436 2512 atiud
453 2487 557 2513 autem
573 2484 714 2525 scientia,
730 2484 778 2515 vel
796 2484 968 2515 secundum
986 2484 1158 2525 potentiam
1181 2483 1325 2518 eandem,
1343 2482 1389 2511 vel
1415 2481 1590 2512 secundum

122 2533 254 2564 eandem
285 2539 415 2576 utraque
446 2536 493 2566 sui
522 2536 620 2578 ipsius
650 2539 834 2579 potentiam.
882 2538 996 2569 GLAU.
1022 2538 1078 2568 Est
1107 2538 1162 2569 ita.
1206 2537 1263 2567 So.
1286 2535 1338 2565 An
1367 2544 1431 2565 non
1459 2533 1591 2564 scientia

122 2587 250 2628 quidem
266 2589 347 2620 circa
362 2589 408 2630 id,
424 2590 508 2631 quod
525 2596 582 2626 cst,
599 2601 637 2622 ea
652 2593 771 2623 ratione
788 2603 851 2634 qua
866 2603 920 2624 ens
936 2597 994 2632 est,
1011 2591 1172 2632 cognoscit
1187 2591 1197 2620 ?
1244 2589 1343 2620 lmmo
1360 2598 1430 2618 vero
1447 2597 1587 2618 necessa-

120 2641 197 2671 rium
214 2652 282 2673 esse
307 2653 431 2680 censen,
457 2649 490 2674 ut
517 2644 600 2685 prius
624 2644 667 2676 ita
691 2645 891 2687 distinguam.
938 2645 1053 2676 Gmu.
1077 2644 1166 2681 Qui?
1212 2643 1268 2673 So.
1296 2642 1448 2673 Dicemus
1478 2641 1587 2682 utique

120 2696 277 2735 potentias
291 2707 357 2727 esse
373 2707 471 2738 genus
486 2697 614 2738 aliquod
631 2709 748 2735 corum,
765 2710 835 2741 quae
852 2705 944 2730 sunt:
969 2699 1082 2740 quibus
1097 2702 1128 2728 et
1159 2707 1218 2728 nos
1246 2706 1421 2738 possumus,
1437 2703 1589 2735 quaecun-

119 2757 181 2788 que
197 2744 370 2790 possumus.
386 2756 418 2781 et
433 2751 529 2787 aliud,
544 2753 754 2794 quodcunque
771 2753 890 2796 aliquid
910 2758 1024 2795 potest.
1050 2751 1148 2782 veluti
1177 2751 1274 2781 visum
1303 2755 1334 2781 ct
1359 2749 1500 2779 auditum
1529 2758 1586 2788 po-

119 2802 233 2832 tentias
257 2804 406 2844 quasdam
436 2815 534 2836 voco:
560 2805 583 2835 si
610 2807 714 2842 ruodo,
730 2808 815 2847 quod
841 2808 960 2847 loquor,
977 2805 1138 2846 intelligis.
1184 2804 1299 2836 GLAU.
1323 2802 1471 2842 Intelligo
1499 2801 1588 2841 equi-

119 2854 204 2886 dem.
247 2856 299 2888 So.
323 2857 420 2893 Audi,
436 2859 521 2899 quod
536 2858 611 2889 mihi
626 2859 666 2889 de
683 2859 729 2889 his
747 2860 879 2891 videtur.
905 2869 975 2890 nam
994 2869 1052 2900 ego
1068 2859 1193 2900 quidem
1211 2858 1308 2899 ipsius
1321 2856 1470 2898 potenriae
1484 2865 1584 2895 neque

121 2907 254 2940 colorem
270 2910 361 2942 video
378 2911 512 2952 aliquem
528 2922 629 2953 neque
646 2912 786 2954 figuram,
803 2924 905 2955 neque
921 2912 1089 2954 quicquam
1106 2913 1228 2953 talium,
1241 2911 1345 2953 qualia
1375 2909 1507 2951 plurium
1539 2918 1586 2938 re-
