<?xml version="1.0" encoding="UTF-8"?>
<!DOCTYPE html PUBLIC "-//W3C//DTD XHTML 1.0 Transitional//EN"
    "http://www.w3.org/TR/xhtml1/DTD/xhtml1-transitional.dtd">
<html xmlns="http://www.w3.org/1999/xhtml" xml:lang="en" lang="en">
 <head>
  <title>
</title>
<meta http-equiv="Content-Type" content="text/html;charset=utf-8" />
  <meta name='ocr-system' content='tesseract 3.04.00' />
  <meta name='ocr-capabilities' content='ocr_page ocr_carea ocr_par ocr_line ocrx_word'/>
</head>
<body>
  <div class='ocr_page' id='page_1' title='image "./platonisetquaeve11plat_0083.png"; bbox 0 0 1840 3225; ppageno 0'>
   <div class='ocr_carea' id='block_1_1' title="bbox 112 243 1584 310">
    <p class='ocr_par' dir='ltr' id='par_1_1' title="bbox 112 243 1584 310">
     <span class='ocr_line' id='line_1_1' title="bbox 112 243 1584 310; baseline 0 -12"><span class='ocrx_word' id='word_1_1' title='bbox 112 243 209 310; x_wconf 70' lang='grc' dir='ltr'><strong>28ὲ]</strong></span> <span class='ocrx_word' id='word_1_2' title='bbox 619 257 838 297; x_wconf 80' lang='lat' dir='ltr'>HIPPIAS</span> <span class='ocrx_word' id='word_1_3' title='bbox 871 258 1075 297; x_wconf 74' lang='lat' dir='ltr'><strong>MAJOR.</strong></span> <span class='ocrx_word' id='word_1_4' title='bbox 1538 263 1584 299; x_wconf 84' lang='lat'><strong>71</strong></span> 
     </span>
    </p>
   </div>
   <div class='ocr_carea' id='block_1_2' title="bbox 106 360 1588 3004">
    <p class='ocr_par' dir='ltr' id='par_1_2' title="bbox 106 360 1588 3004">
     <span class='ocr_line' id='line_1_2' title="bbox 115 360 1588 406; baseline 0 -11"><span class='ocrx_word' id='word_1_5' title='bbox 115 372 179 400; x_wconf 83' lang='lat' dir='ltr'><strong>cas,</strong></span> <span class='ocrx_word' id='word_1_6' title='bbox 194 362 373 405; x_wconf 89' lang='lat' dir='ltr'><strong>quicunque</strong></span> <span class='ocrx_word' id='word_1_7' title='bbox 390 362 525 394; x_wconf 87' lang='lat' dir='ltr'><strong>dicenda</strong></span> <span class='ocrx_word' id='word_1_8' title='bbox 541 360 700 392; x_wconf 86' lang='lat' dir='ltr'><strong>audiendo</strong></span> <span class='ocrx_word' id='word_1_9' title='bbox 711 361 855 402; x_wconf 81' lang='lat' dir='ltr'><strong>judicare</strong></span> <span class='ocrx_word' id='word_1_10' title='bbox 869 360 980 392; x_wconf 89' lang='lat' dir='ltr'><strong>sciant.</strong></span> <span class='ocrx_word' id='word_1_11' title='bbox 1026 361 1079 392; x_wconf 77' lang='lat' dir='ltr'><strong>SO.</strong></span> <span class='ocrx_word' id='word_1_12' title='bbox 1105 360 1198 392; x_wconf 80' lang='lat' dir='ltr'><strong>Fient</strong></span> <span class='ocrx_word' id='word_1_13' title='bbox 1212 361 1283 398; x_wconf 82' lang='lat' dir='ltr'><strong>ista,</strong></span> <span class='ocrx_word' id='word_1_14' title='bbox 1301 362 1326 393; x_wconf 87' lang='lat' dir='ltr'><strong>si</strong></span> <span class='ocrx_word' id='word_1_15' title='bbox 1341 362 1429 394; x_wconf 86' lang='lat' dir='ltr'><strong>Deus</strong></span> <span class='ocrx_word' id='word_1_16' title='bbox 1444 363 1588 406; x_wconf 83' lang='lat' dir='ltr'><strong>voluerit,</strong></span> 
     </span>
     <span class='ocr_line' id='line_1_3' title="bbox 115 414 1585 460; baseline 0.002 -13"><span class='ocrx_word' id='word_1_17' title='bbox 115 416 249 457; x_wconf 87' lang='lat' dir='ltr'><strong>Hippia.</strong></span> <span class='ocrx_word' id='word_1_18' title='bbox 273 416 304 447; x_wconf 89' lang='lat' dir='ltr'><strong>in</strong></span> <span class='ocrx_word' id='word_1_19' title='bbox 321 416 485 457; x_wconf 87' lang='lat' dir='ltr'><strong>praesentia</strong></span> <span class='ocrx_word' id='word_1_20' title='bbox 501 420 603 446; x_wconf 84' lang='lat' dir='ltr'><strong>autem</strong></span> <span class='ocrx_word' id='word_1_21' title='bbox 620 415 712 446; x_wconf 87' lang='lat' dir='ltr'><strong>breve</strong></span> <span class='ocrx_word' id='word_1_22' title='bbox 727 414 877 456; x_wconf 81' lang='lat' dir='ltr'>quiddam</span> <span class='ocrx_word' id='word_1_23' title='bbox 895 414 935 445; x_wconf 84' lang='lat' dir='ltr'><strong>dc</strong></span> <span class='ocrx_word' id='word_1_24' title='bbox 951 415 1011 445; x_wconf 83' lang='lat' dir='ltr'><strong>hoc</strong></span> <span class='ocrx_word' id='word_1_25' title='bbox 1027 415 1096 456; x_wconf 89' lang='lat' dir='ltr'><strong>ipso</strong></span> <span class='ocrx_word' id='word_1_26' title='bbox 1123 417 1298 458; x_wconf 81' lang='lat' dir='ltr'>responde:</span> <span class='ocrx_word' id='word_1_27' title='bbox 1322 428 1393 448; x_wconf 89' lang='lat' dir='ltr'><strong>nam</strong></span> <span class='ocrx_word' id='word_1_28' title='bbox 1408 424 1585 460; x_wconf 84' lang='lat' dir='ltr'>opportune</span> 
     </span>
     <span class='ocr_line' id='line_1_4' title="bbox 116 469 1585 513; baseline 0.002 -13"><span class='ocrx_word' id='word_1_29' title='bbox 116 481 165 502; x_wconf 89' lang='lat' dir='ltr'><strong>me</strong></span> <span class='ocrx_word' id='word_1_30' title='bbox 181 470 382 501; x_wconf 72' lang='lat' dir='ltr'><strong>admonuisti.</strong></span> <span class='ocrx_word' id='word_1_31' title='bbox 404 479 505 511; x_wconf 87' lang='lat' dir='ltr'>nuper</span> <span class='ocrx_word' id='word_1_32' title='bbox 520 470 615 506; x_wconf 86' lang='lat' dir='ltr'><strong>enim,</strong></span> <span class='ocrx_word' id='word_1_33' title='bbox 633 480 651 499; x_wconf 92' lang='lat' dir='ltr'><strong>o</strong></span> <span class='ocrx_word' id='word_1_34' title='bbox 668 469 713 499; x_wconf 82' lang='lat' dir='ltr'><strong>vir</strong></span> <span class='ocrx_word' id='word_1_35' title='bbox 727 469 857 510; x_wconf 87' lang='lat' dir='ltr'><strong>optime,</strong></span> <span class='ocrx_word' id='word_1_36' title='bbox 873 479 943 500; x_wconf 92' lang='lat' dir='ltr'><strong>cum</strong></span> <span class='ocrx_word' id='word_1_37' title='bbox 959 469 992 499; x_wconf 84' lang='lat' dir='ltr'><strong>in</strong></span> <span class='ocrx_word' id='word_1_38' title='bbox 1009 480 1150 501; x_wconf 83' lang='lat' dir='ltr'><strong>sermone</strong></span> <span class='ocrx_word' id='word_1_39' title='bbox 1165 472 1302 511; x_wconf 82' lang='lat' dir='ltr'><strong>quodam</strong></span> <span class='ocrx_word' id='word_1_40' title='bbox 1318 472 1378 502; x_wconf 82' lang='lat' dir='ltr'><strong>alia</strong></span> <span class='ocrx_word' id='word_1_41' title='bbox 1399 477 1433 503; x_wconf 90' lang='lat' dir='ltr'><strong>ut</strong></span> <span class='ocrx_word' id='word_1_42' title='bbox 1456 473 1585 513; x_wconf 87' lang='lat' dir='ltr'><strong>pulchra</strong></span> 
     </span>
     <span class='ocr_line' id='line_1_5' title="bbox 115 522 1586 565; baseline 0.002 -10"><span class='ocrx_word' id='word_1_43' title='bbox 115 525 287 560; x_wconf 85' lang='lat' dir='ltr'><strong>laudarem,</strong></span> <span class='ocrx_word' id='word_1_44' title='bbox 303 524 365 554; x_wconf 84' lang='lat' dir='ltr'><strong>alia</strong></span> <span class='ocrx_word' id='word_1_45' title='bbox 377 524 583 565; x_wconf 77' lang='lat' dir='ltr'><strong>vituperarem</strong></span> <span class='ocrx_word' id='word_1_46' title='bbox 607 528 642 553; x_wconf 93' lang='lat' dir='ltr'><strong>ut</strong></span> <span class='ocrx_word' id='word_1_47' title='bbox 665 522 780 563; x_wconf 88' lang='lat' dir='ltr'><strong>turpia,</strong></span> <span class='ocrx_word' id='word_1_48' title='bbox 797 523 877 553; x_wconf 90' lang='lat' dir='ltr'><strong>hanc</strong></span> <span class='ocrx_word' id='word_1_49' title='bbox 893 522 1048 563; x_wconf 81' lang='lat' dir='ltr'><strong>quispiam</strong></span> <span class='ocrx_word' id='word_1_50' title='bbox 1076 523 1107 553; x_wconf 90' lang='lat' dir='ltr'><strong>in</strong></span> <span class='ocrx_word' id='word_1_51' title='bbox 1132 525 1269 555; x_wconf 81' lang='lat' dir='ltr'><strong>medium</strong></span> <span class='ocrx_word' id='word_1_52' title='bbox 1294 526 1522 557; x_wconf 73' lang='lat' dir='ltr'><strong>dubitationem</strong></span> <span class='ocrx_word' id='word_1_53' title='bbox 1539 527 1586 557; x_wconf 88' lang='lat' dir='ltr'><strong>in-</strong></span> 
     </span>
     <span class='ocr_line' id='line_1_6' title="bbox 116 576 1587 623; baseline 0.002 -14"><span class='ocrx_word' id='word_1_54' title='bbox 116 579 220 616; x_wconf 77' lang='lat' dir='ltr'><strong>duxit,</strong></span> <span class='ocrx_word' id='word_1_55' title='bbox 245 589 294 609; x_wconf 90' lang='lat' dir='ltr'><strong>me</strong></span> <span class='ocrx_word' id='word_1_56' title='bbox 311 577 400 608; x_wconf 87' lang='lat' dir='ltr'><strong>valde</strong></span> <span class='ocrx_word' id='word_1_57' title='bbox 424 577 621 608; x_wconf 82' lang='lat' dir='ltr'><strong>contentiose</strong></span> <span class='ocrx_word' id='word_1_58' title='bbox 646 576 692 608; x_wconf 90' lang='lat' dir='ltr'><strong>sic</strong></span> <span class='ocrx_word' id='word_1_59' title='bbox 714 576 931 617; x_wconf 82' lang='lat' dir='ltr'><strong>interrogans:</strong></span> <span class='ocrx_word' id='word_1_60' title='bbox 957 576 1064 616; x_wconf 84' lang='lat' dir='ltr'><strong>Unde,</strong></span> <span class='ocrx_word' id='word_1_61' title='bbox 1079 587 1096 607; x_wconf 93' lang='lat' dir='ltr'><strong>o</strong></span> <span class='ocrx_word' id='word_1_62' title='bbox 1120 578 1275 619; x_wconf 85' lang='lat' dir='ltr'><strong>Socrates,</strong></span> <span class='ocrx_word' id='word_1_63' title='bbox 1291 581 1421 621; x_wconf 81' lang='lat' dir='ltr'><strong>pulchra</strong></span> <span class='ocrx_word' id='word_1_64' title='bbox 1447 581 1587 623; x_wconf 84' lang='lat' dir='ltr'><strong>turpiave</strong></span> 
     </span>
     <span class='ocr_line' id='line_1_7' title="bbox 115 631 1584 676; baseline 0.001 -12"><span class='ocrx_word' id='word_1_65' title='bbox 115 633 302 675; x_wconf 83' lang='lat' dir='ltr'><strong>cognoscis?</strong></span> <span class='ocrx_word' id='word_1_66' title='bbox 326 638 469 674; x_wconf 83' lang='lat' dir='ltr'><strong>potesne,</strong></span> <span class='ocrx_word' id='word_1_67' title='bbox 487 633 562 673; x_wconf 90' lang='lat' dir='ltr'><strong>quid</strong></span> <span class='ocrx_word' id='word_1_68' title='bbox 581 632 742 673; x_wconf 82' lang='lat' dir='ltr'><strong>pulchrum</strong></span> <span class='ocrx_word' id='word_1_69' title='bbox 760 631 812 668; x_wconf 86' lang='lat' dir='ltr'><strong>sit,</strong></span> <span class='ocrx_word' id='word_1_70' title='bbox 827 631 979 662; x_wconf 87' lang='lat' dir='ltr'><strong>definire?</strong></span> <span class='ocrx_word' id='word_1_71' title='bbox 1026 631 1094 672; x_wconf 75' lang='lat' dir='ltr'><strong>Ego</strong></span> <span class='ocrx_word' id='word_1_72' title='bbox 1111 637 1214 663; x_wconf 86' lang='lat' dir='ltr'><strong>autem</strong></span> <span class='ocrx_word' id='word_1_73' title='bbox 1239 635 1279 665; x_wconf 90' lang='lat' dir='ltr'><strong>ob</strong></span> <span class='ocrx_word' id='word_1_74' title='bbox 1302 635 1456 676; x_wconf 80' lang='lat' dir='ltr'><strong>ignaviam</strong></span> <span class='ocrx_word' id='word_1_75' title='bbox 1484 647 1584 668; x_wconf 88' lang='lat' dir='ltr'><strong>meam</strong></span> 
     </span>
     <span class='ocr_line' id='line_1_8' title="bbox 115 686 1585 728; baseline 0.003 -11"><span class='ocrx_word' id='word_1_76' title='bbox 115 686 269 723; x_wconf 72' lang='lat' dir='ltr'><strong>lraesitavi,</strong></span> <span class='ocrx_word' id='word_1_77' title='bbox 286 697 401 728; x_wconf 82' lang='lat' dir='ltr'><strong>neque,</strong></span> <span class='ocrx_word' id='word_1_78' title='bbox 415 687 501 728; x_wconf 91' lang='lat' dir='ltr'><strong>quod</strong></span> <span class='ocrx_word' id='word_1_79' title='bbox 518 686 754 717; x_wconf 88' lang='lat' dir='ltr'><strong>accommodate</strong></span> <span class='ocrx_word' id='word_1_80' title='bbox 770 686 1001 727; x_wconf 83' lang='lat' dir='ltr'><strong>responderem,</strong></span> <span class='ocrx_word' id='word_1_81' title='bbox 1017 686 1123 718; x_wconf 84' lang='lat' dir='ltr'><strong>habui.</strong></span> <span class='ocrx_word' id='word_1_82' title='bbox 1147 691 1240 728; x_wconf 85' lang='lat' dir='ltr'><strong>atque</strong></span> <span class='ocrx_word' id='word_1_83' title='bbox 1264 698 1301 718; x_wconf 83' lang='lat' dir='ltr'><strong>ex</strong></span> <span class='ocrx_word' id='word_1_84' title='bbox 1325 694 1406 720; x_wconf 81' lang='lat' dir='ltr'><strong>coetu</strong></span> <span class='ocrx_word' id='word_1_85' title='bbox 1423 691 1585 721; x_wconf 89' lang='lat' dir='ltr'><strong>hominum</strong></span> 
     </span>
     <span class='ocr_line' id='line_1_9' title="bbox 115 740 1586 783; baseline 0.003 -12"><span class='ocrx_word' id='word_1_86' title='bbox 115 740 238 781; x_wconf 81' lang='lat' dir='ltr'><strong>abiens,</strong></span> <span class='ocrx_word' id='word_1_87' title='bbox 263 751 385 771; x_wconf 89' lang='lat' dir='ltr'><strong>mecum</strong></span> <span class='ocrx_word' id='word_1_88' title='bbox 407 740 474 781; x_wconf 92' lang='lat' dir='ltr'><strong>ipse</strong></span> <span class='ocrx_word' id='word_1_89' title='bbox 497 740 591 770; x_wconf 86' lang='lat' dir='ltr'><strong>iratus</strong></span> <span class='ocrx_word' id='word_1_90' title='bbox 617 751 696 777; x_wconf 85' lang='lat' dir='ltr'><strong>sum,</strong></span> <span class='ocrx_word' id='word_1_91' title='bbox 723 740 954 780; x_wconf 83' lang='lat' dir='ltr'><strong>ruditatemque</strong></span> <span class='ocrx_word' id='word_1_92' title='bbox 980 749 1079 770; x_wconf 87' lang='lat' dir='ltr'><strong>meam</strong></span> <span class='ocrx_word' id='word_1_93' title='bbox 1105 741 1303 772; x_wconf 80' lang='lat' dir='ltr'><strong>veliementer</strong></span> <span class='ocrx_word' id='word_1_94' title='bbox 1328 742 1523 783; x_wconf 82' lang='lat' dir='ltr'><strong>vituperavi:</strong></span> <span class='ocrx_word' id='word_1_95' title='bbox 1549 755 1586 776; x_wconf 89' lang='lat' dir='ltr'><strong>ac</strong></span> 
     </span>
     <span class='ocr_line' id='line_1_10' title="bbox 115 793 1585 837; baseline 0.003 -13"><span class='ocrx_word' id='word_1_96' title='bbox 115 794 251 825; x_wconf 87' lang='lat' dir='ltr'><strong>minatus</strong></span> <span class='ocrx_word' id='word_1_97' title='bbox 266 805 345 830; x_wconf 88' lang='lat' dir='ltr'><strong>sum,</strong></span> <span class='ocrx_word' id='word_1_98' title='bbox 363 805 432 826; x_wconf 89' lang='lat' dir='ltr'><strong>cum</strong></span> <span class='ocrx_word' id='word_1_99' title='bbox 451 795 582 836; x_wconf 89' lang='lat' dir='ltr'><strong>primum</strong></span> <span class='ocrx_word' id='word_1_100' title='bbox 599 793 777 836; x_wconf 87' lang='lat' dir='ltr'><strong>quempiam</strong></span> <span class='ocrx_word' id='word_1_101' title='bbox 795 798 940 830; x_wconf 86' lang='lat' dir='ltr'><strong>vestrum,</strong></span> <span class='ocrx_word' id='word_1_102' title='bbox 957 793 1010 835; x_wconf 90' lang='lat' dir='ltr'><strong>qui</strong></span> <span class='ocrx_word' id='word_1_103' title='bbox 1034 793 1219 835; x_wconf 85' lang='lat' dir='ltr'><strong>sapientiam</strong></span> <span class='ocrx_word' id='word_1_104' title='bbox 1244 796 1443 837; x_wconf 86' lang='lat' dir='ltr'><strong>profitemini,</strong></span> <span class='ocrx_word' id='word_1_105' title='bbox 1459 798 1585 829; x_wconf 85' lang='lat' dir='ltr'><strong>obvium</strong></span> 
     </span>
     <span class='ocr_line' id='line_1_11' title="bbox 114 847 1585 889; baseline 0.003 -11"><span class='ocrx_word' id='word_1_106' title='bbox 114 848 272 886; x_wconf 86' lang='lat' dir='ltr'><strong>haberem,</strong></span> <span class='ocrx_word' id='word_1_107' title='bbox 287 855 472 880; x_wconf 87' lang='lat' dir='ltr'><strong>conaturum</strong></span> <span class='ocrx_word' id='word_1_108' title='bbox 490 860 538 880; x_wconf 89' lang='lat' dir='ltr'><strong>me</strong></span> <span class='ocrx_word' id='word_1_109' title='bbox 553 849 585 879; x_wconf 92' lang='lat' dir='ltr'><strong>id</strong></span> <span class='ocrx_word' id='word_1_110' title='bbox 602 849 710 880; x_wconf 86' lang='lat' dir='ltr'><strong>audire</strong></span> <span class='ocrx_word' id='word_1_111' title='bbox 734 858 770 879; x_wconf 83' lang='lat' dir='ltr'><strong>ac</strong></span> <span class='ocrx_word' id='word_1_112' title='bbox 795 847 925 884; x_wconf 85' lang='lat' dir='ltr'><strong>discere,</strong></span> <span class='ocrx_word' id='word_1_113' title='bbox 941 852 974 878; x_wconf 89' lang='lat' dir='ltr'><strong>et</strong></span> <span class='ocrx_word' id='word_1_114' title='bbox 989 847 1156 888; x_wconf 82' lang='lat' dir='ltr'><strong>diligenter</strong></span> <span class='ocrx_word' id='word_1_115' title='bbox 1179 849 1428 889; x_wconf 76' lang='lat' dir='ltr'><strong>praemeditatum</strong></span> <span class='ocrx_word' id='word_1_116' title='bbox 1446 851 1485 881; x_wconf 87' lang='lat' dir='ltr'><strong>ad</strong></span> <span class='ocrx_word' id='word_1_117' title='bbox 1502 862 1585 888; x_wconf 89' lang='lat' dir='ltr'><strong>eum,</strong></span> 
     </span>
     <span class='ocr_line' id='line_1_12' title="bbox 114 901 1586 945; baseline 0.003 -13"><span class='ocrx_word' id='word_1_118' title='bbox 114 902 171 944; x_wconf 91' lang='lat' dir='ltr'><strong>qui</strong></span> <span class='ocrx_word' id='word_1_119' title='bbox 185 908 358 944; x_wconf 79' lang='lat' dir='ltr'><strong>rogaverat,</strong></span> <span class='ocrx_word' id='word_1_120' title='bbox 382 913 587 944; x_wconf 84' lang='lat' dir='ltr'><strong>reversurum,</strong></span> <span class='ocrx_word' id='word_1_121' title='bbox 610 907 644 932; x_wconf 92' lang='lat' dir='ltr'><strong>ut</strong></span> <span class='ocrx_word' id='word_1_122' title='bbox 669 912 770 932; x_wconf 86' lang='lat' dir='ltr'><strong>rursus</strong></span> <span class='ocrx_word' id='word_1_123' title='bbox 792 902 904 932; x_wconf 86' lang='lat' dir='ltr'><strong>eadem</strong></span> <span class='ocrx_word' id='word_1_124' title='bbox 927 901 967 931; x_wconf 89' lang='lat' dir='ltr'><strong>de</strong></span> <span class='ocrx_word' id='word_1_125' title='bbox 990 912 1022 932; x_wconf 90' lang='lat' dir='ltr'><strong>re</strong></span> <span class='ocrx_word' id='word_1_126' title='bbox 1045 911 1228 942; x_wconf 83' lang='lat' dir='ltr'><strong>pugnarem.</strong></span> <span class='ocrx_word' id='word_1_127' title='bbox 1275 902 1476 945; x_wconf 77' lang='lat' dir='ltr'><strong>Quapropter</strong></span> <span class='ocrx_word' id='word_1_128' title='bbox 1502 915 1586 937; x_wconf 90' lang='lat' dir='ltr'><strong>nunc</strong></span> 
     </span>
     <span class='ocr_line' id='line_1_13' title="bbox 114 956 1584 1000; baseline 0.002 -14"><span class='ocrx_word' id='word_1_129' title='bbox 114 961 160 993; x_wconf 89' lang='lat' dir='ltr'><strong>tu,</strong></span> <span class='ocrx_word' id='word_1_130' title='bbox 179 961 213 987; x_wconf 87' lang='lat' dir='ltr'><strong>ut</strong></span> <span class='ocrx_word' id='word_1_131' title='bbox 229 957 383 994; x_wconf 86' lang='lat' dir='ltr'><strong>dicebam,</strong></span> <span class='ocrx_word' id='word_1_132' title='bbox 408 962 643 997; x_wconf 87' lang='lat' dir='ltr'><strong>peropportune</strong></span> <span class='ocrx_word' id='word_1_133' title='bbox 660 956 785 986; x_wconf 85' lang='lat' dir='ltr'><strong>venisti.</strong></span> <span class='ocrx_word' id='word_1_134' title='bbox 832 956 938 992; x_wconf 84' lang='lat' dir='ltr'><strong>Doce,</strong></span> <span class='ocrx_word' id='word_1_135' title='bbox 962 956 1103 996; x_wconf 90' lang='lat' dir='ltr'><strong>obsecro,</strong></span> <span class='ocrx_word' id='word_1_136' title='bbox 1119 967 1178 993; x_wconf 88' lang='lat' dir='ltr'><strong>rue,</strong></span> <span class='ocrx_word' id='word_1_137' title='bbox 1202 957 1278 998; x_wconf 84' lang='lat' dir='ltr'><strong>quid</strong></span> <span class='ocrx_word' id='word_1_138' title='bbox 1303 958 1402 998; x_wconf 90' lang='lat' dir='ltr'><strong>ipsum</strong></span> <span class='ocrx_word' id='word_1_139' title='bbox 1420 959 1584 1000; x_wconf 82' lang='lat' dir='ltr'><strong>pulchrum</strong></span> 
     </span>
     <span class='ocr_line' id='line_1_14' title="bbox 114 1010 1584 1052; baseline 0.003 -12"><span class='ocrx_word' id='word_1_140' title='bbox 114 1016 183 1040; x_wconf 87' lang='lat' dir='ltr'><strong>est:</strong></span> <span class='ocrx_word' id='word_1_141' title='bbox 209 1022 334 1051; x_wconf 88' lang='lat' dir='ltr'><strong>conare,</strong></span> <span class='ocrx_word' id='word_1_142' title='bbox 349 1011 491 1052; x_wconf 85' lang='lat' dir='ltr'><strong>inquam,</strong></span> <span class='ocrx_word' id='word_1_143' title='bbox 516 1010 757 1051; x_wconf 79' lang='lat' dir='ltr'><strong>diligentissime</strong></span> <span class='ocrx_word' id='word_1_144' title='bbox 781 1020 905 1040; x_wconf 88' lang='lat' dir='ltr'><strong>omnem</strong></span> <span class='ocrx_word' id='word_1_145' title='bbox 929 1010 1149 1051; x_wconf 88' lang='lat' dir='ltr'><strong>respondendo</strong></span> <span class='ocrx_word' id='word_1_146' title='bbox 1176 1021 1240 1041; x_wconf 85' lang='lat' dir='ltr'><strong>rem</strong></span> <span class='ocrx_word' id='word_1_147' title='bbox 1263 1012 1395 1052; x_wconf 85' lang='lat' dir='ltr'><strong>aperire,</strong></span> <span class='ocrx_word' id='word_1_148' title='bbox 1420 1023 1458 1043; x_wconf 90' lang='lat' dir='ltr'><strong>ue</strong></span> <span class='ocrx_word' id='word_1_149' title='bbox 1472 1012 1584 1044; x_wconf 85' lang='lat' dir='ltr'><strong>iterum</strong></span> 
     </span>
     <span class='ocr_line' id='line_1_15' title="bbox 116 1063 1587 1110; baseline 0.003 -15"><span class='ocrx_word' id='word_1_150' title='bbox 116 1065 298 1106; x_wconf 84' lang='lat' dir='ltr'><strong>redargutus</strong></span> <span class='ocrx_word' id='word_1_151' title='bbox 321 1066 459 1096; x_wconf 88' lang='lat' dir='ltr'><strong>irridear.</strong></span> <span class='ocrx_word' id='word_1_152' title='bbox 484 1065 567 1095; x_wconf 84' lang='lat' dir='ltr'><strong>nosti</strong></span> <span class='ocrx_word' id='word_1_153' title='bbox 590 1065 673 1095; x_wconf 87' lang='lat' dir='ltr'><strong>enirn</strong></span> <span class='ocrx_word' id='word_1_154' title='bbox 701 1064 888 1106; x_wconf 87' lang='lat' dir='ltr'><strong>perspicue:</strong></span> <span class='ocrx_word' id='word_1_155' title='bbox 912 1064 1008 1105; x_wconf 89' lang='lat' dir='ltr'><strong>idque</strong></span> <span class='ocrx_word' id='word_1_156' title='bbox 1030 1063 1176 1105; x_wconf 83' lang='lat' dir='ltr'><strong>exiguum</strong></span> <span class='ocrx_word' id='word_1_157' title='bbox 1199 1065 1349 1106; x_wconf 83' lang='lat' dir='ltr'><strong>quiddam</strong></span> <span class='ocrx_word' id='word_1_158' title='bbox 1373 1072 1452 1098; x_wconf 86' lang='lat' dir='ltr'><strong>este</strong></span> <span class='ocrx_word' id='word_1_159' title='bbox 1469 1069 1587 1110; x_wconf 86' lang='lat' dir='ltr'><strong>multis,</strong></span> 
     </span>
     <span class='ocr_line' id='line_1_16' title="bbox 115 1117 1586 1162; baseline 0.002 -14"><span class='ocrx_word' id='word_1_160' title='bbox 115 1129 186 1160; x_wconf 84' lang='lat' dir='ltr'><strong>quae</strong></span> <span class='ocrx_word' id='word_1_161' title='bbox 203 1124 234 1149; x_wconf 90' lang='lat' dir='ltr'><strong>tu</strong></span> <span class='ocrx_word' id='word_1_162' title='bbox 251 1119 357 1150; x_wconf 78' lang='lat' dir='ltr'><strong>calles,</strong></span> <span class='ocrx_word' id='word_1_163' title='bbox 390 1119 474 1150; x_wconf 71' lang='lat' dir='ltr'><strong>Hu&#39;.</strong></span> <span class='ocrx_word' id='word_1_164' title='bbox 492 1117 660 1159; x_wconf 79' lang='lat' dir='ltr'><strong>Exiguum,</strong></span> <span class='ocrx_word' id='word_1_165' title='bbox 676 1128 730 1158; x_wconf 89' lang='lat' dir='ltr'><strong>per</strong></span> <span class='ocrx_word' id='word_1_166' title='bbox 745 1117 869 1153; x_wconf 87' lang='lat' dir='ltr'><strong>Jovern,</strong></span> <span class='ocrx_word' id='word_1_167' title='bbox 886 1117 1040 1152; x_wconf 80' lang='lat' dir='ltr'><strong>Socrates,</strong></span> <span class='ocrx_word' id='word_1_168' title='bbox 1056 1123 1088 1148; x_wconf 86' lang='lat' dir='ltr'><strong>et</strong></span> <span class='ocrx_word' id='word_1_169' title='bbox 1103 1117 1231 1158; x_wconf 88' lang='lat' dir='ltr'><strong>nullius,</strong></span> <span class='ocrx_word' id='word_1_170' title='bbox 1245 1123 1280 1148; x_wconf 92' lang='lat' dir='ltr'><strong>ut</strong></span> <span class='ocrx_word' id='word_1_171' title='bbox 1297 1119 1339 1149; x_wconf 89' lang='lat' dir='ltr'><strong>ita</strong></span> <span class='ocrx_word' id='word_1_172' title='bbox 1355 1120 1469 1157; x_wconf 84' lang='lat' dir='ltr'><strong>dicam,</strong></span> <span class='ocrx_word' id='word_1_173' title='bbox 1484 1122 1586 1162; x_wconf 86' lang='lat' dir='ltr'><strong>pretii.</strong></span> 
     </span>
     <span class='ocr_line' id='line_1_17' title="bbox 115 1171 1587 1214; baseline 0.003 -11"><span class='ocrx_word' id='word_1_174' title='bbox 115 1173 171 1203; x_wconf 85' lang='lat' dir='ltr'><strong>So.</strong></span> <span class='ocrx_word' id='word_1_175' title='bbox 197 1172 302 1204; x_wconf 80' lang='lat' dir='ltr'><strong>Facile</strong></span> <span class='ocrx_word' id='word_1_176' title='bbox 329 1173 436 1214; x_wconf 85' lang='lat' dir='ltr'><strong>itaque</strong></span> <span class='ocrx_word' id='word_1_177' title='bbox 453 1173 592 1203; x_wconf 86' lang='lat' dir='ltr'><strong>discam:</strong></span> <span class='ocrx_word' id='word_1_178' title='bbox 618 1181 720 1212; x_wconf 83' lang='lat' dir='ltr'><strong>neque</strong></span> <span class='ocrx_word' id='word_1_179' title='bbox 747 1171 828 1201; x_wconf 86' lang='lat' dir='ltr'><strong>ullus</strong></span> <span class='ocrx_word' id='word_1_180' title='bbox 853 1171 980 1201; x_wconf 86' lang='lat' dir='ltr'><strong>ulterius</strong></span> <span class='ocrx_word' id='word_1_181' title='bbox 1005 1181 1053 1201; x_wconf 92' lang='lat' dir='ltr'><strong>me</strong></span> <span class='ocrx_word' id='word_1_182' title='bbox 1069 1171 1201 1203; x_wconf 74' lang='lat' dir='ltr'><strong>refellet.</strong></span> <span class='ocrx_word' id='word_1_183' title='bbox 1247 1171 1329 1204; x_wconf 72' lang='lat' dir='ltr'><strong>Hir».</strong></span> <span class='ocrx_word' id='word_1_184' title='bbox 1354 1173 1468 1204; x_wconf 85' lang='lat' dir='ltr'><strong>Nullus</strong></span> <span class='ocrx_word' id='word_1_185' title='bbox 1492 1181 1587 1208; x_wconf 88' lang='lat' dir='ltr'><strong>certe.</strong></span> 
     </span>
     <span class='ocr_line' id='line_1_18' title="bbox 114 1224 1584 1270; baseline 0.003 -14"><span class='ocrx_word' id='word_1_186' title='bbox 114 1226 175 1257; x_wconf 88' lang='lat' dir='ltr'><strong>vile</strong></span> <span class='ocrx_word' id='word_1_187' title='bbox 190 1237 324 1269; x_wconf 87' lang='lat' dir='ltr'><strong>namque</strong></span> <span class='ocrx_word' id='word_1_188' title='bbox 340 1234 371 1258; x_wconf 86' lang='lat' dir='ltr'><strong>et</strong></span> <span class='ocrx_word' id='word_1_189' title='bbox 387 1227 461 1257; x_wconf 86' lang='lat' dir='ltr'><strong>rude</strong></span> <span class='ocrx_word' id='word_1_190' title='bbox 478 1225 615 1257; x_wconf 86' lang='lat' dir='ltr'><strong>studium</strong></span> <span class='ocrx_word' id='word_1_191' title='bbox 635 1224 732 1265; x_wconf 79' lang='lat'>[287]</span> <span class='ocrx_word' id='word_1_192' title='bbox 750 1235 853 1255; x_wconf 87' lang='lat' dir='ltr'><strong>meum</strong></span> <span class='ocrx_word' id='word_1_193' title='bbox 871 1230 962 1255; x_wconf 84' lang='lat' dir='ltr'><strong>esset.</strong></span> <span class='ocrx_word' id='word_1_194' title='bbox 998 1225 1054 1256; x_wconf 87' lang='lat' dir='ltr'><strong>So.</strong></span> <span class='ocrx_word' id='word_1_195' title='bbox 1077 1225 1140 1256; x_wconf 85' lang='lat' dir='ltr'><strong>Per</strong></span> <span class='ocrx_word' id='word_1_196' title='bbox 1154 1226 1325 1263; x_wconf 87' lang='lat' dir='ltr'><strong>Junonem,</strong></span> <span class='ocrx_word' id='word_1_197' title='bbox 1342 1227 1421 1258; x_wconf 87' lang='lat' dir='ltr'><strong>bene</strong></span> <span class='ocrx_word' id='word_1_198' title='bbox 1438 1228 1584 1270; x_wconf 84' lang='lat' dir='ltr'><strong>loqueris,</strong></span> 
     </span>
     <span class='ocr_line' id='line_1_19' title="bbox 115 1279 1582 1322; baseline 0.003 -12"><span class='ocrx_word' id='word_1_199' title='bbox 115 1280 250 1322; x_wconf 88' lang='lat' dir='ltr'><strong>Hippia,</strong></span> <span class='ocrx_word' id='word_1_200' title='bbox 265 1281 291 1311; x_wconf 89' lang='lat' dir='ltr'><strong>si</strong></span> <span class='ocrx_word' id='word_1_201' title='bbox 307 1281 406 1311; x_wconf 88' lang='lat' dir='ltr'><strong>virum</strong></span> <span class='ocrx_word' id='word_1_202' title='bbox 433 1280 519 1310; x_wconf 84' lang='lat' dir='ltr'><strong>illum</strong></span> <span class='ocrx_word' id='word_1_203' title='bbox 544 1279 716 1320; x_wconf 88' lang='lat' dir='ltr'><strong>capiamus.</strong></span> <span class='ocrx_word' id='word_1_204' title='bbox 741 1289 847 1309; x_wconf 88' lang='lat' dir='ltr'><strong>verum</strong></span> <span class='ocrx_word' id='word_1_205' title='bbox 865 1289 903 1309; x_wconf 87' lang='lat' dir='ltr'><strong>ne</strong></span> <span class='ocrx_word' id='word_1_206' title='bbox 920 1279 976 1309; x_wconf 87' lang='lat' dir='ltr'><strong>tibi</strong></span> <span class='ocrx_word' id='word_1_207' title='bbox 999 1279 1227 1320; x_wconf 87' lang='lat' dir='ltr'><strong>impedimento</strong></span> <span class='ocrx_word' id='word_1_208' title='bbox 1243 1281 1313 1317; x_wconf 89' lang='lat' dir='ltr'><strong>sim,</strong></span> <span class='ocrx_word' id='word_1_209' title='bbox 1330 1281 1466 1313; x_wconf 86' lang='lat' dir='ltr'><strong>imitatus</strong></span> <span class='ocrx_word' id='word_1_210' title='bbox 1483 1284 1582 1320; x_wconf 81' lang='lat' dir='ltr'><strong>illum,</strong></span> 
     </span>
     <span class='ocr_line' id='line_1_20' title="bbox 113 1332 1583 1375; baseline 0.003 -11"><span class='ocrx_word' id='word_1_211' title='bbox 113 1339 144 1365; x_wconf 89' lang='lat' dir='ltr'><strong>te</strong></span> <span class='ocrx_word' id='word_1_212' title='bbox 161 1335 369 1375; x_wconf 85' lang='lat' dir='ltr'><strong>respondente</strong></span> <span class='ocrx_word' id='word_1_213' title='bbox 385 1334 519 1365; x_wconf 83' lang='lat' dir='ltr'><strong>rationes</strong></span> <span class='ocrx_word' id='word_1_214' title='bbox 535 1344 699 1369; x_wconf 83' lang='lat' dir='ltr'><strong>resumam,</strong></span> <span class='ocrx_word' id='word_1_215' title='bbox 719 1337 753 1363; x_wconf 88' lang='lat' dir='ltr'><strong>ut</strong></span> <span class='ocrx_word' id='word_1_216' title='bbox 768 1343 817 1363; x_wconf 89' lang='lat' dir='ltr'><strong>me</strong></span> <span class='ocrx_word' id='word_1_217' title='bbox 834 1332 932 1374; x_wconf 84' lang='lat' dir='ltr'><strong>magis</strong></span> <span class='ocrx_word' id='word_1_218' title='bbox 955 1343 1109 1364; x_wconf 85' lang='lat' dir='ltr'><strong>exerceas.</strong></span> <span class='ocrx_word' id='word_1_219' title='bbox 1132 1334 1227 1365; x_wconf 85' lang='lat' dir='ltr'><strong>ferme</strong></span> <span class='ocrx_word' id='word_1_220' title='bbox 1243 1335 1324 1366; x_wconf 90' lang='lat' dir='ltr'><strong>euim</strong></span> <span class='ocrx_word' id='word_1_221' title='bbox 1341 1335 1375 1365; x_wconf 91' lang='lat' dir='ltr'><strong>in</strong></span> <span class='ocrx_word' id='word_1_222' title='bbox 1391 1339 1583 1369; x_wconf 84' lang='lat' dir='ltr'><strong>resumendis</strong></span> 
     </span>
     <span class='ocr_line' id='line_1_21' title="bbox 113 1387 1584 1431; baseline 0.003 -13"><span class='ocrx_word' id='word_1_223' title='bbox 113 1387 305 1419; x_wconf 81' lang='lat' dir='ltr'><strong>sermonibus</strong></span> <span class='ocrx_word' id='word_1_224' title='bbox 321 1399 448 1430; x_wconf 89' lang='lat' dir='ltr'><strong>quoquo</strong></span> <span class='ocrx_word' id='word_1_225' title='bbox 465 1388 582 1429; x_wconf 87' lang='lat' dir='ltr'><strong>peritus</strong></span> <span class='ocrx_word' id='word_1_226' title='bbox 598 1399 676 1419; x_wconf 77' lang='lat' dir='ltr'><strong>suni.</strong></span> <span class='ocrx_word' id='word_1_227' title='bbox 722 1387 755 1418; x_wconf 84' lang='lat' dir='ltr'><strong>Si</strong></span> <span class='ocrx_word' id='word_1_228' title='bbox 771 1398 844 1428; x_wconf 82' lang='lat' dir='ltr'><strong>ergo</strong></span> <span class='ocrx_word' id='word_1_229' title='bbox 868 1387 944 1417; x_wconf 86' lang='lat' dir='ltr'><strong>nihil</strong></span> <span class='ocrx_word' id='word_1_230' title='bbox 961 1392 1015 1417; x_wconf 89' lang='lat' dir='ltr'><strong>tua</strong></span> <span class='ocrx_word' id='word_1_231' title='bbox 1029 1387 1169 1425; x_wconf 81' lang='lat' dir='ltr'><strong>interest,</strong></span> <span class='ocrx_word' id='word_1_232' title='bbox 1193 1394 1332 1430; x_wconf 88' lang='lat' dir='ltr'><strong>repetere</strong></span> <span class='ocrx_word' id='word_1_233' title='bbox 1348 1390 1457 1431; x_wconf 88' lang='lat' dir='ltr'><strong>cupio,</strong></span> <span class='ocrx_word' id='word_1_234' title='bbox 1474 1398 1509 1422; x_wconf 90' lang='lat' dir='ltr'><strong>ut</strong></span> <span class='ocrx_word' id='word_1_235' title='bbox 1531 1403 1584 1423; x_wconf 88' lang='lat' dir='ltr'><strong>ve·</strong></span> 
     </span>
     <span class='ocr_line' id='line_1_22' title="bbox 115 1441 1584 1487; baseline 0.004 -16"><span class='ocrx_word' id='word_1_236' title='bbox 115 1441 291 1472; x_wconf 84' lang='lat' dir='ltr'><strong>hementius</strong></span> <span class='ocrx_word' id='word_1_237' title='bbox 307 1442 487 1484; x_wconf 81' lang='lat' dir='ltr'><strong>firmiusque</strong></span> <span class='ocrx_word' id='word_1_238' title='bbox 504 1442 688 1483; x_wconf 75' lang='lat' dir='ltr'><strong>perdiscam.</strong></span> <span class='ocrx_word' id='word_1_239' title='bbox 735 1442 817 1473; x_wconf 76' lang='lat' dir='ltr'><strong>HrP.</strong></span> <span class='ocrx_word' id='word_1_240' title='bbox 842 1441 980 1483; x_wconf 87' lang='lat' dir='ltr'><strong>Repete,</strong></span> <span class='ocrx_word' id='word_1_241' title='bbox 998 1446 1032 1472; x_wconf 92' lang='lat' dir='ltr'><strong>ut</strong></span> <span class='ocrx_word' id='word_1_242' title='bbox 1048 1442 1145 1473; x_wconf 85' lang='lat' dir='ltr'><strong>lubet.</strong></span> <span class='ocrx_word' id='word_1_243' title='bbox 1167 1453 1251 1479; x_wconf 87' lang='lat' dir='ltr'><strong>nam,</strong></span> <span class='ocrx_word' id='word_1_244' title='bbox 1270 1449 1303 1474; x_wconf 90' lang='lat' dir='ltr'><strong>ut</strong></span> <span class='ocrx_word' id='word_1_245' title='bbox 1317 1444 1411 1474; x_wconf 88' lang='lat' dir='ltr'><strong>modo</strong></span> <span class='ocrx_word' id='word_1_246' title='bbox 1428 1445 1584 1487; x_wconf 82' lang='lat' dir='ltr'><strong>dicebam,</strong></span> 
     </span>
     <span class='ocr_line' id='line_1_23' title="bbox 115 1496 1584 1538; baseline 0.003 -13"><span class='ocrx_word' id='word_1_247' title='bbox 115 1505 180 1526; x_wconf 87' lang='lat' dir='ltr'><strong>non</strong></span> <span class='ocrx_word' id='word_1_248' title='bbox 197 1496 293 1527; x_wconf 88' lang='lat' dir='ltr'><strong>ardua</strong></span> <span class='ocrx_word' id='word_1_249' title='bbox 308 1497 440 1538; x_wconf 81' lang='lat' dir='ltr'><strong>quaestio</strong></span> <span class='ocrx_word' id='word_1_250' title='bbox 456 1502 503 1527; x_wconf 84' lang='lat' dir='ltr'><strong>est</strong></span> <span class='ocrx_word' id='word_1_251' title='bbox 519 1509 526 1527; x_wconf 78' lang='lat' dir='ltr'>z</span> <span class='ocrx_word' id='word_1_252' title='bbox 552 1497 606 1527; x_wconf 89' lang='lat' dir='ltr'><strong>sed</strong></span> <span class='ocrx_word' id='word_1_253' title='bbox 630 1497 669 1527; x_wconf 88' lang='lat' dir='ltr'><strong>ad</strong></span> <span class='ocrx_word' id='word_1_254' title='bbox 687 1496 861 1527; x_wconf 84' lang='lat' dir='ltr'><strong>difficiliora</strong></span> <span class='ocrx_word' id='word_1_255' title='bbox 885 1501 916 1526; x_wconf 87' lang='lat' dir='ltr'><strong>te</strong></span> <span class='ocrx_word' id='word_1_256' title='bbox 939 1496 1127 1537; x_wconf 88' lang='lat' dir='ltr'><strong>respondere</strong></span> <span class='ocrx_word' id='word_1_257' title='bbox 1150 1497 1306 1534; x_wconf 85' lang='lat' dir='ltr'><strong>docerem,</strong></span> <span class='ocrx_word' id='word_1_258' title='bbox 1330 1503 1366 1528; x_wconf 89' lang='lat' dir='ltr'><strong>ut</strong></span> <span class='ocrx_word' id='word_1_259' title='bbox 1381 1509 1472 1529; x_wconf 87' lang='lat' dir='ltr'><strong>nemo</strong></span> <span class='ocrx_word' id='word_1_260' title='bbox 1490 1505 1520 1530; x_wconf 87' lang='lat' dir='ltr'><strong>te</strong></span> <span class='ocrx_word' id='word_1_261' title='bbox 1536 1511 1584 1531; x_wconf 90' lang='lat' dir='ltr'><strong>re-</strong></span> 
     </span>
     <span class='ocr_line' id='line_1_24' title="bbox 114 1549 1582 1595; baseline 0.003 -15"><span class='ocrx_word' id='word_1_262' title='bbox 114 1549 220 1581; x_wconf 81' lang='lat' dir='ltr'><strong>fellere</strong></span> <span class='ocrx_word' id='word_1_263' title='bbox 238 1551 347 1592; x_wconf 88' lang='lat' dir='ltr'><strong>possit.</strong></span> <span class='ocrx_word' id='word_1_264' title='bbox 393 1551 447 1582; x_wconf 87' lang='lat' dir='ltr'><strong>So.</strong></span> <span class='ocrx_word' id='word_1_265' title='bbox 472 1551 501 1581; x_wconf 90' lang='lat' dir='ltr'>O</span> <span class='ocrx_word' id='word_1_266' title='bbox 519 1561 612 1592; x_wconf 88' lang='lat' dir='ltr'><strong>quam</strong></span> <span class='ocrx_word' id='word_1_267' title='bbox 629 1551 710 1581; x_wconf 91' lang='lat' dir='ltr'><strong>bene</strong></span> <span class='ocrx_word' id='word_1_268' title='bbox 738 1550 891 1591; x_wconf 85' lang='lat' dir='ltr'><strong>loqueris!</strong></span> <span class='ocrx_word' id='word_1_269' title='bbox 918 1560 954 1581; x_wconf 79' lang='lat' dir='ltr'><strong>ac</strong></span> <span class='ocrx_word' id='word_1_270' title='bbox 979 1555 1144 1592; x_wconf 89' lang='lat' dir='ltr'><strong>postquam</strong></span> <span class='ocrx_word' id='word_1_271' title='bbox 1172 1550 1324 1592; x_wconf 83' lang='lat' dir='ltr'><strong>tujubes,</strong></span> <span class='ocrx_word' id='word_1_272' title='bbox 1339 1552 1408 1593; x_wconf 85' lang='lat' dir='ltr'><strong>ejus</strong></span> <span class='ocrx_word' id='word_1_273' title='bbox 1423 1553 1490 1594; x_wconf 89' lang='lat' dir='ltr'><strong>ipse</strong></span> <span class='ocrx_word' id='word_1_274' title='bbox 1514 1564 1582 1595; x_wconf 88' lang='lat' dir='ltr'><strong>per-</strong></span> 
     </span>
     <span class='ocr_line' id='line_1_25' title="bbox 114 1603 1584 1648; baseline 0.004 -15"><span class='ocrx_word' id='word_1_275' title='bbox 114 1613 221 1634; x_wconf 86' lang='lat' dir='ltr'><strong>sonam</strong></span> <span class='ocrx_word' id='word_1_276' title='bbox 236 1604 377 1640; x_wconf 88' lang='lat' dir='ltr'><strong>indutus,</strong></span> <span class='ocrx_word' id='word_1_277' title='bbox 393 1609 424 1635; x_wconf 87' lang='lat' dir='ltr'><strong>te</strong></span> <span class='ocrx_word' id='word_1_278' title='bbox 440 1605 628 1645; x_wconf 83' lang='lat' dir='ltr'><strong>interrogare</strong></span> <span class='ocrx_word' id='word_1_279' title='bbox 652 1604 826 1645; x_wconf 80' lang='lat' dir='ltr'><strong>aggredior.</strong></span> <span class='ocrx_word' id='word_1_280' title='bbox 870 1604 905 1634; x_wconf 88' lang='lat' dir='ltr'><strong>Si</strong></span> <span class='ocrx_word' id='word_1_281' title='bbox 931 1603 978 1634; x_wconf 89' lang='lat' dir='ltr'><strong>illi</strong></span> <span class='ocrx_word' id='word_1_282' title='bbox 1001 1615 1175 1635; x_wconf 90' lang='lat' dir='ltr'><strong>sermonem</strong></span> <span class='ocrx_word' id='word_1_283' title='bbox 1202 1611 1288 1636; x_wconf 86' lang='lat' dir='ltr'><strong>tuum</strong></span> <span class='ocrx_word' id='word_1_284' title='bbox 1314 1607 1353 1637; x_wconf 88' lang='lat' dir='ltr'><strong>de</strong></span> <span class='ocrx_word' id='word_1_285' title='bbox 1370 1607 1507 1648; x_wconf 85' lang='lat' dir='ltr'><strong>pulchris</strong></span> <span class='ocrx_word' id='word_1_286' title='bbox 1522 1609 1584 1639; x_wconf 87' lang='lat' dir='ltr'><strong>dis—</strong></span> 
     </span>
     <span class='ocr_line' id='line_1_26' title="bbox 116 1657 1584 1699; baseline 0.004 -12"><span class='ocrx_word' id='word_1_287' title='bbox 116 1663 277 1698; x_wconf 79' lang='lat' dir='ltr'><strong>putantem</strong></span> <span class='ocrx_word' id='word_1_288' title='bbox 302 1658 412 1689; x_wconf 87' lang='lat' dir='ltr'><strong>officiis</strong></span> <span class='ocrx_word' id='word_1_289' title='bbox 438 1659 637 1695; x_wconf 78' lang='lat' dir='ltr'><strong>ostendisses,</strong></span> <span class='ocrx_word' id='word_1_290' title='bbox 663 1669 733 1689; x_wconf 86' lang='lat' dir='ltr'><strong>cum</strong></span> <span class='ocrx_word' id='word_1_291' title='bbox 758 1658 888 1699; x_wconf 89' lang='lat' dir='ltr'><strong>primum</strong></span> <span class='ocrx_word' id='word_1_292' title='bbox 913 1657 1005 1688; x_wconf 86' lang='lat' dir='ltr'><strong>finem</strong></span> <span class='ocrx_word' id='word_1_293' title='bbox 1030 1659 1158 1689; x_wconf 84' lang='lat' dir='ltr'><strong>dicendi</strong></span> <span class='ocrx_word' id='word_1_294' title='bbox 1180 1658 1319 1695; x_wconf 86' lang='lat' dir='ltr'><strong>fecisses,</strong></span> <span class='ocrx_word' id='word_1_295' title='bbox 1343 1660 1383 1691; x_wconf 89' lang='lat' dir='ltr'><strong>de</strong></span> <span class='ocrx_word' id='word_1_296' title='bbox 1409 1662 1496 1692; x_wconf 88' lang='lat' dir='ltr'><strong>nullo</strong></span> <span class='ocrx_word' id='word_1_297' title='bbox 1523 1663 1584 1693; x_wconf 74' lang='lat' dir='ltr'><strong>alio</strong></span> 
     </span>
     <span class='ocr_line' id='line_1_27' title="bbox 115 1711 1585 1754; baseline 0.005 -14"><span class='ocrx_word' id='word_1_298' title='bbox 115 1711 212 1753; x_wconf 85' lang='lat' dir='ltr'><strong>prius,</strong></span> <span class='ocrx_word' id='word_1_299' title='bbox 227 1722 320 1753; x_wconf 84' lang='lat' dir='ltr'><strong>quam</strong></span> <span class='ocrx_word' id='word_1_300' title='bbox 337 1713 377 1743; x_wconf 90' lang='lat' dir='ltr'><strong>de</strong></span> <span class='ocrx_word' id='word_1_301' title='bbox 393 1712 538 1754; x_wconf 85' lang='lat' dir='ltr'><strong>pulchro,</strong></span> <span class='ocrx_word' id='word_1_302' title='bbox 554 1712 725 1754; x_wconf 81' lang='lat' dir='ltr'><strong>quaesisset.</strong></span> <span class='ocrx_word' id='word_1_303' title='bbox 749 1723 815 1744; x_wconf 87' lang='lat' dir='ltr'><strong>mos</strong></span> <span class='ocrx_word' id='word_1_304' title='bbox 829 1712 912 1744; x_wconf 86' lang='lat' dir='ltr'><strong>enirn</strong></span> <span class='ocrx_word' id='word_1_305' title='bbox 928 1714 985 1744; x_wconf 88' lang='lat' dir='ltr'><strong>iste</strong></span> <span class='ocrx_word' id='word_1_306' title='bbox 1002 1723 1075 1743; x_wconf 87' lang='lat' dir='ltr'><strong>suus</strong></span> <span class='ocrx_word' id='word_1_307' title='bbox 1091 1725 1098 1744; x_wconf 86' lang='lat'>:</span> <span class='ocrx_word' id='word_1_308' title='bbox 1116 1719 1149 1744; x_wconf 90' lang='lat' dir='ltr'><strong>et</strong></span> <span class='ocrx_word' id='word_1_309' title='bbox 1165 1714 1196 1744; x_wconf 89' lang='lat' dir='ltr'><strong>in</strong></span> <span class='ocrx_word' id='word_1_310' title='bbox 1214 1715 1298 1745; x_wconf 89' lang='lat' dir='ltr'><strong>hunc</strong></span> <span class='ocrx_word' id='word_1_311' title='bbox 1315 1716 1442 1746; x_wconf 89' lang='lat' dir='ltr'><strong>modum</strong></span> <span class='ocrx_word' id='word_1_312' title='bbox 1455 1716 1585 1747; x_wconf 85' lang='lat' dir='ltr'><strong>interro-</strong></span> 
     </span>
     <span class='ocr_line' id='line_1_28' title="bbox 115 1766 1584 1812; baseline 0.005 -17"><span class='ocrx_word' id='word_1_313' title='bbox 115 1771 239 1806; x_wconf 84' lang='lat' dir='ltr'><strong>gasset:</strong></span> <span class='ocrx_word' id='word_1_314' title='bbox 265 1766 293 1796; x_wconf 95' lang='lat' dir='ltr'>O</span> <span class='ocrx_word' id='word_1_315' title='bbox 312 1766 447 1797; x_wconf 83' lang='lat' dir='ltr'><strong>Eliensis</strong></span> <span class='ocrx_word' id='word_1_316' title='bbox 463 1767 588 1808; x_wconf 87' lang='lat' dir='ltr'><strong>hospes,</strong></span> <span class='ocrx_word' id='word_1_317' title='bbox 601 1777 708 1797; x_wconf 89' lang='lat' dir='ltr'><strong>nonne</strong></span> <span class='ocrx_word' id='word_1_318' title='bbox 718 1766 935 1808; x_wconf 84' lang='lat' dir='ltr'><strong>justitiajusti</strong></span> <span class='ocrx_word' id='word_1_319' title='bbox 950 1772 1033 1805; x_wconf 89' lang='lat' dir='ltr'><strong>sunt,</strong></span> <span class='ocrx_word' id='word_1_320' title='bbox 1058 1768 1238 1810; x_wconf 88' lang='lat' dir='ltr'><strong>quicunque</strong></span> <span class='ocrx_word' id='word_1_321' title='bbox 1248 1767 1351 1808; x_wconf 88' lang='lat' dir='ltr'><strong>justi?</strong></span> <span class='ocrx_word' id='word_1_322' title='bbox 1399 1770 1584 1812; x_wconf 85' lang='lat' dir='ltr'><strong>Responde,</strong></span> 
     </span>
     <span class='ocr_line' id='line_1_29' title="bbox 113 1820 1583 1863; baseline 0.004 -14"><span class='ocrx_word' id='word_1_323' title='bbox 113 1829 232 1860; x_wconf 87' lang='lat' dir='ltr'><strong>quaeso,</strong></span> <span class='ocrx_word' id='word_1_324' title='bbox 248 1820 381 1862; x_wconf 87' lang='lat' dir='ltr'><strong>Hippia,</strong></span> <span class='ocrx_word' id='word_1_325' title='bbox 408 1826 555 1863; x_wconf 89' lang='lat' dir='ltr'><strong>tanquam</strong></span> <span class='ocrx_word' id='word_1_326' title='bbox 574 1826 778 1863; x_wconf 89' lang='lat' dir='ltr'><strong>percontante</strong></span> <span class='ocrx_word' id='word_1_327' title='bbox 802 1821 867 1852; x_wconf 85' lang='lat' dir='ltr'><strong>illo.</strong></span> <span class='ocrx_word' id='word_1_328' title='bbox 914 1821 996 1852; x_wconf 70' lang='lat' dir='ltr'><strong>Hm.</strong></span> <span class='ocrx_word' id='word_1_329' title='bbox 1017 1821 1147 1853; x_wconf 84' lang='lat' dir='ltr'><strong>Justitia</strong></span> <span class='ocrx_word' id='word_1_330' title='bbox 1170 1823 1322 1863; x_wconf 84' lang='lat' dir='ltr'><strong>profecto.</strong></span> <span class='ocrx_word' id='word_1_331' title='bbox 1366 1823 1422 1856; x_wconf 90' lang='lat' dir='ltr'><strong>So.</strong></span> <span class='ocrx_word' id='word_1_332' title='bbox 1447 1824 1583 1856; x_wconf 86' lang='lat' dir='ltr'><strong>Annon</strong></span> 
     </span>
     <span class='ocr_line' id='line_1_30' title="bbox 114 1873 1584 1920; baseline 0.003 -16"><span class='ocrx_word' id='word_1_333' title='bbox 114 1873 232 1915; x_wconf 76' lang='lat' dir='ltr'><strong>aliquid</strong></span> <span class='ocrx_word' id='word_1_334' title='bbox 250 1875 316 1906; x_wconf 86' lang='lat' dir='ltr'><strong>haec</strong></span> <span class='ocrx_word' id='word_1_335' title='bbox 342 1875 410 1917; x_wconf 84' lang='lat' dir='ltr'><strong>ipsa</strong></span> <span class='ocrx_word' id='word_1_336' title='bbox 430 1875 556 1917; x_wconf 84' lang='lat' dir='ltr'><strong>justitia</strong></span> <span class='ocrx_word' id='word_1_337' title='bbox 582 1877 652 1907; x_wconf 88' lang='lat' dir='ltr'><strong>est?</strong></span> <span class='ocrx_word' id='word_1_338' title='bbox 698 1876 779 1907; x_wconf 77' lang='lat' dir='ltr'><strong>Hm.</strong></span> <span class='ocrx_word' id='word_1_339' title='bbox 804 1876 944 1907; x_wconf 76' lang='lat' dir='ltr'><strong>Prorsus.</strong></span> <span class='ocrx_word' id='word_1_340' title='bbox 988 1876 1044 1907; x_wconf 77' lang='lat' dir='ltr'><strong>So,</strong></span> <span class='ocrx_word' id='word_1_341' title='bbox 1068 1875 1109 1906; x_wconf 91' lang='lat' dir='ltr'><strong>Et</strong></span> <span class='ocrx_word' id='word_1_342' title='bbox 1135 1876 1291 1917; x_wconf 87' lang='lat' dir='ltr'><strong>sapientia</strong></span> <span class='ocrx_word' id='word_1_343' title='bbox 1317 1878 1474 1918; x_wconf 84' lang='lat' dir='ltr'><strong>sapientes</strong></span> <span class='ocrx_word' id='word_1_344' title='bbox 1496 1886 1584 1920; x_wconf 87' lang='lat' dir='ltr'><strong>sunt,</strong></span> 
     </span>
     <span class='ocr_line' id='line_1_31' title="bbox 112 1928 1582 1971; baseline 0.003 -13"><span class='ocrx_word' id='word_1_345' title='bbox 112 1928 296 1970; x_wconf 88' lang='lat' dir='ltr'><strong>quicunque</strong></span> <span class='ocrx_word' id='word_1_346' title='bbox 321 1930 472 1970; x_wconf 86' lang='lat' dir='ltr'><strong>sapiunt?</strong></span> <span class='ocrx_word' id='word_1_347' title='bbox 499 1936 531 1960; x_wconf 87' lang='lat' dir='ltr'><strong>et</strong></span> <span class='ocrx_word' id='word_1_348' title='bbox 555 1931 636 1960; x_wconf 82' lang='lat' dir='ltr'><strong>bono</strong></span> <span class='ocrx_word' id='word_1_349' title='bbox 661 1931 801 1961; x_wconf 85' lang='lat' dir='ltr'><strong>similiter</strong></span> <span class='ocrx_word' id='word_1_350' title='bbox 823 1931 905 1960; x_wconf 87' lang='lat' dir='ltr'><strong>bona</strong></span> <span class='ocrx_word' id='word_1_351' title='bbox 928 1931 1044 1966; x_wconf 87' lang='lat' dir='ltr'><strong>omnia,</strong></span> <span class='ocrx_word' id='word_1_352' title='bbox 1059 1940 1129 1971; x_wconf 85' lang='lat' dir='ltr'><strong>quae</strong></span> <span class='ocrx_word' id='word_1_353' title='bbox 1146 1931 1228 1961; x_wconf 89' lang='lat' dir='ltr'><strong>bona</strong></span> <span class='ocrx_word' id='word_1_354' title='bbox 1243 1932 1342 1961; x_wconf 87' lang='lat' dir='ltr'><strong>sunt?</strong></span> <span class='ocrx_word' id='word_1_355' title='bbox 1388 1931 1469 1963; x_wconf 80' lang='lat' dir='ltr'><strong>Hu‘.</strong></span> <span class='ocrx_word' id='word_1_356' title='bbox 1495 1932 1582 1970; x_wconf 90' lang='lat' dir='ltr'><strong>Quid</strong></span> 
     </span>
     <span class='ocr_line' id='line_1_32' title="bbox 115 1983 1583 2029; baseline 0.004 -17"><span class='ocrx_word' id='word_1_357' title='bbox 115 1983 283 2023; x_wconf 87' lang='lat' dir='ltr'><strong>prohibet?</strong></span> <span class='ocrx_word' id='word_1_358' title='bbox 328 1983 385 2015; x_wconf 88' lang='lat' dir='ltr'><strong>So.</strong></span> <span class='ocrx_word' id='word_1_359' title='bbox 409 1984 604 2025; x_wconf 87' lang='lat' dir='ltr'><strong>Sapientiam</strong></span> <span class='ocrx_word' id='word_1_360' title='bbox 622 1995 693 2015; x_wconf 82' lang='lat' dir='ltr'><strong>vero</strong></span> <span class='ocrx_word' id='word_1_361' title='bbox 709 1990 741 2015; x_wconf 90' lang='lat' dir='ltr'><strong>et</strong></span> <span class='ocrx_word' id='word_1_362' title='bbox 758 1985 873 2015; x_wconf 89' lang='lat' dir='ltr'><strong>bonum</strong></span> <span class='ocrx_word' id='word_1_363' title='bbox 890 1985 1062 2015; x_wconf 82' lang='lat' dir='ltr'><strong>secundum</strong></span> <span class='ocrx_word' id='word_1_364' title='bbox 1080 1995 1112 2015; x_wconf 89' lang='lat' dir='ltr'><strong>se</strong></span> <span class='ocrx_word' id='word_1_365' title='bbox 1127 1995 1194 2015; x_wconf 88' lang='lat' dir='ltr'><strong>esse</strong></span> <span class='ocrx_word' id='word_1_366' title='bbox 1210 1990 1344 2026; x_wconf 89' lang='lat' dir='ltr'><strong>oportet.</strong></span> <span class='ocrx_word' id='word_1_367' title='bbox 1369 1996 1439 2016; x_wconf 90' lang='lat' dir='ltr'><strong>nam</strong></span> <span class='ocrx_word' id='word_1_368' title='bbox 1465 1987 1490 2017; x_wconf 84' lang='lat' dir='ltr'><strong>si</strong></span> <span class='ocrx_word' id='word_1_369' title='bbox 1511 1987 1583 2029; x_wconf 87' lang='lat' dir='ltr'><strong>ipsa</strong></span> 
     </span>
     <span class='ocr_line' id='line_1_33' title="bbox 111 2037 1585 2080; baseline 0.004 -15"><span class='ocrx_word' id='word_1_370' title='bbox 111 2045 176 2065; x_wconf 89' lang='lat' dir='ltr'><strong>non</strong></span> <span class='ocrx_word' id='word_1_371' title='bbox 201 2042 316 2073; x_wconf 86' lang='lat' dir='ltr'><strong>essent,</strong></span> <span class='ocrx_word' id='word_1_372' title='bbox 342 2037 403 2067; x_wconf 91' lang='lat' dir='ltr'><strong>alia</strong></span> <span class='ocrx_word' id='word_1_373' title='bbox 427 2049 484 2079; x_wconf 87' lang='lat' dir='ltr'><strong>per</strong></span> <span class='ocrx_word' id='word_1_374' title='bbox 507 2038 563 2068; x_wconf 86' lang='lat' dir='ltr'><strong>illa</strong></span> <span class='ocrx_word' id='word_1_375' title='bbox 589 2048 748 2080; x_wconf 88' lang='lat' dir='ltr'><strong>nunquam</strong></span> <span class='ocrx_word' id='word_1_376' title='bbox 776 2039 849 2069; x_wconf 82' lang='lat' dir='ltr'><strong>talia</strong></span> <span class='ocrx_word' id='word_1_377' title='bbox 875 2038 994 2070; x_wconf 83' lang='lat' dir='ltr'><strong>fierent.</strong></span> <span class='ocrx_word' id='word_1_378' title='bbox 1041 2038 1124 2069; x_wconf 68' lang='lat' dir='ltr'><strong>Hm.</strong></span> <span class='ocrx_word' id='word_1_379' title='bbox 1147 2038 1199 2069; x_wconf 87' lang='lat' dir='ltr'><strong>Sic</strong></span> <span class='ocrx_word' id='word_1_380' title='bbox 1226 2043 1286 2072; x_wconf 86' lang='lat' dir='ltr'><strong>est.</strong></span> <span class='ocrx_word' id='word_1_381' title='bbox 1332 2040 1387 2071; x_wconf 89' lang='lat' dir='ltr'><strong>So.</strong></span> <span class='ocrx_word' id='word_1_382' title='bbox 1412 2040 1528 2072; x_wconf 88' lang='lat' dir='ltr'><strong>Nonne</strong></span> <span class='ocrx_word' id='word_1_383' title='bbox 1553 2047 1585 2073; x_wconf 87' lang='lat' dir='ltr'><strong>et</strong></span> 
     </span>
     <span class='ocr_line' id='line_1_34' title="bbox 114 2089 1583 2137; baseline 0.005 -18"><span class='ocrx_word' id='word_1_384' title='bbox 114 2089 243 2130; x_wconf 83' lang='lat' dir='ltr'><strong>pulchra</strong></span> <span class='ocrx_word' id='word_1_385' title='bbox 259 2091 364 2121; x_wconf 81' lang='lat' dir='ltr'><strong>onmia</strong></span> <span class='ocrx_word' id='word_1_386' title='bbox 379 2091 447 2133; x_wconf 87' lang='lat' dir='ltr'><strong>ipso</strong></span> <span class='ocrx_word' id='word_1_387' title='bbox 465 2092 594 2133; x_wconf 91' lang='lat' dir='ltr'><strong>pulchro</strong></span> <span class='ocrx_word' id='word_1_388' title='bbox 611 2098 684 2122; x_wconf 86' lang='lat' dir='ltr'><strong>sunt</strong></span> <span class='ocrx_word' id='word_1_389' title='bbox 700 2092 828 2134; x_wconf 86' lang='lat' dir='ltr'><strong>pulchra</strong></span> <span class='ocrx_word' id='word_1_390' title='bbox 843 2093 853 2123; x_wconf 89' lang='lat'>?</span> <span class='ocrx_word' id='word_1_391' title='bbox 899 2092 981 2124; x_wconf 64' lang='grc' dir='ltr'><strong>ΗΠ).</strong></span> <span class='ocrx_word' id='word_1_392' title='bbox 1005 2092 1141 2124; x_wconf 86' lang='lat' dir='ltr'><strong>Pulchro</strong></span> <span class='ocrx_word' id='word_1_393' title='bbox 1156 2098 1250 2124; x_wconf 85' lang='lat' dir='ltr'><strong>certe.</strong></span> <span class='ocrx_word' id='word_1_394' title='bbox 1296 2094 1351 2125; x_wconf 87' lang='lat' dir='ltr'><strong>So.</strong></span> <span class='ocrx_word' id='word_1_395' title='bbox 1376 2094 1472 2126; x_wconf 80' lang='lat' dir='ltr'><strong>Estne</strong></span> <span class='ocrx_word' id='word_1_396' title='bbox 1489 2096 1583 2137; x_wconf 83' lang='lat' dir='ltr'><strong>igitur</strong></span> 
     </span>
     <span class='ocr_line' id='line_1_35' title="bbox 112 2143 1579 2188; baseline 0.005 -15"><span class='ocrx_word' id='word_1_397' title='bbox 112 2143 215 2184; x_wconf 89' lang='lat' dir='ltr'><strong>ipsum</strong></span> <span class='ocrx_word' id='word_1_398' title='bbox 241 2144 427 2185; x_wconf 88' lang='lat' dir='ltr'><strong>pulchrum?</strong></span> <span class='ocrx_word' id='word_1_399' title='bbox 472 2145 554 2178; x_wconf 73' lang='grc' dir='ltr'><strong>ΗΠ».</strong></span> <span class='ocrx_word' id='word_1_400' title='bbox 578 2146 635 2177; x_wconf 89' lang='lat' dir='ltr'><strong>Est</strong></span> <span class='ocrx_word' id='word_1_401' title='bbox 662 2147 769 2188; x_wconf 87' lang='lat' dir='ltr'><strong>procul</strong></span> <span class='ocrx_word' id='word_1_402' title='bbox 799 2146 908 2178; x_wconf 91' lang='lat' dir='ltr'><strong>dubio.</strong></span> <span class='ocrx_word' id='word_1_403' title='bbox 933 2147 988 2177; x_wconf 90' lang='lat' dir='ltr'><strong>sed</strong></span> <span class='ocrx_word' id='word_1_404' title='bbox 1015 2148 1186 2188; x_wconf 87' lang='lat' dir='ltr'><strong>quorsum?</strong></span> <span class='ocrx_word' id='word_1_405' title='bbox 1230 2148 1286 2179; x_wconf 89' lang='lat' dir='ltr'><strong>So.</strong></span> <span class='ocrx_word' id='word_1_406' title='bbox 1311 2148 1373 2180; x_wconf 90' lang='lat' dir='ltr'><strong>Hic</strong></span> <span class='ocrx_word' id='word_1_407' title='bbox 1398 2149 1451 2179; x_wconf 90' lang='lat' dir='ltr'><strong>ille</strong></span> <span class='ocrx_word' id='word_1_408' title='bbox 1476 2149 1579 2180; x_wconf 87' lang='lat' dir='ltr'><strong>statim</strong></span> 
     </span>
     <span class='ocr_line' id='line_1_36' title="bbox 114 2198 1581 2244; baseline 0.005 -17"><span class='ocrx_word' id='word_1_409' title='bbox 114 2203 253 2238; x_wconf 87' lang='lat' dir='ltr'><strong>quaeret:</strong></span> <span class='ocrx_word' id='word_1_410' title='bbox 278 2198 354 2235; x_wconf 88' lang='lat' dir='ltr'><strong>Dic,</strong></span> <span class='ocrx_word' id='word_1_411' title='bbox 370 2200 496 2241; x_wconf 83' lang='lat' dir='ltr'><strong>hospes,</strong></span> <span class='ocrx_word' id='word_1_412' title='bbox 511 2201 585 2242; x_wconf 90' lang='lat' dir='ltr'><strong>quid</strong></span> <span class='ocrx_word' id='word_1_413' title='bbox 603 2202 662 2232; x_wconf 91' lang='lat' dir='ltr'><strong>hoc</strong></span> <span class='ocrx_word' id='word_1_414' title='bbox 677 2201 777 2242; x_wconf 89' lang='lat' dir='ltr'><strong>ipsum</strong></span> <span class='ocrx_word' id='word_1_415' title='bbox 803 2201 965 2242; x_wconf 88' lang='lat' dir='ltr'><strong>pulchrum</strong></span> <span class='ocrx_word' id='word_1_416' title='bbox 982 2202 1049 2232; x_wconf 86' lang='lat' dir='ltr'><strong>est?</strong></span> <span class='ocrx_word' id='word_1_417' title='bbox 1096 2201 1178 2233; x_wconf 69' lang='lat' dir='ltr'><strong>Hm.</strong></span> <span class='ocrx_word' id='word_1_418' title='bbox 1200 2202 1286 2232; x_wconf 90' lang='lat' dir='ltr'><strong>Num</strong></span> <span class='ocrx_word' id='word_1_419' title='bbox 1302 2202 1355 2244; x_wconf 90' lang='lat' dir='ltr'><strong>qui</strong></span> <span class='ocrx_word' id='word_1_420' title='bbox 1379 2203 1438 2234; x_wconf 89' lang='lat' dir='ltr'><strong>ista</strong></span> <span class='ocrx_word' id='word_1_421' title='bbox 1452 2204 1581 2235; x_wconf 90' lang='lat' dir='ltr'><strong>interro·</strong></span> 
     </span>
     <span class='ocr_line' id='line_1_37' title="bbox 112 2253 1581 2299; baseline 0.005 -17"><span class='ocrx_word' id='word_1_422' title='bbox 112 2257 176 2293; x_wconf 80' lang='lat' dir='ltr'><strong>gat,</strong></span> <span class='ocrx_word' id='word_1_423' title='bbox 193 2253 300 2284; x_wconf 90' lang='lat' dir='ltr'><strong>audire</strong></span> <span class='ocrx_word' id='word_1_424' title='bbox 324 2254 458 2295; x_wconf 83' lang='lat' dir='ltr'><strong>indiget,</strong></span> <span class='ocrx_word' id='word_1_425' title='bbox 474 2255 550 2296; x_wconf 88' lang='lat' dir='ltr'><strong>quid</strong></span> <span class='ocrx_word' id='word_1_426' title='bbox 567 2262 614 2286; x_wconf 86' lang='lat' dir='ltr'><strong>est</strong></span> <span class='ocrx_word' id='word_1_427' title='bbox 629 2256 816 2297; x_wconf 85' lang='lat' dir='ltr'><strong>pulchrum?</strong></span> <span class='ocrx_word' id='word_1_428' title='bbox 863 2256 920 2286; x_wconf 87' lang='lat' dir='ltr'><strong>So.</strong></span> <span class='ocrx_word' id='word_1_429' title='bbox 945 2255 1019 2286; x_wconf 92' lang='lat' dir='ltr'><strong>Non</strong></span> <span class='ocrx_word' id='word_1_430' title='bbox 1046 2256 1121 2286; x_wconf 91' lang='lat' dir='ltr'><strong>mihi</strong></span> <span class='ocrx_word' id='word_1_431' title='bbox 1138 2256 1259 2287; x_wconf 89' lang='lat' dir='ltr'><strong>videtur</strong></span> <span class='ocrx_word' id='word_1_432' title='bbox 1275 2269 1281 2286; x_wconf 82' lang='lat' dir='ltr'>z</span> <span class='ocrx_word' id='word_1_433' title='bbox 1307 2258 1362 2288; x_wconf 91' lang='lat' dir='ltr'><strong>sed</strong></span> <span class='ocrx_word' id='word_1_434' title='bbox 1386 2257 1471 2288; x_wconf 88' lang='lat' dir='ltr'><strong>aliud</strong></span> <span class='ocrx_word' id='word_1_435' title='bbox 1487 2258 1581 2299; x_wconf 90' lang='lat' dir='ltr'><strong>quid-</strong></span> 
     </span>
     <span class='ocr_line' id='line_1_38' title="bbox 112 2305 1582 2349; baseline 0.003 -13"><span class='ocrx_word' id='word_1_436' title='bbox 112 2305 184 2336; x_wconf 81' lang='lat' dir='ltr'><strong>dam</strong></span> <span class='ocrx_word' id='word_1_437' title='bbox 199 2312 248 2337; x_wconf 78' lang='lat' dir='ltr'><strong>est</strong></span> <span class='ocrx_word' id='word_1_438' title='bbox 262 2307 364 2348; x_wconf 89' lang='lat' dir='ltr'><strong>ipsum</strong></span> <span class='ocrx_word' id='word_1_439' title='bbox 381 2308 556 2349; x_wconf 86' lang='lat' dir='ltr'><strong>pulchrum.</strong></span> <span class='ocrx_word' id='word_1_440' title='bbox 601 2309 683 2341; x_wconf 80' lang='lat' dir='ltr'><strong>Hrr’.</strong></span> <span class='ocrx_word' id='word_1_441' title='bbox 709 2309 795 2346; x_wconf 88' lang='lat' dir='ltr'><strong>Quid</strong></span> <span class='ocrx_word' id='word_1_442' title='bbox 814 2309 872 2340; x_wconf 88' lang='lat' dir='ltr'><strong>hoc</strong></span> <span class='ocrx_word' id='word_1_443' title='bbox 889 2310 928 2340; x_wconf 89' lang='lat' dir='ltr'><strong>ab</strong></span> <span class='ocrx_word' id='word_1_444' title='bbox 946 2309 998 2340; x_wconf 82' lang='lat' dir='ltr'><strong>illo</strong></span> <span class='ocrx_word' id='word_1_445' title='bbox 1015 2310 1143 2342; x_wconf 81' lang='lat' dir='ltr'><strong>differt?</strong></span> <span class='ocrx_word' id='word_1_446' title='bbox 1188 2311 1243 2343; x_wconf 91' lang='lat' dir='ltr'><strong>So.</strong></span> <span class='ocrx_word' id='word_1_447' title='bbox 1268 2311 1397 2343; x_wconf 85' lang='lat' dir='ltr'><strong>Nihilne</strong></span> <span class='ocrx_word' id='word_1_448' title='bbox 1422 2313 1476 2343; x_wconf 88' lang='lat' dir='ltr'><strong>tibi</strong></span> <span class='ocrx_word' id='word_1_449' title='bbox 1492 2313 1582 2344; x_wconf 85' lang='lat' dir='ltr'><strong>vide.</strong></span> 
     </span>
     <span class='ocr_line' id='line_1_39' title="bbox 111 2360 1580 2398; baseline 0.005 -8"><span class='ocrx_word' id='word_1_450' title='bbox 111 2360 186 2390; x_wconf 81' lang='lat' dir='ltr'><strong>tur?</strong></span> <span class='ocrx_word' id='word_1_451' title='bbox 230 2360 311 2392; x_wconf 77' lang='grc' dir='ltr'><strong>ῙῙιΡ.</strong></span> <span class='ocrx_word' id='word_1_452' title='bbox 336 2361 424 2392; x_wconf 90' lang='lat' dir='ltr'><strong>Nihil</strong></span> <span class='ocrx_word' id='word_1_453' title='bbox 441 2369 537 2395; x_wconf 89' lang='lat' dir='ltr'><strong>certe.</strong></span> <span class='ocrx_word' id='word_1_454' title='bbox 558 2374 622 2394; x_wconf 88' lang='lat' dir='ltr'><strong>non</strong></span> <span class='ocrx_word' id='word_1_455' title='bbox 647 2363 729 2394; x_wconf 87' lang='lat' dir='ltr'><strong>enim</strong></span> <span class='ocrx_word' id='word_1_456' title='bbox 757 2363 873 2395; x_wconf 81' lang='lat' dir='ltr'><strong>differt.</strong></span> <span class='ocrx_word' id='word_1_457' title='bbox 920 2364 975 2395; x_wconf 85' lang='lat' dir='ltr'><strong>So.</strong></span> <span class='ocrx_word' id='word_1_458' title='bbox 999 2364 1132 2396; x_wconf 89' lang='lat' dir='ltr'><strong>Constat</strong></span> <span class='ocrx_word' id='word_1_459' title='bbox 1155 2373 1260 2397; x_wconf 81' lang='lat' dir='ltr'><strong>autem</strong></span> <span class='ocrx_word' id='word_1_460' title='bbox 1286 2372 1318 2397; x_wconf 87' lang='lat' dir='ltr'><strong>te</strong></span> <span class='ocrx_word' id='word_1_461' title='bbox 1342 2367 1452 2398; x_wconf 86' lang='lat' dir='ltr'><strong>melius</strong></span> <span class='ocrx_word' id='word_1_462' title='bbox 1475 2377 1580 2398; x_wconf 88' lang='lat' dir='ltr'><strong>nosse·</strong></span> 
     </span>
     <span class='ocr_line' id='line_1_40' title="bbox 110 2414 1578 2462; baseline 0.005 -18"><span class='ocrx_word' id='word_1_463' title='bbox 110 2414 274 2445; x_wconf 83' lang='lat' dir='ltr'><strong>considera</strong></span> <span class='ocrx_word' id='word_1_464' title='bbox 289 2421 393 2447; x_wconf 84' lang='lat' dir='ltr'><strong>tamen</strong></span> <span class='ocrx_word' id='word_1_465' title='bbox 408 2429 415 2447; x_wconf 92' lang='lat'><strong>:</strong></span> <span class='ocrx_word' id='word_1_466' title='bbox 441 2427 504 2448; x_wconf 90' lang='lat' dir='ltr'><strong>non</strong></span> <span class='ocrx_word' id='word_1_467' title='bbox 521 2428 591 2459; x_wconf 83' lang='lat' dir='ltr'><strong>qua:</strong></span> <span class='ocrx_word' id='word_1_468' title='bbox 604 2428 650 2449; x_wconf 87' lang='lat' dir='ltr'><strong>res</strong></span> <span class='ocrx_word' id='word_1_469' title='bbox 667 2419 796 2459; x_wconf 81' lang='lat' dir='ltr'><strong>pulchra</strong></span> <span class='ocrx_word' id='word_1_470' title='bbox 811 2423 870 2454; x_wconf 86' lang='lat' dir='ltr'><strong>est,</strong></span> <span class='ocrx_word' id='word_1_471' title='bbox 890 2418 942 2448; x_wconf 89' lang='lat' dir='ltr'><strong>ille</strong></span> <span class='ocrx_word' id='word_1_472' title='bbox 959 2419 1048 2460; x_wconf 86' lang='lat' dir='ltr'><strong>petit,</strong></span> <span class='ocrx_word' id='word_1_473' title='bbox 1066 2420 1120 2450; x_wconf 79' lang='lat' dir='ltr'><strong>sed</strong></span> <span class='ocrx_word' id='word_1_474' title='bbox 1137 2420 1213 2461; x_wconf 84' lang='lat' dir='ltr'><strong>quid</strong></span> <span class='ocrx_word' id='word_1_475' title='bbox 1230 2421 1330 2461; x_wconf 90' lang='lat' dir='ltr'><strong>ipsum</strong></span> <span class='ocrx_word' id='word_1_476' title='bbox 1343 2421 1505 2462; x_wconf 86' lang='lat' dir='ltr'><strong>pulchrum</strong></span> <span class='ocrx_word' id='word_1_477' title='bbox 1519 2427 1578 2453; x_wconf 84' lang='lat' dir='ltr'><strong>est.</strong></span> 
     </span>
     <span class='ocr_line' id='line_1_41' title="bbox 112 2466 1580 2515; baseline 0.006 -18"><span class='ocrx_word' id='word_1_478' title='bbox 112 2466 194 2500; x_wconf 75' lang='lat' dir='ltr'><strong>Hrr‘.</strong></span> <span class='ocrx_word' id='word_1_479' title='bbox 217 2468 365 2510; x_wconf 78' lang='lat' dir='ltr'><strong>Intelligo</strong></span> <span class='ocrx_word' id='word_1_480' title='bbox 377 2469 458 2510; x_wconf 89' lang='lat' dir='ltr'><strong>jam,</strong></span> <span class='ocrx_word' id='word_1_481' title='bbox 474 2481 492 2502; x_wconf 95' lang='lat' dir='ltr'><strong>o</strong></span> <span class='ocrx_word' id='word_1_482' title='bbox 508 2472 590 2502; x_wconf 89' lang='lat' dir='ltr'><strong>bone</strong></span> <span class='ocrx_word' id='word_1_483' title='bbox 606 2472 650 2502; x_wconf 86' lang='lat' dir='ltr'><strong>vir</strong></span> <span class='ocrx_word' id='word_1_484' title='bbox 666 2484 672 2502; x_wconf 80' lang='lat' dir='ltr'><strong><em>z</em></strong></span> <span class='ocrx_word' id='word_1_485' title='bbox 699 2477 730 2502; x_wconf 88' lang='lat' dir='ltr'><strong>et</strong></span> <span class='ocrx_word' id='word_1_486' title='bbox 746 2473 829 2513; x_wconf 88' lang='lat' dir='ltr'><strong>quod</strong></span> <span class='ocrx_word' id='word_1_487' title='bbox 848 2472 949 2513; x_wconf 86' lang='lat' dir='ltr'><strong>ipsum</strong></span> <span class='ocrx_word' id='word_1_488' title='bbox 968 2473 1130 2513; x_wconf 87' lang='lat' dir='ltr'><strong>pulchrum</strong></span> <span class='ocrx_word' id='word_1_489' title='bbox 1148 2478 1204 2510; x_wconf 85' lang='lat' dir='ltr'><strong>est.</strong></span> <span class='ocrx_word' id='word_1_490' title='bbox 1221 2475 1416 2515; x_wconf 87' lang='lat' dir='ltr'><strong>respondebo</strong></span> <span class='ocrx_word' id='word_1_491' title='bbox 1435 2476 1528 2515; x_wconf 84' lang='lat' dir='ltr'><strong>adeo,</strong></span> <span class='ocrx_word' id='word_1_492' title='bbox 1545 2480 1580 2506; x_wconf 89' lang='lat' dir='ltr'><strong>ut</strong></span> 
     </span>
     <span class='ocr_line' id='line_1_42' title="bbox 110 2525 1578 2570; baseline 0.005 -19"><span class='ocrx_word' id='word_1_493' title='bbox 110 2532 270 2563; x_wconf 87' lang='lat' dir='ltr'><strong>nunquam</strong></span> <span class='ocrx_word' id='word_1_494' title='bbox 288 2525 463 2565; x_wconf 83' lang='lat' dir='ltr'><strong>redarguar.</strong></span> <span class='ocrx_word' id='word_1_495' title='bbox 509 2526 542 2556; x_wconf 88' lang='lat' dir='ltr'><strong>Si</strong></span> <span class='ocrx_word' id='word_1_496' title='bbox 558 2536 661 2557; x_wconf 87' lang='lat' dir='ltr'><strong>verum</strong></span> <span class='ocrx_word' id='word_1_497' title='bbox 678 2527 783 2557; x_wconf 88' lang='lat' dir='ltr'><strong>dicere</strong></span> <span class='ocrx_word' id='word_1_498' title='bbox 799 2532 934 2569; x_wconf 87' lang='lat' dir='ltr'><strong>oportet,</strong></span> <span class='ocrx_word' id='word_1_499' title='bbox 959 2528 1050 2564; x_wconf 76' lang='lat' dir='ltr'><strong>scito,</strong></span> <span class='ocrx_word' id='word_1_500' title='bbox 1066 2527 1221 2564; x_wconf 86' lang='lat' dir='ltr'><strong>Socrates,</strong></span> <span class='ocrx_word' id='word_1_501' title='bbox 1244 2528 1393 2569; x_wconf 84' lang='lat' dir='ltr'><strong>virginem</strong></span> <span class='ocrx_word' id='word_1_502' title='bbox 1417 2529 1578 2570; x_wconf 85' lang='lat' dir='ltr'><strong>pulchram</strong></span> 
     </span>
     <span class='ocr_line' id='line_1_43' title="bbox 109 2577 1579 2623; baseline 0.005 -17"><span class='ocrx_word' id='word_1_503' title='bbox 109 2577 211 2617; x_wconf 81' lang='lat' dir='ltr'><strong>ipsum</strong></span> <span class='ocrx_word' id='word_1_504' title='bbox 229 2578 391 2618; x_wconf 86' lang='lat' dir='ltr'><strong>pulchrum</strong></span> <span class='ocrx_word' id='word_1_505' title='bbox 418 2589 496 2611; x_wconf 85' lang='lat' dir='ltr'><strong>esse.</strong></span> <span class='ocrx_word' id='word_1_506' title='bbox 542 2580 597 2611; x_wconf 90' lang='lat' dir='ltr'><strong>So.</strong></span> <span class='ocrx_word' id='word_1_507' title='bbox 621 2581 784 2617; x_wconf 77' lang='lat' dir='ltr'><strong>Praectare,</strong></span> <span class='ocrx_word' id='word_1_508' title='bbox 808 2592 826 2612; x_wconf 89' lang='grc' dir='ltr'>ο</span> <span class='ocrx_word' id='word_1_509' title='bbox 852 2581 985 2622; x_wconf 84' lang='lat' dir='ltr'><strong>Hippia,</strong></span> <span class='ocrx_word' id='word_1_510' title='bbox 1010 2587 1041 2612; x_wconf 89' lang='lat' dir='ltr'><strong>et</strong></span> <span class='ocrx_word' id='word_1_511' title='bbox 1057 2582 1169 2613; x_wconf 86' lang='lat' dir='ltr'><strong>decore</strong></span> <span class='ocrx_word' id='word_1_512' title='bbox 1192 2582 1360 2612; x_wconf 86' lang='lat' dir='ltr'><strong>admodum</strong></span> <span class='ocrx_word' id='word_1_513' title='bbox 1376 2582 1579 2623; x_wconf 85' lang='lat' dir='ltr'><strong>respondisti.</strong></span> 
     </span>
     <span class='ocr_line' id='line_1_44' title="bbox 110 2632 1577 2679; baseline 0.005 -18"><span class='ocrx_word' id='word_1_514' title='bbox 110 2632 253 2673; x_wconf 89' lang='lat' dir='ltr'><strong>nunquid</strong></span> <span class='ocrx_word' id='word_1_515' title='bbox 282 2643 367 2673; x_wconf 85' lang='lat' dir='ltr'><strong>ergo,</strong></span> <span class='ocrx_word' id='word_1_516' title='bbox 393 2633 417 2663; x_wconf 88' lang='lat' dir='ltr'><strong>si</strong></span> <span class='ocrx_word' id='word_1_517' title='bbox 445 2634 504 2664; x_wconf 89' lang='lat' dir='ltr'><strong>hoc</strong></span> <span class='ocrx_word' id='word_1_518' title='bbox 531 2635 731 2677; x_wconf 85' lang='lat' dir='ltr'><strong>respondero,</strong></span> <span class='ocrx_word' id='word_1_519' title='bbox 755 2636 794 2666; x_wconf 89' lang='lat' dir='ltr'><strong>ad</strong></span> <span class='ocrx_word' id='word_1_520' title='bbox 818 2635 1007 2677; x_wconf 87' lang='lat' dir='ltr'><strong>interrogata</strong></span> <span class='ocrx_word' id='word_1_521' title='bbox 1031 2646 1212 2677; x_wconf 80' lang='lat' dir='ltr'><strong>responsum</strong></span> <span class='ocrx_word' id='word_1_522' title='bbox 1229 2637 1298 2675; x_wconf 85' lang='lat' dir='ltr'><strong>erit,</strong></span> <span class='ocrx_word' id='word_1_523' title='bbox 1313 2641 1345 2667; x_wconf 90' lang='lat' dir='ltr'><strong>et</strong></span> <span class='ocrx_word' id='word_1_524' title='bbox 1361 2642 1455 2675; x_wconf 86' lang='lat' dir='ltr'><strong>recte,</strong></span> <span class='ocrx_word' id='word_1_525' title='bbox 1480 2636 1577 2679; x_wconf 81' lang='lat'>[288]</span> 
     </span>
     <span class='ocr_line' id='line_1_45' title="bbox 109 2687 1577 2732; baseline 0.003 -17"><span class='ocrx_word' id='word_1_526' title='bbox 109 2696 211 2727; x_wconf 79' lang='lat' dir='ltr'><strong>neque</strong></span> <span class='ocrx_word' id='word_1_527' title='bbox 227 2687 372 2718; x_wconf 83' lang='lat' dir='ltr'><strong>refellat?</strong></span> <span class='ocrx_word' id='word_1_528' title='bbox 419 2687 501 2720; x_wconf 69' lang='lat' dir='ltr'><strong>Hrl».</strong></span> <span class='ocrx_word' id='word_1_529' title='bbox 527 2688 600 2725; x_wconf 84' lang='lat' dir='ltr'><strong>Qua</strong></span> <span class='ocrx_word' id='word_1_530' title='bbox 617 2694 645 2720; x_wconf 88' lang='lat' dir='ltr'><strong>te</strong></span> <span class='ocrx_word' id='word_1_531' title='bbox 661 2689 714 2720; x_wconf 87' lang='lat' dir='ltr'><strong>itte</strong></span> <span class='ocrx_word' id='word_1_532' title='bbox 731 2691 849 2720; x_wconf 83' lang='lat' dir='ltr'><strong>ratione</strong></span> <span class='ocrx_word' id='word_1_533' title='bbox 865 2690 1023 2732; x_wconf 87' lang='lat' dir='ltr'><strong>corripiet,</strong></span> <span class='ocrx_word' id='word_1_534' title='bbox 1039 2691 1062 2720; x_wconf 88' lang='lat' dir='ltr'><strong>si</strong></span> <span class='ocrx_word' id='word_1_535' title='bbox 1079 2691 1163 2732; x_wconf 91' lang='lat' dir='ltr'><strong>quod</strong></span> <span class='ocrx_word' id='word_1_536' title='bbox 1181 2690 1325 2721; x_wconf 90' lang='lat' dir='ltr'><strong>omnibus</strong></span> <span class='ocrx_word' id='word_1_537' title='bbox 1341 2690 1475 2727; x_wconf 83' lang='lat' dir='ltr'><strong>videtur,</strong></span> <span class='ocrx_word' id='word_1_538' title='bbox 1491 2696 1523 2721; x_wconf 86' lang='lat' dir='ltr'><strong>et</strong></span> <span class='ocrx_word' id='word_1_539' title='bbox 1538 2691 1577 2721; x_wconf 86' lang='lat' dir='ltr'><strong>de</strong></span> 
     </span>
     <span class='ocr_line' id='line_1_46' title="bbox 106 2741 1576 2787; baseline 0.003 -17"><span class='ocrx_word' id='word_1_540' title='bbox 106 2749 169 2781; x_wconf 92' lang='lat' dir='ltr'><strong>quo</strong></span> <span class='ocrx_word' id='word_1_541' title='bbox 185 2741 347 2773; x_wconf 80' lang='lat' dir='ltr'><strong>audientes</strong></span> <span class='ocrx_word' id='word_1_542' title='bbox 364 2743 479 2784; x_wconf 84' lang='lat' dir='ltr'><strong>singuli</strong></span> <span class='ocrx_word' id='word_1_543' title='bbox 500 2754 553 2784; x_wconf 88' lang='lat' dir='ltr'><strong>pro</strong></span> <span class='ocrx_word' id='word_1_544' title='bbox 578 2749 608 2775; x_wconf 84' lang='lat' dir='ltr'><strong>te</strong></span> <span class='ocrx_word' id='word_1_545' title='bbox 627 2745 835 2782; x_wconf 84' lang='lat' dir='ltr'><strong>testabuntur,</strong></span> <span class='ocrx_word' id='word_1_546' title='bbox 861 2744 1082 2786; x_wconf 88' lang='lat' dir='ltr'><strong>responderis?</strong></span> <span class='ocrx_word' id='word_1_547' title='bbox 1126 2745 1179 2776; x_wconf 87' lang='lat' dir='ltr'><strong>So.</strong></span> <span class='ocrx_word' id='word_1_548' title='bbox 1206 2745 1262 2775; x_wconf 88' lang='lat' dir='ltr'><strong>Eia</strong></span> <span class='ocrx_word' id='word_1_549' title='bbox 1287 2755 1380 2787; x_wconf 88' lang='lat' dir='ltr'><strong>quam</strong></span> <span class='ocrx_word' id='word_1_550' title='bbox 1405 2745 1498 2776; x_wconf 87' lang='lat' dir='ltr'><strong>belle.</strong></span> <span class='ocrx_word' id='word_1_551' title='bbox 1522 2745 1576 2775; x_wconf 80' lang='lat' dir='ltr'><strong>sed</strong></span> 
     </span>
     <span class='ocr_line' id='line_1_47' title="bbox 109 2795 1575 2841; baseline 0.002 -16"><span class='ocrx_word' id='word_1_552' title='bbox 109 2805 230 2826; x_wconf 84' lang='lat' dir='ltr'><strong>mecum</strong></span> <span class='ocrx_word' id='word_1_553' title='bbox 248 2795 326 2837; x_wconf 83' lang='lat' dir='ltr'><strong>ipse,</strong></span> <span class='ocrx_word' id='word_1_554' title='bbox 350 2807 368 2827; x_wconf 89' lang='lat'>0</span> <span class='ocrx_word' id='word_1_555' title='bbox 392 2797 525 2839; x_wconf 83' lang='lat' dir='ltr'><strong>Hippia,</strong></span> <span class='ocrx_word' id='word_1_556' title='bbox 549 2799 633 2840; x_wconf 92' lang='lat' dir='ltr'><strong>quod</strong></span> <span class='ocrx_word' id='word_1_557' title='bbox 659 2798 736 2830; x_wconf 89' lang='lat' dir='ltr'><strong>dicis</strong></span> <span class='ocrx_word' id='word_1_558' title='bbox 760 2799 983 2832; x_wconf 81' lang='lat' dir='ltr'><strong>animadverto.</strong></span> <span class='ocrx_word' id='word_1_559' title='bbox 1030 2799 1090 2830; x_wconf 92' lang='lat' dir='ltr'><strong>Ille</strong></span> <span class='ocrx_word' id='word_1_560' title='bbox 1114 2800 1267 2841; x_wconf 82' lang='lat' dir='ltr'><strong>siquidem</strong></span> <span class='ocrx_word' id='word_1_561' title='bbox 1286 2800 1328 2830; x_wconf 85' lang='lat' dir='ltr'><strong>ita</strong></span> <span class='ocrx_word' id='word_1_562' title='bbox 1343 2799 1575 2840; x_wconf 89' lang='lat' dir='ltr'><strong>quodammodo</strong></span> 
     </span>
     <span class='ocr_line' id='line_1_48' title="bbox 110 2849 1576 2896; baseline 0.002 -17"><span class='ocrx_word' id='word_1_563' title='bbox 110 2849 362 2888; x_wconf 85' lang='lat' dir='ltr'><strong>percontabitur:</strong></span> <span class='ocrx_word' id='word_1_564' title='bbox 392 2851 471 2892; x_wconf 83' lang='lat' dir='ltr'><strong>Age,</strong></span> <span class='ocrx_word' id='word_1_565' title='bbox 488 2853 643 2894; x_wconf 85' lang='lat' dir='ltr'><strong>responde</strong></span> <span class='ocrx_word' id='word_1_566' title='bbox 661 2852 747 2893; x_wconf 86' lang='lat' dir='ltr'><strong>mihi,</strong></span> <span class='ocrx_word' id='word_1_567' title='bbox 771 2864 789 2883; x_wconf 93' lang='grc' dir='ltr'>ο</span> <span class='ocrx_word' id='word_1_568' title='bbox 806 2854 962 2891; x_wconf 88' lang='lat' dir='ltr'><strong>Socrates,</strong></span> <span class='ocrx_word' id='word_1_569' title='bbox 985 2854 1060 2896; x_wconf 90' lang='lat' dir='ltr'><strong>quid</strong></span> <span class='ocrx_word' id='word_1_570' title='bbox 1075 2859 1122 2885; x_wconf 89' lang='lat' dir='ltr'><strong>est</strong></span> <span class='ocrx_word' id='word_1_571' title='bbox 1136 2854 1237 2896; x_wconf 86' lang='lat' dir='ltr'><strong>ipsum</strong></span> <span class='ocrx_word' id='word_1_572' title='bbox 1254 2853 1427 2895; x_wconf 84' lang='lat' dir='ltr'><strong>pulchrum¹</strong></span> <span class='ocrx_word' id='word_1_573' title='bbox 1443 2853 1527 2894; x_wconf 89' lang='lat' dir='ltr'><strong>quod</strong></span> <span class='ocrx_word' id='word_1_574' title='bbox 1551 2853 1576 2882; x_wconf 90' lang='lat' dir='ltr'><strong>si</strong></span> 
     </span>
     <span class='ocr_line' id='line_1_49' title="bbox 109 2901 1575 2949; baseline 0.001 -16"><span class='ocrx_word' id='word_1_575' title='bbox 109 2901 159 2938; x_wconf 74' lang='lat' dir='ltr'><strong>sit,</strong></span> <span class='ocrx_word' id='word_1_576' title='bbox 176 2902 243 2934; x_wconf 88' lang='lat' dir='ltr'><strong>haec</strong></span> <span class='ocrx_word' id='word_1_577' title='bbox 259 2904 376 2942; x_wconf 90' lang='lat' dir='ltr'><strong>omnia,</strong></span> <span class='ocrx_word' id='word_1_578' title='bbox 391 2915 461 2947; x_wconf 90' lang='lat' dir='ltr'><strong>quae</strong></span> <span class='ocrx_word' id='word_1_579' title='bbox 485 2906 616 2947; x_wconf 87' lang='lat' dir='ltr'><strong>pulchra</strong></span> <span class='ocrx_word' id='word_1_580' title='bbox 630 2907 791 2947; x_wconf 86' lang='lat' dir='ltr'><strong>dicuntur,</strong></span> <span class='ocrx_word' id='word_1_581' title='bbox 819 2918 874 2948; x_wconf 87' lang='lat' dir='ltr'><strong>per</strong></span> <span class='ocrx_word' id='word_1_582' title='bbox 888 2907 991 2949; x_wconf 89' lang='lat' dir='ltr'><strong>ipsum</strong></span> <span class='ocrx_word' id='word_1_583' title='bbox 1017 2908 1145 2949; x_wconf 88' lang='lat' dir='ltr'><strong>pulchra</strong></span> <span class='ocrx_word' id='word_1_584' title='bbox 1160 2908 1258 2939; x_wconf 88' lang='lat' dir='ltr'><strong>sunt?</strong></span> <span class='ocrx_word' id='word_1_585' title='bbox 1305 2907 1371 2948; x_wconf 84' lang='lat' dir='ltr'><strong>Ego</strong></span> <span class='ocrx_word' id='word_1_586' title='bbox 1398 2912 1500 2937; x_wconf 87' lang='lat' dir='ltr'><strong>autem</strong></span> <span class='ocrx_word' id='word_1_587' title='bbox 1528 2917 1575 2936; x_wconf 79' lang='lat' dir='ltr'><strong>re.</strong></span> 
     </span>
     <span class='ocr_line' id='line_1_50' title="bbox 109 2958 1577 3004; baseline 0.004 -17"><span class='ocrx_word' id='word_1_588' title='bbox 109 2958 292 2998; x_wconf 81' lang='lat' dir='ltr'><strong>spondebo:</strong></span> <span class='ocrx_word' id='word_1_589' title='bbox 318 2959 350 2990; x_wconf 91' lang='lat' dir='ltr'><strong>Si</strong></span> <span class='ocrx_word' id='word_1_590' title='bbox 369 2961 496 3001; x_wconf 86' lang='lat' dir='ltr'><strong>pulchra</strong></span> <span class='ocrx_word' id='word_1_591' title='bbox 513 2961 597 3003; x_wconf 76' lang='lat' dir='ltr'><strong>virgo</strong></span> <span class='ocrx_word' id='word_1_592' title='bbox 613 2961 715 3003; x_wconf 82' lang='lat' dir='ltr'><strong>ipsum</strong></span> <span class='ocrx_word' id='word_1_593' title='bbox 736 2962 899 3004; x_wconf 90' lang='lat' dir='ltr'><strong>pulchrum</strong></span> <span class='ocrx_word' id='word_1_594' title='bbox 916 2968 974 3001; x_wconf 86' lang='lat' dir='ltr'><strong>est,</strong></span> <span class='ocrx_word' id='word_1_595' title='bbox 999 2968 1125 3004; x_wconf 87' lang='lat' dir='ltr'><strong>propter</strong></span> <span class='ocrx_word' id='word_1_596' title='bbox 1151 2964 1234 3004; x_wconf 85' lang='lat' dir='ltr'><strong>quod</strong></span> <span class='ocrx_word' id='word_1_597' title='bbox 1261 2963 1325 2993; x_wconf 76' lang='lat' dir='ltr'><strong>haec</strong></span> <span class='ocrx_word' id='word_1_598' title='bbox 1343 2962 1471 3002; x_wconf 83' lang='lat' dir='ltr'><strong>pulchra</strong></span> <span class='ocrx_word' id='word_1_599' title='bbox 1488 2961 1577 2993; x_wconf 84' lang='lat' dir='ltr'><strong>liunt.</strong></span> 
     </span>
    </p>
   </div>
  </div>
 </body>
</html>
