1840 3225
259 200 337 238 376
844 201 1106 240 PLATONIS
1601 205 1698 256 [812

258 302 347 344 quasi
369 301 409 333 ad
421 304 578 343 exemplar
592 302 760 344 quoddam,
776 310 811 334 ut
825 304 885 334 alia
901 305 1106 345 perdiscenda
1112 305 1289 347 juvenibus,
1302 307 1363 337 alia
1377 317 1415 337 ne
1431 306 1614 348 attingenda
1629 307 1698 348 qui·

259 356 329 386 dem
338 356 468 397 jubeat:
492 367 533 387 ne
559 357 662 388 dicere
691 357 725 388 id
751 359 895 399 graveris,
915 360 1055 390 obsecro.
1098 359 1235 390 Arnas.
1258 360 1287 391 Ο
1313 360 1391 391 bone
1407 360 1453 391 vir
1466 359 1582 396 Clinia,
1592 359 1701 391 videor

256 409 483 450 quodammodo
510 411 695 442 fortunatus.
737 411 814 443 Cu.
837 412 909 449 Qua
931 413 962 443 in
985 424 1018 443 re
1041 414 1194 443 maxime?
1238 414 1375 445 Arnen.
1396 414 1488 450 Quod
1503 414 1630 455 penitus
1644 424 1699 444 ex-

254 463 360 504 emplo
376 474 438 495 non
452 475 585 496 caream.
609 475 722 507 nempe
735 476 806 496 cum
821 476 869 502 ea,
884 477 954 508 quae
967 468 1005 497 ab
1020 477 1128 498 aurora
1143 467 1184 498 ad
1198 469 1278 499 hauc
1292 469 1401 498 horam
1412 478 1472 499 non
1484 468 1549 498 sine
1560 467 1696 508 quadam

255 516 395 548 Deorum
417 518 629 559 inspiratione,
653 525 687 549 ut
710 519 784 550 mihi
800 520 950 556 videmur,
966 522 1167 557 narravimus,
1183 522 1394 552 animadverto
1410 533 1417 551 z
1443 521 1533 563 po'e'si
1544 520 1695 562 quodam·

254 570 347 601 modo
363 572 474 602 similia
486 573 561 603 mihi
578 573 732 604 videntur.
743 585 800 604 nec
814 574 926 605 mirum
940 580 1000 614 est,
1013 575 1038 605 si
1051 576 1190 616 proprios
1205 586 1374 612 sermones,
1387 576 1476 617 quasi
1484 575 1576 606 simul
1587 585 1697 606 omnes

252 625 411 662 collectos,
426 627 606 668 respiciens,
618 627 662 658 sic
679 628 804 664 afficior,
819 635 854 658 ut
869 628 1037 659 admodum
1051 630 1148 659 laeter.
1164 630 1301 659 omnium
1317 630 1412 665 enim,
1424 639 1493 670 quae
1505 634 1558 659 aut
1568 628 1695 670 poetice

251 684 305 709 aut
329 681 432 711 soluta
453 681 591 712 oratione
615 681 699 712 dicta
721 681 818 712 didici
832 687 864 712 et
879 681 996 719 aud1vi,
1011 682 1260 713 moderatissima
1273 684 1339 714 haec
1357 683 1432 713 mihi
1446 682 1696 724 instruendisque

243 732 412 774 juvenibus
426 734 539 765 idonea
552 736 685 766 maxime
701 735 852 767 videntur.
876 735 1076 776 quamobrem
1091 735 1174 777 quod
1185 737 1297 767 melius
1308 737 1486 777 exemplum
1497 737 1604 778 legum
1623 746 1694 767 cus-

250 786 314 817 todi
331 793 424 829 atque
441 788 559 819 doctori
572 799 755 830 proponam,
771 799 833 820 non
846 789 954 826 habeo,
972 800 1065 830 quam
1075 795 1109 820 ut
1123 791 1289 831 magistros
1300 796 1391 832 cogat
1402 791 1506 832 pueris
1519 791 1585 822 haec
1597 800 1695 832 expo-

247 849 332 876 nere,
362 845 395 871 et
420 851 613 882 quaecunque
637 842 698 872 alia
718 842 766 872 his
793 841 915 878 similia,
932 843 995 872 sive
1010 843 1136 884 poetice
1152 853 1206 873 seu
1222 844 1325 874 soluta
1336 845 1478 874 oratione
1492 844 1608 885 scripta
1622 845 1696 879 sint,

248 893 313 924 sive
341 895 522 935 simpliciter
547 895 632 926 dicta
656 895 781 936 quidem
797 901 829 925 et
849 896 920 926 huic
936 895 1140 937 disputationi
1155 903 1364 927 consentanea
1379 909 1385 926 :
1411 907 1480 938 quae
1495 897 1582 928 nulio
1597 896 1692 928 modo

248 948 465 988 praetermittat
489 954 624 990 oportet,
647 949 702 980 sed
733 959 858 990 operam
871 950 925 979 det
941 955 975 980 ut
989 949 1171 981 scribantur.
1193 961 1230 981 ac
1242 951 1376 991 primum
1387 956 1593 992 praeceptores
1604 950 1690 991 ipsos

247 1002 417 1042 compellat
430 1003 551 1033 discere
565 1003 631 1033 haec
646 1011 740 1044 atque
751 1003 881 1044 probare
900 1014 906 1032 :
931 1009 963 1034 et
977 1014 1043 1040 eos,
1057 1004 1110 1045 qui
1124 1014 1187 1035 non
1202 1004 1343 1045 probent,
1359 1004 1492 1045 repellat
1508 1014 1516 1035 :
1540 1004 1589 1034 his
1603 1013 1688 1040 vero,

245 1056 299 1096 qui
313 1056 456 1097 probant,
469 1056 654 1087 erudiendos
665 1057 931 1097 instituendosque
943 1058 1158 1088 adolescentes
1172 1058 1357 1089 committat.
1380 1057 1476 1100 [812]
1499 1058 1554 1088 sed
1567 1058 1607 1088 de
1618 1057 1690 1088 lite-

244 1110 286 1140 ris
300 1120 468 1151 earumque
482 1111 634 1152 magistris
641 1110 704 1152 jam
719 1110 806 1141 satis.
849 1110 924 1142 Cn.
947 1110 978 1141 A
1000 1112 1156 1153 proposito
1172 1111 1309 1154 quidem,
1324 1113 1448 1153 hospes,
1462 1116 1497 1142 ut
1511 1111 1586 1142 mihi
1602 1110 1689 1141 vide-

243 1168 304 1199 tur,
335 1174 398 1194 non
428 1164 632 1195 aberravimus
650 1176 656 1194 :
681 1164 736 1195 sed
763 1171 866 1195 utrum
894 1170 977 1196 recte
1007 1169 1106 1196 totam
1134 1175 1196 1196 rem
1224 1176 1264 1196 an
1293 1174 1405 1197 contra
1427 1175 1566 1207 agamus,
1584 1164 1688 1196 forsan

245 1216 371 1248 difficile
397 1217 491 1249 dictu.
536 1217 674 1249 ΑΤΗΕΝ.
697 1219 786 1250 Tunc
813 1219 951 1256 demum,
975 1219 1089 1256 Clinia,
1113 1219 1146 1250 id
1161 1229 1285 1261 quoque
1302 1219 1433 1261 patebit,
1450 1225 1484 1250 ut
1499 1218 1615 1250 decens
1630 1225 1690 1257 est,

243 1273 380 1312 quando,
406 1272 487 1303 sicut
509 1283 719 1314 saepenumero
737 1273 881 1309 diximus,
897 1273 1002 1314 legum
1016 1273 1161 1304 tractatio
1175 1273 1270 1304 finem
1285 1273 1431 1314 accipiet.
1474 1272 1551 1304 Cn.
1574 1272 1689 1304 Recte.

242 1326 378 1357 ΑτΗΕΝ.
400 1326 516 1357 Verum
546 1332 616 1368 post
642 1327 798 1357 literarum
826 1327 1005 1368 magistrum
1027 1337 1133 1357 nonne
1145 1327 1185 1358 de
1201 1327 1359 1358 citharista
1373 1327 1564 1358 dicendum?
1610 1327 1688 1359 Cu.

243 1378 307 1410 Cur
335 1380 424 1411 non?
470 1381 604 1412 Arnen.
626 1381 660 1411 Si
687 1381 876 1422 superiorum
905 1391 1056 1412 memores
1085 1380 1198 1412 erimus
1223 1381 1393 1417 verborum,
1423 1380 1590 1412 citharistis
1611 1390 1688 1411 con-

240 1443 349 1474 gruum
377 1439 411 1464 et
440 1433 574 1465 docendi
602 1439 634 1464 et
658 1433 825 1470 educandi,
846 1440 996 1476 quantum
1019 1433 1059 1465 ad
1082 1444 1133 1464 sua
1158 1440 1290 1476 spectat,
1304 1439 1338 1464 ut
1353 1444 1429 1470 reor,
1445 1434 1580 1464 officium
1596 1433 1684 1464 dabi-

240 1497 321 1518 mus.
365 1487 442 1519 Ctr.
473 1487 525 1518 De
552 1488 663 1528 quibus
693 1487 790 1518 dicis?
841 1488 979 1519 Arm-m.
1002 1488 1154 1529 Oportere
1184 1488 1314 1518 diximus
1343 1487 1550 1530 Dionysiacos
1579 1493 1686 1518 canto-

238 1551 287 1572 res
316 1543 479 1583 sexaginta
506 1552 603 1572 annos
632 1547 721 1572 natos
746 1542 956 1584 rhythmorum
984 1548 1111 1572 naturas
1139 1542 1426 1582 harmoniarumque
1447 1541 1685 1572 constitutiones

239 1602 328 1628 acute
344 1598 468 1634 sentire,
486 1601 518 1627 ut
533 1596 563 1626 in
576 1596 717 1626 cantibus
731 1595 861 1627 affectus
876 1595 972 1626 animi
983 1596 1184 1631 imitantibus,
1202 1595 1290 1636 probi
1313 1595 1408 1625 animi
1431 1595 1620 1625 imitationes
1643 1595 1682 1626 ab

237 1650 462 1682 imitationibus
473 1650 606 1691 improbi
618 1659 780 1680 secernere
795 1650 935 1691 possint:
968 1655 1000 1680 et
1013 1650 1068 1680 has
1083 1649 1208 1691 quidem
1225 1649 1374 1691 rejiciant.
1397 1649 1468 1679 illas
1489 1649 1522 1679 in
1543 1648 1683 1680 medium

238 1704 391 1735 deductas
419 1704 652 1735 adolescentum
680 1704 800 1734 auribus
830 1703 1008 1739 concinant,
1035 1704 1221 1744 trahamque
1250 1713 1357 1733 eorum
1371 1703 1491 1733 animos
1508 1702 1682 1733 imitatione

237 1758 370 1799 quadam
386 1758 562 1799 perductos,
578 1757 618 1787 ad
632 1757 755 1787 virtutis
764 1757 864 1798 ipsius
884 1756 1122 1797 possessionem.
1166 1756 1242 1788 Cu.
1260 1756 1343 1787 Vera
1357 1757 1500 1798 loqueris.
1544 1754 1686 1788 Armen-

239 1805 436 1854 Quapropter
449 1811 640 1842 citharistam
655 1810 903 1852 discipulumque
918 1809 987 1851 ejus
1013 1815 1136 1851 oportet
1159 1810 1232 1852 lyrae
1254 1810 1382 1840 vocibus
1400 1810 1446 1840 uti
1468 1810 1534 1852 ejus
1556 1819 1685 1850 expres-

236 1866 331 1896 sionis
346 1867 455 1907 gratia,
471 1876 539 1906 quae
555 1875 594 1895 ex
606 1865 724 1895 canoris
738 1864 852 1894 fidibus
873 1864 1026 1905 provenit,
1048 1869 1081 1894 et
1105 1863 1232 1894 vocibus
1251 1874 1344 1894 voces
1363 1873 1514 1894 consonas
1537 1862 1685 1896 reddere.

236 1920 445 1951 diversitatem
463 1930 534 1950 vero
545 1919 788 1959 varietatemque
804 1919 888 1960 lyrae,
903 1928 975 1948 cum
988 1918 1066 1948 alios
1080 1917 1158 1948 fides
1171 1917 1314 1948 modulos
1329 1916 1470 1952 reddant,
1487 1917 1566 1948 alios
1583 1916 1682 1958 poeta

236 1979 346 2004 cantus
375 1974 474 2015 ipsius
501 1980 618 2008 auctor,
648 1977 682 2003 ut
709 1971 943 2013 spissitudinem
971 1976 1122 2012 praeterea
1144 1971 1273 2006 raritati,
1303 1970 1502 2001 velocitatem
1529 1969 1680 2006 tarditati,

236 2038 366 2058 acumen
383 2028 538 2068 gravitati,
554 2032 586 2057 et
600 2026 726 2056 omnino
741 2036 911 2056 consonum
926 2025 1017 2055 simul
1034 2031 1064 2055 et
1085 2025 1246 2056 dissonum
1271 2029 1428 2065 praestent,
1455 2024 1677 2066 rhythmorum-

234 2091 295 2121 que
311 2081 455 2111 universa
468 2080 602 2110 varietas
614 2079 686 2121 lyrae
702 2079 828 2110 vocibus
843 2079 1104 2113 accommodetur,
1119 2078 1229 2108 afferre
1255 2077 1320 2108 illis
1345 2087 1408 2108 non
1433 2077 1521 2113 licet,
1543 2078 1598 2118 qui
1625 2078 1681 2108 tri-

234 2135 328 2164 ennio
345 2134 512 2164 utilitatem
528 2134 651 2163 musicae
677 2139 749 2163 sunt
771 2133 862 2163 facile
890 2132 1081 2173 percepturi.
1103 2132 1257 2162 contraria
1281 2131 1366 2162 enim
1389 2141 1461 2162 cum
1486 2141 1520 2162 se
1545 2131 1677 2162 invicem

235 2187 439 2223 confundant,
455 2187 581 2217 difficile
597 2186 766 2217 discuntur.
788 2192 911 2227 oportet
926 2195 1041 2221 autem,
1057 2191 1090 2215 ut
1105 2186 1197 2215 facile
1208 2185 1341 2225 juvenes
1355 2185 1486 2216 discant.
1520 2195 1594 2215 nam
1617 2196 1678 2216 nec

232 2252 329 2283 parva
350 2252 409 2273 nec
431 2251 531 2282 pauca
556 2248 637 2277 suut,
653 2251 721 2281 quae
744 2240 923 2271 necessario
949 2240 1012 2270 illis
1034 2238 1243 2280 perdiscenda
1261 2238 1455 2268 mandamus.
1490 2239 1556 2269 haec
1571 2244 1675 2269 autern

231 2295 329 2326 oratio
344 2294 544 2336 progrediens
567 2305 636 2326 cum
663 2300 801 2334 ternpore
827 2294 918 2324 simul
942 2293 1098 2324 ostendet.
1131 2293 1196 2322 haec
1213 2291 1251 2322 de
1267 2291 1384 2322 musica
1399 2291 1542 2322 doctores
1566 2302 1676 2333 procu-

231 2354 313 2380 rent.
335 2359 404 2389 quae
418 2358 492 2378 vero
507 2348 601 2378 verba
622 2354 771 2378 cautusve
792 2348 972 2378 chorearum
987 2346 1124 2388 magistri
1139 2346 1250 2376 docere
1267 2345 1414 2381 debeant,
1429 2355 1467 2376 ea
1479 2345 1568 2376 nobis
1578 2346 1610 2376 in
1627 2356 1676 2376 su-

233 2402 402 2443 perioribus
420 2401 568 2432 distincta
579 2407 661 2439 sunt,
686 2401 782 2443 [813]
808 2412 876 2442 quae
893 2400 1068 2431 dedicanda
1091 2399 1252 2431 commode
1273 2399 1517 2430 solemnitatibus
1531 2400 1676 2435 diximus,

233 2464 267 2486 ut
289 2466 352 2486 una
375 2466 445 2486 cum
471 2456 556 2486 felici
578 2457 809 2486 oblectamento
831 2456 998 2486 utilitatem
1024 2464 1149 2496 quoque
1175 2454 1351 2484 civitatibus
1382 2453 1551 2494 praebeant·
1597 2453 1674 2484 Cu.

233 2509 312 2540 Vere
329 2510 394 2540 haec
410 2509 505 2540 etiam
519 2509 698 2540 distinxisti.
740 2510 877 2540 Arnas.
900 2508 977 2539 Ila-c
992 2509 1096 2549 itaque
1114 2518 1183 2538 vere
1197 2507 1344 2538 distincta
1358 2507 1477 2538 electus
1491 2507 1530 2538 ad
1546 2507 1673 2538 Musam

231 2563 429 2604 magistratus
441 2563 591 2604 suscipiat
606 2569 755 2605 curetque
770 2562 913 2594 feliciter.
935 2573 991 2593 uos
1011 2573 1094 2598 vero,
1122 2563 1201 2592 sicut
1223 2561 1347 2592 musicae
1374 2559 1511 2592 docendi
1533 2559 1674 2597 modum,

230 2617 283 2657 qui
298 2618 442 2653 restabat,
458 2617 638 2658 adjecimus,
654 2617 699 2647 ita
712 2627 794 2647 nunc
809 2616 968 2646 saltationi
984 2622 1016 2646 ct
1036 2616 1188 2646 universae
1211 2614 1347 2655 corporis
1368 2613 1580 2655 gymnastico,
1603 2623 1674 2644 cum

229 2669 310 2700 idem
324 2670 472 2710 reliquum
489 2670 542 2710 sit,
568 2670 651 2700 idem
676 2680 800 2712 quoque
825 2669 1020 2710 adjiciamus
1066 2679 1178 2711 pueros
1207 2668 1323 2699 etenim
1348 2667 1530 2709 puellasque
1552 2672 1677 2708 oportet

227 2723 396 2764 tripudium
410 2728 441 2753 et
454 2724 679 2764 gymnasticam
698 2724 829 2755 discere.
853 2724 978 2754 nonne?
1025 2723 1099 2754 Cu.
1122 2723 1173 2753 Sic
1196 2727 1329 2763 oportet.
1372 2721 1508 2752 Arnen.
1531 2720 1675 2751 saltandi

229 2776 323 2818 igitur
339 2776 473 2817 magistri
485 2777 589 2817 pueris
598 2787 634 2808 ac
648 2778 764 2819 puellis
779 2777 930 2818 magistrae
947 2778 1070 2814 dentur,
1105 2783 1139 2807 ut
1175 2776 1220 2807 his
1242 2782 1316 2816 apte
1339 2780 1551 2806 exerceantur.
1595 2774 1674 2806 Cu.

229 2830 351 2861 Dentur
367 2839 498 2870 prorsus
544 2830 681 2862 Arum.
698 2831 819 2862 Rursus
832 2831 928 2862 virum
946 2831 1033 2861 illum
1050 2831 1181 2872 plurima
1194 2830 1321 2871 negotia
1334 2828 1506 2859 subiturum
1519 2838 1674 2863 vocemus,

229 2883 368 2924 pueritia:
384 2889 571 2915 curatorem:
599 2885 735 2925 quicum
751 2891 784 2916 et
810 2886 934 2916 musica„¹
955 2891 986 2917 ct
1010 2885 1210 2926 gymnasticae
1235 2893 1336 2915 curam
1363 2882 1486 2919 habeat,
1512 2892 1671 2924 nunquam
