1840 3225
129 264 226 313 598]
546 262 617 299 DE
651 260 953 299 REPUBLICA
986 261 1083 301 LIB.
1115 263 1163 301 X.
1515 263 1592 299 ⁴223

133 378 289 410 quaquam
305 368 405 399 facere
422 377 504 408 vcra,
529 377 598 407 qnae
614 365 700 402 facit,
715 374 894 406 quanquam
918 370 949 395 et
971 365 1077 407 aliquo
1102 371 1192 406 pacto
1217 365 1316 406 pictor
1332 374 1456 406 quoque
1473 364 1588 396 lectum

132 422 220 454 facit.
242 433 281 454 an
298 423 386 453 non?
431 421 546 453 Grau.
571 420 659 451 Facit
672 420 800 461 quidem
816 424 848 449 et
870 419 940 461 istc,
956 419 1010 450 sed
1034 425 1247 461 apparentem.
1273 418 1369 460 [597]
1395 419 1450 451 So.
1475 417 1591 449 Nonne

134 477 273 513 dicebas,
288 477 372 519 quod
390 476 463 507 lecti
487 475 573 506 faber
587 473 722 515 speciem
745 473 871 514 quidem
895 473 993 514 ipsam
1020 484 1082 504 non
1099 474 1184 510 facit,
1199 485 1291 515 quam
1309 484 1375 504 esse
1390 473 1523 505 dicimus
1547 473 1592 509 id,

134 532 221 573 quod
237 531 334 562 lectus
349 535 407 566 est,
421 530 475 560 sed
492 529 607 560 lectum
623 528 758 570 aliquem
772 529 782 558 ?
821 528 935 559 GLAU.
960 528 1114 559 Dicebam
1131 529 1288 570 equidem.
1321 529 1378 558 So.
1401 528 1434 558 Si
1449 528 1592 569 id‚quod

134 591 193 622 est,
210 596 272 616 non
288 585 374 621 facit,
391 585 473 614 haud
490 593 576 619 sane,
592 583 677 624 quod
694 593 764 613 vere
780 588 838 619 est,
854 582 942 619 facit,
959 582 1013 612 scd
1029 583 1090 613 tale
1106 582 1234 624 aliquid,
1249 581 1340 623 quale
1352 583 1435 622 quod
1454 592 1522 612 vere
1532 586 1591 618 est,

133 651 196 670 non
212 645 314 670 tamen
330 638 442 680 ipsum,
458 638 543 678 quod
560 642 607 668 est
622 647 652 667 re
669 647 751 667 vera.
774 636 912 678 perfecte
928 641 1033 667 autern
1048 647 1113 667 esse
1130 636 1208 666 fabri
1224 641 1278 666 aut
1289 636 1435 667 lectorum
1450 641 1504 666 ant
1515 636 1594 666 alio·

133 705 198 725 runi
215 692 411 724 artificiorum
428 702 507 733 opus
523 691 549 721 si
571 691 642 732 quis
664 690 787 727 dixerit,
811 691 985 721 aberrabit?
1033 690 1147 721 Grau.
1170 690 1258 730 Non,
1273 695 1307 720 ut
1322 690 1443 720 videtur
1466 690 1525 728 his,
1541 690 1595 731 qui

131 748 165 779 in
178 747 443 789 disputationibus
455 745 541 776 hisce
558 750 727 776 versantur.
773 743 828 777 So.
854 744 941 775 Nihil
959 745 1065 775 mirum
1091 745 1196 786 igitur,
1213 745 1237 776 si
1253 749 1285 775 et
1300 745 1360 775 hoc
1375 744 1414 774 ad
1431 744 1593 775 veritatem

132 808 180 833 est
194 807 288 833 tenue
303 811 339 832 ac
354 801 509 831 frivolum.
554 799 671 830 GLAU.
696 798 770 829 Non
787 804 881 830 certe.
928 799 985 829 SO.
1008 799 1067 830 Vis
1089 799 1119 829 in
1138 798 1205 830 istis
1219 809 1344 840 quoque
1360 798 1595 839 investigemus,

132 856 202 898 quis
227 855 365 886 imitator
390 855 448 886 iste
472 854 513 884 sit
527 855 537 884 ?
584 853 698 884 GLAu.
723 853 756 883 Si
784 853 898 894 placet.
943 854 998 885 So.
1023 853 1140 884 Nonne
1167 859 1227 884 tres
1250 853 1281 883 hi
1306 853 1379 884 lecti
1394 853 1491 883 sunt?
1516 863 1594 883 unus

132 910 259 952 quidem
276 909 307 940 in
324 914 433 940 natura
458 909 527 950 ipsa
542 907 704 944 exsistens,
720 918 813 949 quem
829 908 935 939 Deum
963 908 1114 945 dicemus,
1143 913 1176 938 ut
1190 908 1329 945 arbitror,
1343 907 1496 939 effecisse.
1519 918 1592 937 num

130 965 225 996 alium
255 964 454 1006 quenquam?
501 963 616 994 Grau.
652 962 794 993 Nullum.
840 963 897 993 So.
930 962 1032 1004 Alter,
1062 974 1154 1005 quem
1183 963 1269 993 saber
1296 961 1434 993 conficit.
1478 961 1593 993 Grau.

130 1019 241 1051 Plane.
287 1019 344 1050 So.
365 1018 488 1050 Tertius
505 1028 588 1054 vero,
603 1028 694 1058 quem
708 1017 819 1058 pictor.
842 1017 972 1048 nonne?
1019 1017 1136 1049 Gmu.
1161 1016 1229 1047 Est.
1275 1017 1331 1047 So.
1355 1016 1462 1047 Pictor
1476 1016 1594 1057 itaque,

133 1074 206 1106 lecti
221 1073 306 1105 faber
322 1079 354 1104 et
369 1073 459 1104 Deus
475 1078 533 1103 tres
550 1078 633 1111 sunt,
651 1072 746 1102 tribus
770 1071 919 1102 lectorum
935 1072 1099 1113 speciebus
1123 1071 1338 1113 praesidentes.
1384 1070 1498 1101 GLAU.
1520 1070 1596 1100 Tres

133 1128 252 1169 utique.
297 1128 353 1159 So.
378 1127 466 1159 Deus
479 1127 585 1169 igitur,
601 1126 663 1156 sive
680 1126 755 1168 quia
770 1126 908 1162 nolebat,
926 1126 989 1157 sive
1005 1127 1079 1167 quia
1094 1126 1199 1168 aliqua
1211 1125 1380 1157 necessitas
1394 1125 1506 1162 inerat,
1528 1135 1592 1154 non

130 1182 235 1223 plures
250 1182 359 1218 lectos,
376 1182 429 1213 sed
446 1193 540 1212 unum
567 1181 599 1212 in
618 1189 725 1211 natura
742 1182 781 1211 ab
806 1192 843 1211 eo
868 1181 983 1212 lectum
1000 1181 1077 1217 fieri,
1100 1181 1143 1212 ita
1158 1181 1257 1211 solum
1285 1181 1385 1221 ipsum
1402 1191 1498 1210 unum
1521 1179 1597 1211 fecit

132 1237 262 1278 lectum,
277 1237 330 1278 qui
347 1247 420 1267 sane
435 1242 481 1267 est
496 1236 541 1272 id,
557 1236 641 1277 quod
659 1241 706 1266 est
721 1235 831 1266 lectus·
856 1236 919 1266 duo
935 1241 1038 1266 autem
1065 1236 1142 1266 tales
1158 1241 1210 1266 aut
1234 1235 1338 1277 plures
1354 1246 1372 1266 a
1388 1235 1460 1265 Deo
1475 1245 1593 1275 neque·

130 1292 206 1322 dum
221 1291 318 1333 geniti
333 1297 406 1322 sunt
420 1301 522 1332 neque
538 1291 715 1332 gignentur.
761 1289 877 1321 GLAu.
899 1289 972 1327 Qua
982 1290 1125 1320 ratione?
1171 1290 1226 1321 So.
1250 1289 1336 1326 Quia
1348 1290 1374 1320 si
1387 1290 1466 1320 duos
1479 1289 1595 1320 faceret

132 1346 227 1382 solos,
245 1357 324 1376 unus
340 1346 461 1382 iterum,
478 1344 568 1386 cujus
584 1345 676 1375 ambo
692 1345 842 1376 haberent
852 1344 1001 1386 speciem,
1011 1349 1193 1386 appareret:
1218 1344 1350 1385 ipseque
1361 1349 1441 1374 esset
1453 1343 1593 1384 id,quod

129 1400 295 1437 lectusest‚
309 1411 371 1431 non
384 1405 487 1430 autern
496 1399 559 1429 duo
571 1398 618 1430 illi
627 1399 658 1430 id
667 1405 779 1432 essent.
803 1399 918 1430 GLAu.
933 1399 1027 1431 Scite.
1052 1400 1109 1430 So.
1125 1398 1203 1430 Haec
1212 1409 1282 1429 cum
1293 1397 1482 1439 intelligeret
1492 1397 1594 1433 Deus,

131 1454 286 1497 velletque
303 1465 391 1486 verus
413 1465 479 1485 esse
502 1460 609 1485 auctor
634 1454 698 1485 veri
724 1453 809 1490 lecti,
835 1465 898 1485 non
924 1460 1027 1485 autem
1055 1453 1127 1485 lecti
1151 1453 1313 1494 cujusdam
1331 1458 1438 1484 auctor
1453 1453 1593 1494 quidam,

132 1520 229 1540 unum
254 1509 408 1539 duntaxat
432 1514 542 1539 natura
568 1508 747 1550 progenuit.
794 1508 909 1540 GLAu.
934 1508 1080 1540 Videtur.
1125 1509 1180 1539 So.
1203 1508 1260 1539 Vis
1284 1519 1357 1549 ergo
1388 1508 1471 1538 hunc
1500 1506 1594 1547 hujus

131 1563 338 1605 plantatorem
361 1563 410 1594 vel
427 1564 488 1594 tale
504 1563 622 1604 aliquid
638 1563 858 1604 appellemus?
904 1563 1021 1594 Gmu.
1045 1562 1106 1594 Par
1121 1568 1168 1594 est
1183 1574 1189 1592 z
1214 1561 1469 1604 quandoquidem
1485 1566 1595 1591 natura

133 1624 165 1649 et
194 1619 254 1649 hoc
278 1624 311 1649 et
336 1618 397 1649 alia
411 1617 515 1648 omnia
530 1617 616 1649 fecit.
661 1617 717 1648 So.
741 1617 874 1649 Fabrum
892 1628 963 1649 vero
979 1628 1084 1648 nonne
1101 1617 1175 1648 lecti
1198 1616 1367 1659 opificem?
1415 1615 1530 1647 GLAu.
1554 1614 1595 1645 Et

131 1673 203 1704 hoc.
247 1672 304 1703 So.
326 1671 412 1703 Num
435 1678 468 1703 et
482 1672 633 1714 pictorem
648 1683 775 1714 quoque
798 1673 947 1704 factorem
975 1671 1068 1714 hujus
1092 1672 1193 1714 operis
1216 1677 1248 1702 et
1262 1671 1432 1713 opificem?
1479 1670 1598 1701 GLAu.

131 1726 230 1757 Nullo
245 1727 352 1758 modo.
397 1727 453 1758 So.
475 1727 520 1757 At
542 1727 701 1768 quomodo
727 1728 766 1758 ad
790 1727 906 1758 lectum
932 1728 1045 1759 habere
1072 1738 1105 1758 se
1130 1727 1239 1758 dices?
1287 1725 1402 1758 GLAu.
1425 1724 1597 1766 Aptissime

131 1781 195 1813 dici
210 1781 285 1812 mihi
307 1791 397 1823 posse
413 1781 535 1812 videtur
549 1781 687 1812 imitator
703 1781 783 1823 ejus,
800 1781 890 1823 cujus
906 1782 1036 1824 opifices
1051 1781 1097 1812 illi
1113 1781 1271 1813 dicuntur.
1316 1780 1372 1812 So.
1395 1779 1477 1821 Ergo
1492 1779 1597 1810 imita-

132 1841 228 1867 torem
248 1846 337 1868 vocas
352 1847 436 1873 eum,
458 1835 513 1877 qui
537 1836 661 1867 tertium
686 1847 703 1867 a
727 1843 837 1867 natura
859 1836 962 1867 facit?
1008 1835 1124 1867 GLAU.
1148 1835 1263 1868 Valde.
1309 1835 1364 1866 So.
1385 1834 1470 1865 Talis
1485 1833 1595 1874 utique

129 1891 186 1921 erit
201 1896 233 1922 et
249 1891 383 1933 tragicus
399 1902 405 1920 :
431 1891 583 1932 siquidem
599 1896 646 1922 est
662 1891 808 1927 imitator,
826 1891 934 1922 tertius
949 1890 1078 1932 quidam
1102 1901 1120 1920 a
1135 1900 1206 1931 rege
1222 1894 1253 1920 et
1268 1890 1397 1920 veritate
1411 1901 1418 1918 ;
1440 1887 1595 1918 similiter-

135 1955 197 1986 que
213 1945 266 1975 alii
281 1956 389 1976 omnes
404 1945 587 1976 imitatores.
634 1944 749 1976 GLAu.
773 1945 927 1987 Apparet.
974 1945 1032 1976 So.
1054 1944 1106 1975 De
1129 1945 1282 1975 imitatore
1296 1944 1422 1985 quidem
1438 1941 1597 1974 consensi-

134 2009 212 2031 mus.
239 2000 337 2042 [598]
362 2000 415 2030 sed
433 2000 472 2030 de
490 1999 607 2040 pictore
622 1999 696 2030 mihi
712 2000 798 2031 dicas
814 2000 919 2036 velim,
935 2007 1037 2030 utrum
1053 2000 1156 2041 ipsum
1172 1999 1428 2040 unumquodque,
1443 1997 1527 2038 quod
1549 2001 1597 2027 est

131 2054 162 2083 in
178 2059 299 2090 natura,
315 2053 426 2084 imitari
450 2054 634 2090 contendas,
650 2054 698 2085 vel
724 2055 874 2086 artificum
891 2055 1008 2096 opera?
1055 2054 1172 2085 GLAU.
1196 2052 1360 2084 Artificum
1385 2062 1492 2094 opera.
1537 2051 1593 2082 So.

133 2107 244 2138 Utrum
269 2108 376 2150 qualia
399 2108 494 2138 sunt?
519 2108 567 2138 vel
595 2108 700 2150 qualia
726 2109 815 2139 nobis
843 2109 1018 2150 apparent?
1042 2110 1102 2140 hoc
1132 2113 1280 2149 praeterea
1305 2107 1381 2137 mihi
1408 2106 1592 2147 distinguas.

129 2162 242 2193 GLAU.
267 2162 436 2199 Quomodo
454 2162 535 2192 istud
551 2163 617 2192 ais?
663 2163 718 2193 So.
741 2164 804 2195 Sic.
821 2164 920 2195 lectus
935 2164 1075 2205 quidem,
1092 2163 1156 2193 sive
1171 2173 1209 2193 ex
1224 2162 1351 2202 obliquo
1365 2172 1418 2192 seu
1433 2172 1450 2191 e
1465 2160 1592 2201 regione

133 2222 274 2248 cernatur
289 2228 342 2248 seu
360 2217 469 2259 quovis
484 2217 545 2247 alio
570 2218 676 2254 modo,
692 2217 836 2258 nunquid
861 2229 879 2248 a
896 2229 928 2248 se
951 2218 1020 2258 ipso
1044 2217 1172 2248 differt?
1196 2216 1243 2247 vel
1260 2216 1357 2246 nihilo
1373 2215 1487 2251 differt,
1505 2214 1594 2245 aliter

130 2281 201 2302 vero
216 2271 339 2302 videtur
354 2271 524 2312 dispositus
539 2271 629 2301 aliter
644 2271 861 2302 intuentibus?
887 2276 1052 2312 ceteraque
1062 2271 1213 2302 similiter.
1258 2270 1374 2301 GLAu.
1397 2269 1449 2300 Sic
1461 2273 1591 2310 apparet

129 2325 255 2366 quidem
269 2337 275 2355 z
301 2325 405 2356 differt
418 2331 522 2356 autem
539 2326 648 2356 nihilo.
693 2326 747 2357 So.
771 2326 995 2357 Animadverte
1011 2332 1043 2357 et
1056 2326 1138 2356 istud
1153 2338 1159 2355 z
1185 2325 1260 2367 quid
1271 2324 1302 2355 in
1315 2325 1443 2366 singulis
1455 2324 1592 2355 intendit

132 2379 257 2419 pictoris
282 2380 457 2411 industria?
482 2385 596 2417 utrum,
611 2385 646 2410 ut
672 2391 708 2412 sa
733 2381 861 2416 habent,
890 2391 936 2412 res
964 2380 1102 2422 singulas
1129 2379 1266 2411 imitari?
1290 2390 1329 2410 an
1358 2379 1443 2421 quod
1459 2383 1591 2419 apparet

130 2433 247 2474 potius,
264 2439 298 2464 ut
313 2434 468 2475 apparet?
491 2434 635 2475 imaginis
651 2435 829 2476 apparentis
846 2435 893 2466 vel
910 2436 1045 2466 veritatis
1060 2435 1164 2476 potius
1180 2434 1313 2465 imitatio
1327 2434 1338 2463 ?
1384 2432 1498 2464 GLAu.
1523 2433 1590 2473 Ap-

131 2487 266 2529 parentis
282 2487 436 2529 imaginis.
480 2489 535 2519 So.
559 2488 674 2519 Procul
689 2489 783 2531 igitur
798 2500 817 2520 a
833 2501 904 2521 vero
926 2496 973 2521 est
988 2490 1124 2521 imitator
1139 2502 1145 2519 ;
1171 2494 1276 2530 atque,
1295 2493 1328 2518 ut
1342 2487 1476 2524 videtur,
1492 2497 1590 2528 prop-

131 2548 214 2573 terea
227 2543 331 2573 omnia
354 2547 458 2584 potest
480 2543 593 2580 facere,
608 2543 682 2585 quia
705 2544 851 2585 exiguum
878 2545 1026 2588 quiddam
1055 2544 1208 2586 cujusque
1233 2542 1361 2584 attingit
1383 2541 1595 2577 simulacrum.

130 2598 392 2638 quemadmodum
411 2597 509 2639 pictor
525 2597 632 2639 pinget
648 2598 736 2629 nobis
751 2599 926 2640 coriarium,
941 2600 1059 2630 fabrum
1085 2604 1116 2630 et
1132 2597 1259 2639 opifices
1274 2597 1364 2634 alios,
1379 2606 1450 2628 cum
1465 2596 1542 2626 nihil
1556 2595 1589 2626 in

131 2651 247 2682 artibus
263 2651 309 2683 his
326 2651 500 2693 intelligat:
526 2657 741 2690 veruntamen,
764 2654 789 2684 si
805 2654 922 2695 peritus
948 2654 989 2685 sit
1005 2654 1116 2695 pictor,
1139 2651 1383 2694 expresseritque
1397 2650 1476 2682 fabri
1488 2650 1588 2692 ipsius

130 2704 311 2747 imaginem,
325 2716 418 2748 quarn
435 2706 543 2747 procul
559 2707 717 2747 ostendat,
730 2718 843 2748 pueros
855 2709 1078 2750 dementesque
1089 2706 1281 2738 hominesita
1292 2704 1443 2747 decipiet,
1455 2710 1490 2735 ut
1501 2714 1589 2736 verus

132 2768 197 2789 esse
213 2759 299 2791 faber
312 2760 373 2791 illis
388 2766 550 2802 appareat.
596 2760 711 2792 GLAU.
735 2761 879 2799 Quidni?
924 2763 981 2794 So.
1005 2761 1163 2798 Ceterum,
1177 2772 1196 2792 o
1209 2760 1320 2802 amice,
1330 2760 1390 2791 hoc
1401 2759 1432 2790 in
1443 2758 1588 2800 hujusce-

135 2812 220 2842 modi
234 2815 377 2845 0mnibus
392 2815 605 2856 cogitandum.
622 2816 768 2857 quotiens
782 2816 894 2859 aliquis
920 2817 1010 2848 nobis
1025 2817 1065 2847 de
1082 2817 1141 2847 hoc
1156 2816 1227 2857 ipso
1242 2814 1377 2850 nuntiat,
1393 2823 1425 2844 se
1443 2812 1589 2843 videlicet

132 2865 252 2896 homini
266 2869 433 2900 occurrisse
454 2870 489 2900 in
506 2869 650 2900 omnibus
666 2870 783 2901 artibus
804 2872 938 2908 erudito,
958 2870 1240 2913 perfectissimeque
1262 2879 1325 2911 prae
1348 2867 1457 2900 ceteris
1471 2865 1588 2896 intelli-

135 2919 231 2960 genti,
246 2930 440 2964 quaeeunque
455 2924 533 2954 alius
545 2923 647 2966 quivis
662 2924 818 2967 intelligat
831 2937 836 2955 :
862 2926 935 2958 huic
951 2925 1091 2968 protinus
1107 2923 1369 2966 respondendum,
1385 2921 1466 2962 quod
1482 2920 1585 2950 fatuus

135 2979 192 3010 est,
209 2979 240 3004 et
255 2974 286 3005 in
303 2985 446 3016 magnum
459 2978 616 3018 quendam
631 2979 882 3021 praestigiatorem
895 2980 1018 3016 incidit,
1031 2978 1120 3020 cujus
1131 2977 1356 3010 imitationibus
1368 2980 1414 3006 est
1424 2974 1587 3015 deceptus,
