1840 3225
186 229 279 280 105]
656 234 728 273 DE
759 233 939 271 ANlMA
971 230 1171 272 MUNDl.
1571 227 1651 266 469

180 339 246 372 cet,
262 337 475 378 gymnastices
490 337 676 379 adjumento
690 342 723 368 et
739 336 901 368 medicinae
915 347 921 365 z
947 336 980 366 in
996 336 1102 367 animo
1113 340 1231 372 autem,
1245 333 1431 366 eruditionis
1454 337 1487 363 et
1507 332 1649 374 philoso-

183 389 267 430 phiae
283 389 448 422 beneficio.
493 391 552 422 Hae
565 392 652 422 enim
662 391 828 422 facultates
841 389 988 420 nutriunt
999 395 1033 421 et
1046 389 1194 419 roborant
1207 389 1404 430 tum-animos
1420 392 1487 418 tum
1508 395 1649 427 corpora,

184 443 357 480 laboribus,
378 445 668 482 exercitationibus,
692 455 829 486 puraque
844 444 944 475 victus
956 444 1078 474 ratione
1097 455 1103 472 :
1129 442 1280 473 adhibitis
1295 442 1406 483 partim
1432 440 1649 471 medicamen-

182 496 224 527 tis
238 497 279 528 ad
293 509 407 540 corpus
422 498 626 530 reficiendum
643 504 738 540 atque
752 497 1005 533 instaurandum,
1020 495 1134 537 partim
1158 495 1255 526 animi
1277 495 1488 529 institutione,
1512 493 1648 534 castiga-

184 550 322 582 tionibus
336 558 370 583 et
382 552 692 594 reprehensionibus,
704 552 904 583 corroborant
917 551 1004 582 enim
1015 550 1165 586 animum,
1179 549 1257 579 dum
1272 548 1524 580 cohortationum
1532 547 1652 578 aculeis

183 604 271 636 illius
278 605 434 648 impetum
446 607 650 642 exsuscitant,
662 606 760 648 [104]
773 612 805 637 et
817 605 859 636 ad
871 604 1054 636 commodas
1062 604 1305 644 fructuosasque
1317 602 1459 633 actiones
1471 601 1651 642 impellunt.

187 658 338 690 Unctoria
350 660 448 701 igitur
459 669 517 696 ara,
533 666 566 691 et
580 671 650 702 quae
663 660 735 692 huic
751 664 888 701 cognata
899 665 947 690 est
962 658 1137 695 Medicina,
1154 657 1337 699 corporibus
1350 655 1497 688 curandis
1511 654 1650 685 destina-

185 718 217 743 ta
241 719 290 744 est
307 724 315 743 :
340 713 442 754 adque
465 715 615 756 optimam
643 714 836 745 harmoniam
863 713 1032 745 facultates
1057 712 1127 743 illas
1142 712 1314 748 adducens,
1328 721 1439 752 purum
1465 709 1652 750 sanguinem

182 767 392 809 spiritumque
418 768 567 810 expedite
582 769 733 800 fluentem
754 767 879 799 reddit:
909 774 945 798 ut
970 766 1078 808 siquid
1099 766 1196 797 etiam
1209 765 1390 796 morbosum
1405 764 1516 800 subsit,
1538 764 1653 795 validis

180 821 247 852 illis
259 822 420 863 sanguinis
431 823 621 864 spiritusque
637 822 839 854 facultatibus
853 821 888 852 id
904 821 1031 852 valeant
1041 821 1221 862 pervincere
1238 827 1332 860 atque
1356 819 1534 860 profligare.
1577 818 1597 849 J
1600 827 1652 848 am

181 885 256 906 vero
272 875 399 908 Musica
414 882 448 908 et
462 877 556 919 hujus
572 876 636 908 dux
653 876 862 918 Philosophia
884 877 923 907 ad
948 875 1042 906 animi
1061 874 1318 905 emendationem
1342 883 1361 904 a
1385 873 1443 903 diis
1466 873 1651 913 legibusque

182 930 365 961 constitutae
378 931 592 962 assuefaciunt
601 937 634 962 et
645 931 780 961 suadent
793 936 827 961 et
840 935 959 971 cogunt
970 935 1094 971 partem
1103 929 1201 960 animi
1213 933 1376 969 expertem
1390 927 1519 957 rationis
1529 927 1651 957 obtem-

184 994 296 1025 perare
321 985 433 1015 rationi
447 997 453 1015 ;
479 985 510 1016 ei
523 991 628 1016 autem
643 985 726 1027 parti
739 995 810 1026 quae
823 985 865 1015 sit
878 994 990 1026 expers
1000 983 1143 1020 rationis,
1153 988 1355 1013 mansuetam
1367 992 1437 1012 esse
1454 981 1652 1021 cicuramque

184 1038 270 1068 Iram
284 1050 290 1067 t
317 1038 549 1079 Cupiditatem,
577 1040 739 1080 quiescere
755 1050 761 1068 z
787 1039 939 1069 hactenus
965 1038 1116 1068 videlicet
1141 1042 1177 1067 ut
1200 1037 1274 1078 ipsae
1295 1046 1355 1066 nec
1385 1036 1502 1076 absque
1529 1034 1652 1065 ratione

184 1098 378 1129 moveantur,
401 1103 461 1123 nec
487 1102 596 1124 contra
617 1093 793 1134 quiescant,
806 1102 904 1134 quum
917 1092 1004 1133 ipsas
1016 1091 1113 1121 Mens
1121 1091 1173 1121 vel
1184 1091 1222 1120 ad
1236 1090 1379 1121 actiones
1395 1089 1446 1119 vel
1461 1088 1502 1119 ad
1516 1088 1653 1119 fructum

183 1146 357 1188 voluptatis
373 1147 600 1187 provocaverit.
621 1147 682 1177 Ille
696 1147 781 1178 enim
796 1152 845 1177 est
857 1146 1076 1187 temperantiae
1090 1145 1252 1181 terminus,
1268 1143 1459 1175 Obedientia
1472 1148 1503 1172 et
1514 1142 1653 1173 toleran-

183 1200 238 1230 tia.
284 1200 346 1231 Sed
373 1206 407 1231 et
421 1201 630 1241 intelligentia
645 1206 678 1232 et
691 1201 821 1242 antiqua
836 1201 890 1231 illa
904 1206 1100 1241 augustaque
1117 1199 1315 1240 philosophia
1329 1202 1470 1228 mentem
1491 1195 1654 1227 mendaci-

183 1254 244 1284 bus
258 1255 468 1297 inanibusque
482 1255 683 1297 opinionibus
699 1260 915 1296 expurgatam,
933 1260 966 1285 et
981 1264 1020 1284 ex
1031 1263 1148 1294 magna
1163 1252 1343 1294 ignorantia
1354 1256 1533 1283 revocatam
1545 1250 1654 1281 Scien-

186 1308 239 1339 tia:
270 1309 468 1346 dedicarunt,
497 1319 628 1351 eamque
656 1309 695 1340 ad
719 1319 826 1340 rerum
853 1308 1032 1339 divinarum
1056 1307 1361 1348 contemplationem
1390 1310 1568 1336 erexerunt.
1614 1304 1655 1334 In

183 1372 312 1403 quarum
325 1374 429 1394 rerum
444 1363 625 1405 cognitione
640 1363 742 1405 siquis
753 1364 800 1394 ita
812 1368 954 1394 versetur
967 1368 1002 1393 ut
1017 1362 1154 1393 animum
1169 1366 1257 1401 gerat
1267 1371 1326 1391 sua
1350 1367 1433 1391 sorte
1457 1363 1653 1395 contentum¹

184 1416 400 1458 humanosque
428 1428 520 1449 casus
543 1419 600 1448 sub
625 1428 658 1448 se
673 1417 793 1458 positos
804 1417 929 1453 habeat,
945 1422 976 1447 et
989 1417 1022 1447 in
1038 1417 1096 1447 hac
1113 1415 1210 1446 animi
1233 1415 1381 1455 aequitate
1406 1413 1496 1455 quasi
1517 1412 1655 1443 secundo

185 1471 313 1502 flumine
335 1471 376 1502 ad
390 1472 587 1503 moderatam
602 1477 870 1513 temperatamque
883 1471 980 1502 vitam
995 1471 1123 1512 aspiret,
1138 1470 1165 1500 is
1177 1469 1321 1511 profecto
1333 1468 1414 1498 viam
1425 1468 1586 1509 ingressus
1609 1472 1658 1497 est

186 1530 282 1556 certae
306 1525 478 1557 felicitatis.
501 1527 543 1557 Et
558 1532 641 1557 certe
658 1527 686 1557 is
702 1527 751 1558 cui
768 1526 859 1557 Deus
873 1526 931 1556 has
947 1530 1046 1556 sortes
1062 1524 1249 1560 attribuerit,
1258 1533 1315 1564 per
1327 1522 1518 1553 verissimam
1531 1521 1654 1563 opinio-

185 1590 257 1610 nem
271 1580 312 1610 ad
336 1580 551 1611 felicissimam
566 1580 662 1611 vitam
675 1580 852 1611 deducitur.
875 1580 903 1611 si
915 1580 986 1621 quis
1001 1584 1109 1610 contra
1121 1579 1219 1610 durus
1235 1584 1269 1608 et
1281 1577 1463 1619 praefractus
1475 1576 1579 1612 fuerit,
1593 1586 1654 1607 nec

183 1634 388 1664 sanctissimis
401 1634 465 1665 illis
479 1635 647 1676 praeceptis
663 1635 797 1665 voluerit
813 1644 933 1676 parere,
951 1645 1021 1665 eum
1038 1644 1130 1675 poena
1146 1637 1357 1680 consequetur
1380 1638 1445 1662 tum
1469 1641 1507 1661 ex
1530 1630 1655 1670 legibus

185 1693 253 1718 tum
268 1698 305 1718 ex
321 1688 442 1719 illorum
460 1698 636 1719 sermonum
647 1689 779 1719 vocibus
795 1698 865 1729 quae
883 1693 915 1718 et
931 1688 1076 1719 coelestes
1099 1693 1131 1718 et
1154 1687 1292 1717 infernas
1312 1696 1420 1728 poenas
1445 1684 1652 1716 denuntiant:

185 1741 338 1773 Infelices
368 1742 516 1774 videlicet
543 1752 654 1773 manes
681 1742 896 1783 implacabilia
924 1742 1083 1783 supplicia
1105 1750 1233 1771 manere
1249 1752 1254 1769 :
1281 1747 1313 1770 et
1338 1739 1401 1770 alia
1428 1748 1498 1780 quae
1524 1738 1655 1769 Ionicus

185 1795 282 1837 poeta
305 1797 430 1838 scripsit
455 1807 495 1827 ex
518 1802 626 1827 vetere
641 1796 794 1827 memoria
815 1796 962 1837 repetita,
988 1806 1024 1826 ex
1051 1805 1183 1836 quorum
1208 1794 1320 1825 auditu
1343 1793 1466 1824 animos
1491 1793 1656 1823 hominum

185 1850 288 1881 voluit
309 1851 349 1880 ad
373 1850 561 1891 religionem
583 1850 816 1891 puritatemque
840 1850 1018 1880 informare.
1041 1860 1104 1890 quo
1129 1859 1204 1879 sane
1232 1849 1361 1879 nomine
1379 1848 1463 1878 illius
1489 1846 1655 1878 consilium

185 1903 296 1946 probo.
318 1903 588 1945 quemadmodum
602 1905 689 1934 enim
704 1914 837 1945 corpora
858 1903 1008 1935 remediis
1031 1902 1216 1944 quibusdam
1229 1902 1386 1933 morbosis
1408 1912 1569 1938 sanamus,
1596 1900 1657 1930 nisi

185 1959 301 1990 cedant
313 1959 532 1995 saluberrimis,
545 1959 590 1989 ita
605 1964 639 1990 et
653 1959 774 1989 animos
785 1959 874 1989 falsis
889 1958 1087 1989 sermonibus
1101 1957 1296 1992 co'e'rcemuffi
1312 1956 1372 1987 nisi
1388 1956 1544 1986 ducantur
1561 1954 1655 1986 veris.

186 2012 257 2043 Hac
271 2012 365 2054 igitur
380 2012 419 2043 de
441 2022 538 2044 causa
563 2013 623 2043 hoc
651 2012 854 2049 concedatur,
875 2013 959 2053 quod
980 2011 1157 2042 necessario
1182 2015 1465 2041 commemorentur
1490 2009 1656 2051 peregrina

184 2066 353 2108 supplicia,
369 2067 459 2108 quasi
474 2066 587 2097 animae
614 2066 821 2106 commigrent
850 2066 931 2096 ultro
959 2066 1100 2106 citroque
1121 2065 1155 2095 in
1183 2066 1271 2096 varia
1294 2075 1423 2106 corpora
1437 2075 1444 2093 z
1468 2063 1653 2104 ignavorum

184 2121 326 2162 quidem,
352 2121 387 2151 in
403 2130 533 2162 corpora
549 2119 725 2156 muliebria,
742 2119 927 2161 corporibus
943 2119 1071 2151 tributis
1097 2119 1137 2150 ad
1159 2119 1363 2160 ignominiam
1379 2130 1385 2148 :
1411 2118 1654 2155 homicidarum,

185 2175 219 2206 in
232 2174 368 2206 ferarum
379 2184 520 2216 corpora,
536 2174 576 2205 ad
591 2184 715 2216 poenam
732 2180 766 2204 et
787 2174 982 2215 supplicium
995 2185 1001 2203 ε
1025 2173 1272 2210 libidinosorum,
1287 2173 1321 2204 in
1334 2183 1427 2204 suum
1441 2173 1492 2203 vel
1508 2182 1654 2213 aprorum

184 2229 316 2260 formas:
330 2229 447 2260 levium
459 2233 492 2259 et
503 2228 739 2259 temerariorum
752 2228 926 2266 hominurn,
941 2228 974 2259 in
988 2228 1111 2269 species
1124 2227 1295 2259 volantium
1308 2227 1526 2263 animantium,
1537 2236 1606 2267 quae
1619 2225 1653 2256 in

185 2283 259 2316 aere
271 2283 380 2314 solent
391 2283 524 2314 versari:
540 2282 687 2323 segnium
699 2282 848 2324 denique,
862 2283 1045 2319 otiosorum,
1060 2282 1287 2324 imperitorum,
1305 2281 1502 2316 stolidorum,
1514 2280 1546 2310 in
1557 2290 1652 2321 aqua-

186 2337 284 2368 tilium
297 2337 446 2378 speciem.
459 2337 575 2368 Omnia
587 2343 694 2369 autem
705 2337 772 2368 haec
783 2337 816 2368 in
829 2336 971 2368 seeundo
983 2336 1118 2368 circuitu
1129 2336 1279 2367 Nemesis
1289 2341 1375 2367 certo
1384 2335 1506 2377 judicio
1516 2340 1584 2365 rata
1596 2334 1653 2364 fix-

186 2400 268 2433 aque
281 2400 352 2421 esse
366 2391 477 2426 voluit,
491 2390 588 2433 [105]
605 2401 674 2421 cum
687 2391 879 2422 infernarum
896 2391 1018 2422 illarum
1031 2391 1179 2422 furiarum
1191 2390 1372 2421 numinibus
1387 2401 1393 2419 :
1411 2389 1526 2431 quibus
1542 2389 1651 2419 huma-

185 2454 297 2476 narum
321 2455 422 2476 rerum
437 2444 665 2486 inspectionem
677 2455 815 2476 summus
825 2445 881 2475 ille
894 2445 997 2482 Deus,
1010 2445 1148 2475 omnium
1164 2445 1335 2486 imperator
1349 2449 1444 2485 atque
1462 2452 1592 2484 praeses,
1606 2448 1653 2472 at-

185 2499 318 2530 tribuit:
336 2499 451 2540 quibus
473 2499 570 2529 etiam
594 2498 850 2540 gubernationem
867 2499 978 2530 mundi
993 2499 1160 2530 commisit.
1183 2499 1236 2540 qui
1252 2498 1380 2540 quidem
1392 2496 1531 2528 mundus
1546 2503 1578 2527 et
1593 2496 1654 2527 diis

186 2558 221 2584 et
236 2553 414 2584 hominibus
442 2558 475 2583 et
496 2553 619 2584 caeteris
635 2552 848 2584 animantibus
861 2558 994 2589 constat,
1007 2553 1152 2584 absoluta
1167 2553 1261 2594 plane
1284 2552 1492 2593 omnibusque
1514 2550 1654 2581 numeris

185 2607 347 2638 cumulata
359 2607 495 2637 ratione.
518 2607 561 2637 Et
582 2608 649 2638 haec
675 2607 805 2649 quidem
825 2607 934 2638 omnia
961 2608 1001 2639 ad
1011 2608 1159 2651 optimam
1177 2607 1263 2638 illam
1278 2606 1440 2648 ingenitae,
1453 2611 1589 2642 aeternae,
1603 2604 1652 2636 in-

189 2661 364 2704 telligibilis
385 2661 492 2693 formae
505 2661 675 2704 imaginem
696 2661 826 2694 fuerunt
851 2667 968 2693 creata.
