1840 3225
223 267 300 305 -218
799 262 1064 302 PLATONIS
1589 265 1686 316 [586

228 372 355 411 Jovem,
371 380 431 400 non
447 370 530 400 istud
547 370 679 400 mirabor
695 368 850 410 equidem.
872 370 968 400 immo
985 376 1069 405 vero,
1080 367 1105 397 si
1115 372 1222 398 contra
1235 367 1384 404 eveniret,
1397 368 1501 409 potius
1511 368 1686 400 admirarer.

231 426 286 457 So.
311 426 363 456 Sic
379 430 482 456 autem
497 425 659 456 considera
673 436 679 455 :
705 434 810 454 nonne
825 423 922 454 fames
937 433 974 454 ac
990 422 1055 454 sitis
1071 427 1103 453 et
1117 427 1220 453 cetera
1235 422 1354 463 generis
1365 422 1505 464 ejusdem
1521 423 1691 454 vacuitates

232 479 376 520 quaedam
392 483 464 509 sunt
478 478 618 520 corporis
635 477 732 519 ipsius
746 476 963 508 habitudinis?
1001 475 1117 507 GLAu.
1142 475 1205 507 Cur
1220 486 1282 507 non
1298 477 1308 506 ?
1345 476 1400 507 So.
1423 475 1602 517 Ignorantia
1619 486 1691 506 vero

233 538 265 564 et
277 532 487 572 imprudentia
500 532 637 563 vacuitas
653 533 795 574 quaedam
812 537 860 563 est
874 531 997 563 habitus
1008 531 1114 562 animi.
1162 530 1277 561 GLAu.
1302 530 1452 562 Maxime.
1497 530 1553 562 So.
1578 529 1695 571 Imple-

232 593 282 618 tur
297 594 399 620 autem
416 594 447 619 et
462 588 550 624 illud,
568 589 642 619 dum
668 587 816 618 alimenta
830 586 928 628 capit,
944 591 976 617 et
992 586 1048 616 iste
1064 586 1138 616 dum
1155 585 1391 627 intelligentiam
1407 585 1535 627 accipit.
1579 584 1696 616 Gzau.

235 642 299 674 Cur
314 653 376 673 non
391 642 402 672 ?
449 643 505 674 So.
529 643 683 679 Quaenam
695 641 826 683 repletio
843 640 940 670 verior
954 640 964 670 ?
988 645 1088 670 utrum
1104 650 1174 681 quae
1190 651 1246 681 per
1260 651 1297 671 ea
1319 641 1366 676 fit,
1381 651 1451 681 quae
1465 639 1563 681 magis
1578 639 1694 670 verius-

231 707 294 738 que
309 702 394 733 sunt,
410 707 450 727 an
465 707 536 738 quae
552 706 607 737 per
629 695 711 726 alia?
758 694 874 726 Grau.
896 695 978 731 Quae
994 704 1048 735 per
1069 704 1119 731 ea,
1134 704 1204 735 quae
1221 694 1318 736 magis
1333 700 1416 725 sunt.
1460 694 1516 726 So.
1540 693 1694 731 Quasnam

232 761 342 782 censes
358 750 488 792 purioris
503 761 569 781 csse
585 750 765 781 substantiae
779 750 790 779 ?
814 749 956 790 nunquid
972 749 1047 789 cibi,
1066 754 1169 790 potus,
1185 749 1305 779 obsonii
1320 749 1599 790 alimentorumque
1615 757 1694 789 quo-

232 815 427 846 rumcunque
443 804 574 846 genera?
600 815 639 835 an
654 814 725 834 vere
742 803 900 844 opinionis
916 803 1049 844 species,
1064 803 1266 845 scientiaeque
1281 808 1313 833 et
1324 802 1448 843 mentis,
1458 800 1696 842 summatimque

235 860 385 890 universae
402 859 542 889 virtutis?
567 858 600 888 in
615 859 698 889 hunc
716 862 818 888 autem
847 856 972 887 modum
984 856 1105 897 judica.
1129 857 1213 898 quod
1239 858 1371 888 inhaeret
1392 867 1513 898 semper
1532 855 1624 886 simili
1640 855 1698 886 im-

235 913 419 956 mortalique
434 918 467 944 et
482 913 617 949 veritati,
634 923 670 943 ac
697 911 790 942 etiam
808 911 869 942 tale
893 910 1013 941 exsistit
1035 917 1067 941 et
1088 911 1122 941 in
1146 911 1200 941 tali
1226 912 1362 953 quodam
1386 911 1432 951 fit,
1446 910 1543 952 magis
1558 920 1625 941 esse
1641 909 1698 940 tibi

235 968 358 999 videtur
372 980 379 997 ε
406 978 447 998 an
461 967 538 998 illud
555 967 671 1008 potius,
687 967 771 1007 quod
799 965 844 996 rei
860 975 1019 1007 nunquam
1035 965 1127 995 simili
1151 971 1246 1006 atque
1262 965 1394 1000 mortali,
1408 975 1467 996 nec
1481 975 1545 995 non
1561 963 1622 994 tale
1638 969 1698 1004 est,

234 1028 266 1053 et
282 1022 315 1052 in
332 1022 387 1053 tali
404 1023 540 1063 quodam
556 1021 711 1052 efficitur?
757 1020 871 1052 Geso.
897 1019 1007 1061 Longe
1022 1024 1161 1060 praestat,
1176 1020 1260 1060 quod
1277 1030 1398 1061 semper
1413 1018 1505 1050 simili
1519 1023 1567 1050 est
1581 1027 1697 1059 cogna-

236 1083 312 1107 tum.
358 1075 414 1107 So.
438 1075 582 1106 Essentia
607 1075 716 1116 utique
731 1075 775 1105 rei
791 1084 912 1114 semper
937 1073 1056 1107 similis,
1081 1073 1223 1114 nunquid
1246 1073 1388 1104 essentiae
1411 1073 1507 1114 magis
1531 1078 1590 1108 est,
1605 1081 1698 1114 quam

234 1131 386 1168 scientiae,
400 1130 578 1172 particeps?
625 1129 741 1160 GLAu.
766 1128 854 1159 Non.
899 1127 955 1159 So.
981 1127 1032 1157 An
1050 1127 1210 1158 veritatis?
1257 1127 1372 1159 Guu.
1393 1127 1510 1170 Neque
1526 1128 1598 1158 hoc.
1642 1126 1698 1156 So.

235 1184 290 1215 Sin
314 1190 418 1215 autem
444 1183 580 1214 veritatis
608 1182 723 1219 minus,
747 1192 853 1212 nonne
882 1187 916 1212 et
945 1181 1088 1211 essentiae
1102 1181 1113 1211 ?
1159 1180 1274 1212 Gmu.
1297 1180 1514 1213 Necessarium
1541 1186 1599 1212 est.
1642 1180 1698 1211 So.

235 1238 353 1270 Nonne
367 1237 572 1269 communiter
586 1237 692 1267 omnia
708 1236 789 1267 circa
805 1236 943 1277 corporis
958 1235 1075 1265 cultum
1091 1245 1205 1276 genera
1228 1235 1328 1266 minus
1344 1236 1504 1267 veritatem
1517 1234 1699 1267 essentiam—

233 1304 295 1335 que
311 1291 501 1334 participant
516 1290 681 1333 generibus
696 1290 759 1327 his,
774 1300 845 1331 quae
861 1288 943 1320 circa
959 1289 1055 1319 animi
1071 1289 1190 1320 cultum
1207 1294 1363 1320 versantur
1377 1290 1388 1320 ?
1434 1289 1551 1321 Geso.
1574 1288 1697 1320 Minus.

233 1348 289 1378 So.
314 1346 468 1387 Nunquid
494 1351 526 1376 et
551 1355 663 1386 corpus
679 1343 818 1375 similiter
841 1343 943 1374 minus
966 1353 1059 1385 quam
1083 1343 1203 1373 animus
1218 1343 1229 1373 ?
1276 1343 1391 1375 Gmm.
1415 1343 1456 1374 Et
1471 1354 1594 1386 corpus.
1638 1343 1696 1374 So.

231 1401 348 1432 Nonne
362 1401 447 1441 quod
462 1400 598 1441 repletur
611 1399 658 1429 his
673 1399 775 1435 rebus,
791 1407 860 1439 quae
872 1397 969 1439 magis
982 1397 1144 1438 veriusque
1157 1396 1320 1437 exsistunt,
1331 1397 1456 1438 quodve
1469 1397 1566 1438 magis
1578 1397 1694 1428 verius-

233 1462 295 1493 que
322 1454 452 1491 exsistit,
472 1454 570 1495 magis
597 1464 723 1495 quoque
751 1452 910 1494 repletur?
938 1461 1030 1493 quam
1054 1452 1140 1492 quod
1160 1451 1208 1482 his
1229 1451 1320 1483 rebus
1335 1451 1493 1493 impletur,
1508 1462 1579 1493 quae
1593 1452 1694 1482 minus

232 1513 315 1545 sunt,
337 1508 501 1550 ipsumque
528 1513 575 1539 est
592 1508 705 1539 minus.
756 1507 872 1539 GLAu.
895 1506 981 1544 Quid
1007 1505 1171 1547 prohibet?
1219 1506 1274 1539 So.
1298 1506 1332 1538 Si
1361 1516 1434 1548 ergo
1465 1506 1577 1547 repleri
1604 1506 1694 1538 rebus

232 1567 350 1593 naturae
366 1563 584 1594 consentaneis
599 1567 646 1594 est
656 1562 833 1603 jucundum
849 1572 860 1601 3
882 1562 981 1603 ipsum
998 1561 1120 1602 utique,
1136 1561 1220 1602 quod
1236 1571 1341 1592 revera
1358 1560 1588 1602 verioribusque
1603 1560 1694 1592 rebus

229 1616 388 1659 impletur,
398 1617 568 1648 naturalius
579 1627 615 1648 ac
626 1617 727 1648 verius
740 1627 810 1647 vera
823 1616 918 1648 afficit
927 1616 1088 1657 voluptate
1104 1628 1110 1646 z
1129 1617 1214 1657 quod
1222 1621 1326 1646 autem
1334 1626 1382 1652 ea,
1391 1625 1461 1657 quae
1471 1620 1503 1647 et
1514 1615 1694 1646 minussunt

231 1676 264 1701 et
280 1671 380 1702 minus
395 1682 465 1702 vera
481 1676 564 1708 sunt,
580 1671 708 1713 accipit,
722 1671 823 1701 minus
838 1681 909 1702 vere
924 1670 1087 1702 firmiterve
1103 1670 1254 1713 repletur,
1268 1669 1499 1712 fallaciorisque
1515 1675 1548 1701 et
1561 1668 1694 1700 falsioris

232 1725 403 1768 voluptatis
414 1726 449 1756 fit
464 1726 633 1768 particeps.
658 1725 774 1756 Gmu.
789 1725 930 1756 Necesse
942 1730 989 1756 est
1003 1724 1143 1756 omnino.
1165 1724 1221 1756 So.
1245 1723 1399 1755 Homines
1411 1723 1506 1765 igitur
1520 1723 1694 1765 prudentiae

231 1779 413 1821 virtutisque
426 1785 578 1821 expertes,
596 1779 693 1822 [586]
711 1784 743 1810 et
754 1779 856 1821 epulis
867 1779 1021 1821 rebusque
1031 1778 1182 1810 similibus
1195 1778 1376 1820 mancipati,
1388 1779 1531 1809 deorsum
1544 1778 1695 1814 feruntur,

231 1843 396 1874 rursusque
411 1835 450 1864 ad
468 1834 603 1865 medium
622 1844 719 1875 usque
746 1833 944 1875 perveniunt,
959 1838 992 1864 et
1013 1832 1098 1864 circa
1121 1833 1188 1864 haec
1204 1843 1259 1879 ppt
1274 1843 1398 1863 omnem
1414 1832 1511 1864 vitam
1527 1832 1671 1863 oberrant
1685 1843 1694 1862 ε

232 1897 325 1928 super
339 1889 407 1919 haec
423 1900 493 1920 vero
509 1894 672 1930 emergunt
697 1898 868 1930 nunquam,
884 1891 917 1918 et
931 1887 1017 1928 quod
1040 1897 1111 1918 vere
1134 1897 1286 1917 summum
1302 1891 1362 1928 est,
1378 1896 1576 1928 nequaquam
1591 1886 1695 1927 suspi-

234 1942 334 1979 ciunt,
349 1953 451 1984 neque
467 1943 506 1973 ad
523 1953 633 1984 supera
659 1943 844 1978 evehuntur,
861 1951 963 1982 neque
987 1951 1058 1971 vera
1080 1940 1144 1971 ulla
1165 1951 1197 1971 re
1213 1941 1401 1982 quandoque
1424 1941 1579 1977 fruuntur,
1594 1950 1696 1982 neque

231 1997 373 2028 stabilem
392 2008 560 2038 puramque
576 2001 703 2038 gustant
718 1996 910 2037 voluptatem
925 2007 932 2026 ε
957 1996 1011 2026 sed
1040 1995 1137 2026 veluti
1153 2004 1269 2036 pecora
1290 1996 1418 2026 humum
1433 1994 1523 2036 proni
1537 1999 1695 2036 spectant,

233 2052 393 2092 ventrique
419 2051 602 2082 obedientes
629 2050 786 2092 pascendo
805 2050 1016 2091 coeundoque
1041 2054 1164 2080 :etatem
1188 2054 1373 2081 conterunt:
1399 2060 1517 2091 proque
1541 2048 1590 2080 his
1604 2049 1695 2080 rebus

234 2104 354 2136 uberius
372 2105 530 2146 potiundis
545 2105 681 2136 calcibus
697 2105 776 2134 inter
800 2115 832 2134 se
847 2112 877 2134 et
901 2104 1047 2134 cornibus
1069 2103 1176 2134 ferreis
1201 2103 1419 2145 unguibusque
1433 2104 1605 2145 decertant,
1627 2113 1694 2134 sese

234 2159 366 2190 invicem
383 2160 423 2190 ob
439 2159 660 2201 inexplebilem
678 2158 838 2189 libidinem
866 2159 1069 2194 trucidantes,
1093 2163 1203 2199 utpote
1226 2158 1280 2199 qui
1295 2168 1397 2199 neque
1414 2169 1515 2189 veram
1531 2165 1562 2189 et
1578 2158 1694 2189 finnam

232 2214 279 2244 sui
296 2219 424 2254 partem,
441 2224 544 2255 neque
560 2213 638 2244 veris
655 2212 777 2254 pabulis
794 2212 935 2253 implent.
982 2212 1098 2242 Gmu.
1121 2211 1272 2246 Omnino,
1295 2222 1313 2241 o
1329 2211 1485 2247 Socrates,
1500 2211 1584 2253 vulgi
1600 2211 1696 2242 vitam

237 2269 326 2310 quasi
354 2269 490 2310 quodam
516 2267 630 2310 pandis
656 2266 792 2298 oraculo.
838 2267 894 2297 So.
919 2266 1056 2296 Necesse
1081 2272 1128 2296 est
1151 2276 1204 2295 eos
1227 2265 1403 2306 voluptates
1428 2266 1571 2308 persequi
1587 2266 1698 2297 mixtas

234 2324 406 2364 doloribus,
421 2333 491 2364 quae
508 2322 670 2353 simulacra
687 2321 856 2363 voluptatis
872 2331 950 2351 vcra·
966 2326 999 2351 et
1014 2320 1128 2350 umbra:
1145 2325 1229 2356 sunt,
1245 2330 1342 2361 usque
1357 2320 1436 2350 adeo
1452 2320 1585 2351 invicem
1606 2319 1697 2351 dolo-

231 2379 271 2409 ris
286 2378 519 2419 comparatione
535 2382 641 2407 mutua
668 2376 851 2418 inquinatae,
868 2381 902 2405 ut
917 2381 949 2405 et
974 2375 1151 2416 voluptates
1176 2380 1208 2405 et
1222 2373 1344 2405 dolores
1358 2385 1395 2404 ex
1411 2384 1448 2405 ea
1463 2373 1695 2416 comparatione

234 2433 480 2463 vehementiores
493 2437 676 2473 appareant,
692 2441 872 2472 amoresque
885 2429 1019 2470 ipsarum
1032 2428 1212 2470 hujusmodi
1225 2428 1400 2469 voluptates
1411 2428 1535 2459 rabidos
1543 2428 1694 2470 insipien·

233 2487 316 2517 tibus
333 2487 466 2528 pariant,
481 2486 736 2526 inflammentque
751 2485 790 2515 ad
808 2495 943 2526 pugnam
958 2496 966 2514 ι
992 2482 1254 2525 quemadmodum
1279 2482 1473 2513 Stesichorus
1488 2482 1532 2513 ait
1544 2481 1697 2523 Trojanos

233 2551 312 2571 verae
328 2541 425 2582 ipsius
439 2541 564 2582 ignaros
580 2541 620 2571 de
644 2540 777 2571 Helenae.
793 2539 927 2580 imagine
951 2539 1085 2569 invicem
1109 2538 1294 2568 decertasse.
1339 2535 1456 2568 Graiu.
1480 2535 1696 2567 Necessarium

236 2600 283 2624 est
298 2595 424 2626 omnino
439 2595 484 2625 ita
499 2595 531 2625 id
547 2605 580 2626 se
595 2595 720 2626 habere.
765 2594 821 2625 So.
845 2594 931 2631 Quid
949 2604 1019 2624 vero
1031 2593 1113 2624 circa
1129 2590 1280 2622 irascendi
1291 2596 1430 2621 naturam
1445 2591 1456 2621 ἓ
1479 2599 1584 2621 nonne
1595 2589 1697 2621 etalia

234 2649 377 2689 quaedam
393 2649 502 2679 horum
527 2648 640 2679 similia
657 2648 841 2689 contingant
855 2657 981 2678 necesse
1006 2653 1064 2683 est,
1081 2645 1208 2688 quaudo
1231 2643 1301 2684 quis
1324 2643 1356 2674 id
1370 2644 1472 2686 ipsum
1496 2644 1629 2686 peragit,
1645 2644 1695 2675 vel

232 2702 354 2733 invidia
369 2707 493 2744 propter
508 2702 725 2743 ambitionem,
741 2702 789 2733 vel
807 2701 954 2732 violentia
973 2707 1097 2743 propter
1112 2696 1326 2732 contentionis
1347 2697 1564 2739 cupiditatem,
1582 2698 1628 2729 vel
1652 2697 1697 2729 ira

233 2760 357 2797 propter
383 2766 501 2786 morum
527 2755 752 2793 difficultatem,
777 2757 893 2797 absque
920 2755 1039 2786 ratione
1068 2765 1104 2785 ac
1128 2758 1231 2784 mente
1255 2759 1388 2790 sequens
1402 2752 1539 2789 honoris,
1556 2751 1693 2783 victorie

228 2809 342 2850 iraeque
355 2808 586 2850 expletionem?
634 2809 747 2842 GLAu.
769 2809 858 2841 Talia
873 2819 999 2840 necesse
1015 2815 1062 2840 est
1078 2810 1171 2840 etiam
1187 2811 1270 2843 circa
1285 2812 1318 2843 id
1335 2807 1424 2840 fieri?
1469 2806 1525 2837 So.
1547 2805 1694 2838 Asserere

226 2863 320 2903 igitur
334 2862 514 2900 audeamus,
529 2864 613 2904 quod
630 2870 662 2894 et
677 2863 760 2895 circa
776 2868 893 2905 partem
909 2868 1046 2905 quaestus
1061 2864 1186 2896 avidam
1202 2871 1234 2896 et
1249 2866 1340 2896 aliam
1358 2860 1495 2894 victoriae
1509 2859 1693 2896 studiosam.

226 2927 420 2959 quaecunque
431 2917 638 2958 appetitiones
651 2918 728 2949 tales
739 2923 824 2955 sunt,
835 2923 870 2948 ut
878 2917 1016 2950 scientia:
1030 2918 1205 2960 rationique
1219 2920 1449 2961 obtemperent,
1458 2924 1572 2956 easque
1583 2912 1694 2954 volup·

226 2976 303 3001 tates
318 2977 485 3012 sequantur
500 2976 531 3002 et
546 2971 684 3012 capiant,
710 2983 785 3013 quas
803 2972 878 3003 ratio
903 2972 969 3013 ipsa
994 2972 1152 3008 concedit,
1180 2973 1354 3005 verissimas
1378 2970 1485 3012 utique
1502 2967 1694 3009 voluptates,
