1840 3225
174 247 252 286 460
625 242 848 282 INCERTI
891 241 1164 283 AUCTORIS
1443 211 1447 217 -
1535 246 1636 297 [991

166 343 287 375 eisdem
316 343 430 385 smpius
457 342 657 378 disseramus,
689 352 799 374 cursus
829 352 950 380 omnes,
973 353 1051 385 quos
1076 343 1172 385 paulo
1188 347 1260 374 ante
1275 342 1449 384 tetigimus,
1465 341 1559 383 quive
1573 352 1639 375 non

166 397 258 429 facile
285 395 514 438 intelliguntur.
540 395 748 436 contemplari
775 395 946 426 debemus:
972 396 1019 427 ita
1045 401 1080 426 ut
1105 401 1223 427 naturae
1248 396 1338 437 prius
1354 395 1503 427 doctrinis
1517 394 1560 426 ad
1573 395 1641 427 haee

165 451 402 493 pertinentibus
418 452 509 491 longo
528 461 584 481 usu
598 450 768 490 laboreque
785 459 803 479 a
809 449 955 490 juventa,
971 450 1068 480 immo
1082 459 1158 480 vero
1173 455 1206 480 et
1221 459 1237 480 a
1251 449 1399 491 pueritia,
1415 454 1642 491 praeparentur.

168 505 318 546 quocirca
348 504 510 540 doctrinis,
544 513 613 545 quae
645 503 876 533 mathematicae
906 504 1117 544 appellantur,
1149 513 1228 544 opus
1257 508 1329 534 est:
1368 504 1471 545 primo
1498 513 1573 534 vero
1604 513 1643 534 ac

169 558 304 589 maxime
327 558 463 588 numeris
478 569 483 587 ε
509 568 572 587 non
597 557 635 587 iis
660 557 732 587 dico
757 557 908 592 numeris,
936 557 990 597 qui
1006 567 1119 597 corpus
1134 557 1264 593 liabent,
1277 556 1335 588 sed
1348 557 1403 598 qui
1418 566 1541 587 omnem
1556 557 1643 598 paris

169 611 338 653 imparisve
353 611 592 652 generationem
616 615 710 651 atque
736 610 894 645 virtutem,
918 620 1012 651 quam
1028 610 1067 641 ad
1083 610 1311 651 perficiendam
1327 610 1644 652 cognoscendamque

169 674 283 695 rerum·
303 670 445 695 naturam
470 665 646 695 conserunt.
670 663 781 705 quibus
808 665 966 705 perceptis
990 665 1046 694 illa
1069 664 1232 706 deinceps,
1258 675 1352 706 quam
1367 664 1499 696 ridicule
1515 674 1644 706 geome-

168 719 270 749 triam
289 719 464 760 appellant,
494 718 647 749 discenda
673 724 730 749 est.
765 728 963 750 numerorum
998 729 1084 755 vero,
1114 719 1197 749 inter
1223 728 1257 749 se
1286 726 1399 750 natura
1425 718 1641 755 dissimilium,

169 773 345 804 similitudo
372 774 410 804 ad
439 774 603 815 planorum
628 779 749 814 partem
775 773 872 803 relata
897 773 1052 804 clarescit.
1076 773 1159 814 quod
1175 772 1304 814 quidem
1317 783 1380 804 non
1397 774 1570 804 humanum
1584 772 1642 804 sed

170 827 314 858 divinum
328 827 525 864 miraculum,
541 828 569 858 si
584 828 652 868 quis
669 828 763 868 plane
779 826 950 867 intelligat,
975 827 1120 858 videatur
1142 832 1278 868 oportet.
1302 835 1376 869 post
1398 828 1479 858 hanc
1506 827 1642 864 numeri,

171 881 228 921 qui
254 881 286 912 in
315 889 379 912 tres
409 891 507 922 usque
536 881 747 912 dimensiones
777 880 903 911 adaucti
933 886 1018 917 sunt,
1049 886 1171 911 naturae
1198 881 1309 911 solidae
1335 881 1456 912 similes
1484 891 1521 912 ac
1535 891 1644 912 rursus

171 934 350 972 dissimiles,
366 936 429 966 alia
444 935 576 976 quadam
594 940 670 971 arte,
687 934 902 965 stereometria
917 934 1082 974 videlicet,
1096 935 1172 966 huic
1188 935 1293 970 simili,
1310 934 1533 966 considerandi
1548 941 1624 966 sunt
1637 947 1644 965 ι

172 989 230 1019 sed
257 989 337 1020 hanc
361 999 498 1030 quoque,
523 989 576 1030 qui
602 989 635 1018 'rn
656 998 694 1019 ea
708 988 824 1019 versati
841 993 922 1024 sunt,
946 988 1152 1029 geometriam
1166 989 1415 1021 nominaverunt.
1439 988 1521 1020 illud
1535 994 1644 1020 autem

172 1041 285 1072 mirum
310 1042 515 1083 divinumque
539 1041 790 1082 intelligentibus
816 1047 873 1077 est,
902 1043 998 1082 quod,
1025 1052 1097 1072 cum
1127 1052 1232 1072 rerum
1246 1043 1346 1073 virtus
1360 1043 1392 1072 in
1409 1042 1506 1083 duplo
1521 1052 1644 1084 semper

173 1096 254 1126 etin
284 1106 341 1126 suo
368 1096 515 1137 opposito
543 1095 735 1132 revolvatur,
766 1095 799 1125 in
827 1096 959 1136 singulis
985 1096 1240 1137 proportionibus
1255 1106 1313 1137 per
1329 1106 1443 1138 genera
1457 1097 1645 1138 speciesque

173 1150 320 1180 universa
345 1155 459 1180 natura
482 1150 646 1181 formatur.
672 1149 770 1191 [991]
794 1150 898 1190 prima
925 1150 1019 1190 igitur
1044 1149 1132 1191 dupli
1156 1150 1255 1180 virtus
1281 1151 1454 1181 secundum
1468 1160 1646 1187 numerum,

176 1214 233 1245 per
246 1214 344 1234 unum
359 1203 399 1235 ad
415 1203 478 1234 duo
497 1203 698 1245 proportione
714 1204 868 1245 procedit,
884 1204 1019 1244 duplum
1036 1205 1178 1245 potentia
1193 1204 1368 1245 possidens.
1391 1204 1448 1235 sed
1463 1205 1495 1235 in
1510 1204 1646 1236 solidum

175 1264 209 1288 et
233 1258 385 1299 tangibile
408 1267 515 1289 rursus
543 1259 582 1288 ab
604 1268 668 1289 uno
692 1258 723 1288 in
748 1264 820 1288 octo
846 1258 936 1299 dupli
965 1258 1045 1297 ratio
1070 1259 1298 1299 proficiscitur:
1323 1259 1386 1290 alia
1410 1269 1484 1290 vero
1505 1258 1598 1300 dupli
1612 1259 1647 1290 in

177 1312 317 1343 medium
332 1324 338 1342 :
364 1313 419 1343 sed
441 1313 520 1343 forte
544 1313 666 1343 minore
693 1311 794 1353 rnajns
808 1316 840 1342 et
857 1312 958 1342 minus
974 1312 1092 1353 majore
1109 1313 1283 1353 aequaliter.
1309 1323 1417 1344 verum
1429 1313 1516 1344 aliud
1531 1312 1644 1344 eadem

175 1372 265 1408 parte
287 1367 500 1397 extremitates
524 1366 650 1397 excedit
673 1367 712 1397 ab
728 1367 837 1406 eisque
854 1366 1025 1396 exceditur.
1040 1366 1072 1396 in
1089 1365 1193 1397 medio
1209 1377 1283 1398 vero
1298 1367 1413 1397 senarii
1425 1367 1465 1397 ad
1481 1366 1649 1398 duodena·

175 1421 254 1451 rium
271 1431 435 1451 numerum
451 1421 656 1462 sesquialtera
672 1425 704 1451 et
718 1420 921 1461 sesquitertia
940 1420 1067 1450 emersit
1088 1422 1260 1462 proportio.
1285 1422 1391 1452 horum
1415 1421 1446 1452 in
1469 1421 1577 1452 medio
1599 1420 1649 1451 vis

176 1475 356 1516 hujusmodi
372 1475 411 1505 ad
426 1480 558 1516 utraque
574 1485 661 1504 versa
676 1475 866 1505 concinnum
884 1474 1062 1504 hominibus
1091 1486 1178 1505 usum
1203 1476 1465 1515 commodumque
1488 1474 1648 1511 attribuit,

178 1528 247 1560 ludi
276 1535 309 1560 et
334 1529 515 1570 temperalis
536 1529 656 1559 numeri
681 1534 918 1569 concentusque
945 1529 1054 1569 gratia,
1081 1529 1203 1559 choreae
1228 1529 1393 1559 Musarum
1419 1527 1506 1559 felici
1521 1527 1649 1558 tributa.

179 1584 248 1614 lraec
264 1583 358 1624 igitur
372 1583 417 1614 ita
433 1583 520 1619 fiant,
534 1589 567 1613 et
581 1583 626 1613 ita
642 1593 675 1612 se.
692 1582 837 1612 habeant.
861 1583 969 1612 lrorum
985 1582 1057 1612 finis
1069 1588 1127 1616 est,
1144 1587 1179 1612 ut
1194 1582 1235 1612 ad
1251 1582 1390 1613 divinam
1407 1581 1646 1623 generationem

178 1643 211 1668 et
226 1647 346 1672 eorum,
359 1647 429 1678 quae
446 1642 614 1667 cernuntur
626 1636 738 1672 oculis,
754 1636 995 1677 pulcherrimam
1012 1636 1214 1678 divinamque
1228 1642 1372 1667 naturam
1386 1634 1646 1667 considerandam

179 1701 238 1722 nos
254 1690 463 1726 conferamus,
481 1695 635 1732 quatenus
650 1691 730 1721 lianc
747 1690 926 1720 hominibus
942 1690 1174 1731 inspiciendam
1190 1689 1281 1720 Deus
1304 1690 1436 1731 largitus
1458 1695 1506 1720 est
1521 1700 1528 1719 ι
1552 1699 1649 1731 quam

180 1755 343 1787 nunquam
359 1746 426 1776 sine
443 1745 538 1776 dictis
552 1745 669 1776 artibus
685 1748 897 1786 assequemur.
923 1744 962 1775 ad
980 1745 1047 1774 liaec
1063 1744 1189 1785 singula
1202 1754 1335 1786 qumque
1360 1744 1399 1774 ad
1423 1744 1548 1785 species
1563 1753 1649 1781 suas,

180 1800 288 1830 omnia
314 1799 452 1840 denique
481 1799 522 1829 ad
550 1810 648 1829 unum
664 1800 697 1829 in
714 1799 980 1840 disputationibus
995 1798 1174 1833 referenda,
1191 1797 1412 1839 interrogando
1429 1802 1461 1828 et
1475 1797 1650 1839 arguendo,

181 1853 209 1883 si
222 1863 285 1894 qua
300 1854 405 1884 minus
420 1858 505 1884 recte
522 1852 680 1883 dicantur.
702 1859 787 1884 recte
805 1853 890 1883 enim
906 1852 1046 1883 omnium
1061 1852 1271 1893 pulcherrima
1294 1858 1326 1883 et
1350 1851 1448 1893 prima
1471 1850 1651 1882 hominibus

182 1907 359 1949 hujusmodi
386 1907 576 1938 examinatio
597 1912 655 1938 est.
680 1907 734 1938 ubi
758 1917 833 1937 vero
856 1917 920 1938 non
944 1907 1018 1937 talis
1035 1917 1152 1941 revera,
1170 1905 1224 1936 sed
1244 1905 1389 1936 simulata
1411 1904 1572 1946 inquisitio
1587 1909 1655 1941 est,

181 1961 298 1993 frustra
321 1960 535 1993 contenditur.
559 1966 713 2003 praeterea
739 1966 916 2003 temporum
941 1961 1194 1992 considerandus·
1219 1965 1268 1991 est
1294 1959 1381 1996 ordo,
1413 1968 1509 2000 quarn
1538 1963 1649 1990 exacte

183 2016 327 2047 coelestia
341 2016 444 2047 onmia
458 2016 581 2057 perficit
599 2027 607 2053 ;
633 2022 676 2052 ut,
693 2016 872 2057 quicunque
889 2026 961 2046 vere
978 2016 1098 2046 dictum
1113 2015 1211 2045 fuisse
1236 2014 1415 2049 crediderit,
1438 2013 1649 2055 antiquiorem

184 2069 436 2111 divinioremque
464 2080 593 2111 corpore
622 2070 755 2101 animam
784 2080 866 2108 csse,
890 2075 982 2111 putet
999 2070 1145 2110 praeclare
1161 2068 1416 2109 sufficienterque
1432 2067 1512 2098 illud
1525 2077 1651 2108 quoque

183 2133 255 2154 esse
286 2124 416 2160 dictum,
442 2123 583 2154 Deorum
614 2124 709 2164 plena
740 2133 810 2154 esse
838 2124 965 2154 onmia:
990 2123 1070 2154 adeo
1094 2129 1129 2154 ut
1158 2123 1263 2164 superi
1293 2132 1396 2163 neque
1427 2120 1654 2152 obliviscantur

184 2183 359 2209 nostrarum
386 2188 498 2214 rerum,
522 2187 625 2218 neque
645 2187 704 2207 nos
730 2177 890 2208 deserant.
915 2177 973 2207 sed
989 2178 1047 2208 hoc
1063 2178 1095 2208 in
1111 2177 1161 2207 his
1176 2176 1322 2207 omnibus
1338 2175 1651 2207 animadvertendum

185 2237 245 2267 est,
274 2232 407 2262 maxime
437 2232 495 2267 illi,
521 2231 576 2272 qui
596 2237 681 2262 recte
708 2231 898 2273 perceperit,
923 2231 1086 2271 profutura
1103 2241 1111 2261 z
1138 2231 1168 2260 ei
1183 2240 1268 2266 vero,
1285 2230 1416 2270 quinon
1431 2234 1528 2265 recte,
1544 2228 1652 2260 Deum

184 2286 397 2317 invocandum
414 2296 497 2316 esse.
520 2285 630 2315 modus
644 2295 718 2316 vero
735 2285 784 2316 hic
800 2290 850 2315 est
865 2295 870 2312 :
895 2294 1026 2315 necesse
1039 2285 1122 2314 enim
1137 2289 1185 2314 est
1201 2283 1233 2313 id
1247 2293 1374 2325 quoque
1391 2281 1509 2314 dicere.
1525 2291 1650 2314 omnem

185 2341 341 2372 linearum
356 2340 598 2381 descriptionem
613 2339 932 2379 constitutionemque
946 2338 1068 2369 numeri
1084 2344 1116 2368 et
1131 2343 1302 2368 concentus
1316 2336 1469 2367 rationem
1486 2335 1654 2367 circuitus-

185 2405 247 2435 que
276 2401 435 2425 astrorumv
451 2393 717 2429 convenientiam,
747 2399 780 2423 et
805 2403 873 2434 quae
902 2403 963 2423 una
990 2397 1171 2422 cunctorum
1203 2390 1395 2432 conspiratio
1423 2394 1484 2431 est,
1511 2389 1651 2432 perspici

186 2454 311 2490 oportet
326 2448 365 2479 ab
380 2459 417 2479 eo
435 2447 486 2489 qui
501 2447 595 2477 modo
611 2457 750 2488 congruo
768 2446 871 2477 discit.
895 2447 1107 2488 perspicietur
1122 2452 1238 2481 autem,
1256 2445 1283 2475 si
1298 2445 1379 2486 qui5‚
1395 2443 1480 2485 quod
1505 2442 1651 2480 dicimus,

186 2501 228 2532 ad
244 2512 342 2533 unum
356 2507 442 2532 recte
474 2501 648 2542 respiciens
674 2501 785 2532 discat.
810 2501 908 2542 [992]
936 2511 1032 2531 unum
1057 2501 1139 2531 enirn
1162 2501 1274 2530 horum
1293 2498 1433 2530 omnium
1459 2497 1654 2539 intelligenti

186 2555 349 2586 vinculum
378 2555 553 2596 aplurebit.
578 2555 629 2597 qui
654 2565 727 2586 vero
755 2555 846 2586 aliter
865 2555 933 2585 inec
960 2555 1092 2596 adipisci
1123 2554 1240 2590 studet,
1269 2553 1437 2588 fortunam,
1453 2557 1488 2583 ut
1504 2551 1653 2589 dicimus,

186 2608 324 2642 invocet.
346 2619 505 2650 nunqnam
538 2609 618 2640 eninr
646 2609 765 2651 absque
794 2609 844 2640 his
871 2614 982 2639 natura
1008 2609 1042 2639 in
1075 2608 1258 2639 civitatibus
1291 2607 1356 2638 ulla
1387 2606 1460 2637 felix
1488 2605 1653 2636 efficietur.

186 2662 304 2693 etenim
330 2662 381 2693 hic
406 2662 520 2693 modus
550 2668 608 2699 est,
638 2663 705 2694 ha’c
729 2662 888 2697 educatio,
905 2663 952 2693 lrae
969 2662 1154 2704 disciplinae.
1176 2672 1234 2704 per
1249 2662 1315 2692 lraec
1331 2661 1451 2702 itaque,
1465 2660 1530 2690 sive
1545 2659 1654 2691 facilia

186 2717 253 2747 sive
280 2715 418 2746 difficilia
439 2716 512 2752 sint,
539 2717 690 2748 eundum.
712 2717 802 2747 nefas
826 2722 931 2747 autern
955 2723 1005 2747 est
1031 2717 1120 2748 Deos
1144 2716 1315 2758 negligere,
1330 2725 1401 2746 curn
1416 2712 1491 2744 felix
1505 2713 1645 2744 omnium

185 2770 312 2800 illorum
336 2769 479 2800 doctrina
502 2771 646 2802 omnibus
673 2776 758 2802 recta
778 2771 900 2802 ratione
926 2771 1073 2812 patuerit.
1095 2781 1168 2802 eum
1194 2780 1281 2806 sane,
1309 2768 1363 2810 qui
1387 2773 1500 2799 cuncta
1524 2767 1593 2798 haec
1607 2767 1654 2798 ita

186 2823 340 2864 percepit,
368 2833 440 2854 vere
468 2824 738 2865 sapientissimum
753 2825 962 2866 appellamus.
985 2835 1080 2867 quem
1095 2835 1154 2866 ego
1169 2824 1264 2855 etiam
1287 2823 1361 2865 joco
1377 2826 1410 2852 et
1422 2820 1504 2852 serio
1518 2820 1652 2859 affirmo,

186 2888 257 2909 cum
287 2876 371 2908 diem
400 2887 489 2907 snum
513 2878 636 2915 obierit,
664 2889 727 2911 non
751 2879 885 2921 amplius
914 2880 1083 2911 multorum
1109 2888 1270 2914 sensuum,
1299 2881 1334 2907 ut
1363 2885 1458 2912 nunc,
1480 2874 1648 2906 sedunius

186 2930 276 2962 sortis
310 2931 493 2973 participem
533 2932 610 2969 fore,
648 2944 806 2975 unumque
846 2933 886 2964 do
916 2933 1024 2965 multis
1054 2934 1183 2970 factum,
1214 2931 1349 2966 felicem,
1380 2928 1654 2972 sapientiSSimum
