1840 3225
227 174 306 214 366
810 169 1075 211 PLATONIS
1593 177 1690 229 [792

226 278 314 315 dum,
329 277 470 309 animum
483 283 620 313 omnem,
636 274 676 305 ab
691 273 824 307 infantia
836 275 869 307 in
884 282 970 308 metu
983 276 1146 312 nutritum,
1162 275 1263 317 magis
1282 276 1391 319 uu'que
1406 277 1517 319 quovis
1542 278 1615 310 ferri
1634 289 1691 322 per

223 331 422 364 formidinem
439 339 656 361 consuescere.
680 339 740 360 nec
753 330 900 372 cuiquam
914 330 1044 362 dubium
1055 337 1114 367 est,
1125 331 1201 372 quin
1213 330 1254 361 ad
1268 331 1472 363 timiditatem
1487 333 1634 369 ista,non
1647 333 1690 364 ad

223 385 450 421 fortitudinem,
481 383 664 415 exercitatio
690 383 741 414 sit.
786 383 862 416 Cm.
883 384 936 416 Ita
964 396 1099 426 prorsus.
1144 384 1284 416 Arnim.
1306 386 1425 418 Contra
1452 397 1527 418 vero
1552 397 1626 419 eum
1647 388 1690 420 ad

224 439 440 471 fortitudinem
465 438 630 470 exercitari
657 438 811 475 dicemus,
834 439 888 481 qui
905 450 923 470 a
938 445 1048 470 tenera
1059 444 1152 469 aetate
1167 445 1270 470 metus
1285 444 1481 482 terroresque
1495 451 1606 472 omnes
1619 441 1690 473 vin-

223 504 294 526 cere
317 494 504 526 consuescit.
549 493 626 525 ΟΜ.
647 492 743 524 Scite.
787 492 924 526 Arnen.
947 493 1055 524 Unum
1081 493 1178 534 igitur
1193 495 1251 525 hoc
1267 493 1308 524 ad
1320 494 1444 525 virtutis
1456 494 1552 526 animi
1568 501 1690 538 partem

223 559 420 590 summopere
445 547 585 579 conferre
611 546 763 583 dicamus,
786 547 1043 578 exercitationem
1058 547 1208 578 videlicet
1221 547 1398 584 infantium,
1421 559 1492 590 quae
1507 549 1540 580 in
1553 549 1690 580 motibus

222 604 268 634 fit.
314 603 391 635 Cn.
414 603 565 633 Maxime.
610 601 749 632 Arum«.
771 599 869 642 Atqui
894 601 1030 632 facilitas
1052 601 1148 631 animi
1175 602 1224 632 vel
1242 602 1405 633 morositas
1418 613 1483 633 non
1500 613 1608 644 parum
1622 614 1691 635 mo-

222 657 323 689 menti
349 657 466 687 habent
493 656 535 687 ad
555 655 728 686 bonitatem
754 655 847 686 animi
871 656 923 686 vel
951 655 1150 697 pravitatem.
1196 655 1273 687 Cu.
1296 656 1354 686 Est
1368 657 1425 687 ita.
1471 656 1611 688 Arnen.
1634 657 1691 689 Est

222 711 456 744 autemanobis
467 721 522 751 pro
533 710 684 741 facultate
697 709 867 740 dicendum
886 722 893 739 :
921 721 984 751 quo
1000 716 1092 751 pacto
1111 711 1261 742 utrumvis
1277 711 1387 742 horum
1402 711 1569 742 infantium
1585 713 1688 743 statim

222 766 327 797 animo
337 767 525 797 innascatur.
560 765 638 796 Cn.
664 764 774 795 Plane.
803 764 941 795 Arium.
958 764 1061 795 Nobis
1075 765 1212 806 profecto
1227 765 1373 796 videntur
1386 766 1520 802 deliciae,
1535 765 1692 805 difficiles,

222 830 373 857 morosos,
397 819 564 850 iracundos
588 824 621 849 et
645 809 704 848 levi
725 817 765 848 de
781 829 877 849 causa
891 819 1115 849 excitabundos
1124 819 1275 861 juvenum
1290 830 1393 850 mores
1407 820 1532 851 efficere
1549 831 1556 850 ε
1579 827 1691 852 contra

222 884 296 905 vero
325 874 421 904 nimia
447 874 580 904 servitus
607 874 834 914 atqueitatrox,
859 883 928 903 cum
953 873 1105 912 abjectos,
1118 878 1149 903 et
1165 873 1335 903 illiberales
1361 880 1394 904 et
1415 875 1550 905 humana
1566 885 1692 916 perosos

220 928 328 964 faciat,
352 929 391 958 ad
419 928 584 958 humanam
601 926 858 957 consuetudinem
874 926 1089 967 ineptissimos
1102 926 1246 958 reddere.
1291 927 1368 958 Cu.
1390 927 1558 965 Quomodo
1584 934 1691 960 autem

222 983 334 1013 civitas
358 982 502 1014 universa
528 981 677 1016 infantes,
690 981 744 1022 qui
760 981 901 1011 nondum
915 991 1010 1011 voces
1023 981 1207 1021 intelligunt
1221 991 1281 1012 nec
1297 981 1495 1023 disciplinam
1511 982 1603 1013 aliam
1617 993 1690 1025 gus-

220 1042 287 1067 tare
312 1041 452 1078 possunt,
479 1041 515 1066 ut
538 1035 642 1077 jubes,
671 1035 817 1065 erudiet?
863 1035 1001 1065 Arum.
1025 1035 1076 1066 Sic
1094 1035 1198 1076 plane.
1221 1046 1313 1066 omne
1330 1036 1443 1066 animal
1460 1037 1567 1068 statim
1580 1042 1690 1069 natum

221 1102 298 1122 voce
324 1096 357 1122 et
378 1091 513 1122 clamore
527 1090 574 1120 uti
589 1090 689 1120 solet:
715 1099 775 1120 nec
790 1089 893 1120 minus
910 1089 1071 1120 hominum
1085 1100 1195 1131 genus,
1209 1089 1294 1131 quod
1307 1100 1371 1131 prae
1386 1091 1500 1121 ceteris
1514 1090 1555 1121 ad
1571 1091 1686 1123 clamo-

221 1155 285 1176 rem
300 1145 389 1176 addit
403 1145 570 1187 ploratum.
587 1143 665 1174 Cm.
681 1143 733 1174 Sic
748 1148 807 1174 est.
824 1143 961 1174 Ammv.
975 1143 1125 1174 Nutrices
1139 1154 1223 1184 crgo,
1241 1143 1316 1185 quid
1331 1143 1470 1175 infantes
1483 1145 1622 1187 cupiant,
1633 1156 1689 1177 vo-

221 1200 323 1232 lentes
333 1209 533 1241 cognoscere,
550 1199 634 1239 quod
650 1197 757 1239 appeti
767 1197 911 1234 credunt,
928 1197 1074 1228 offerunt.
1090 1199 1186 1240 [792]
1203 1199 1230 1230 si
1247 1204 1365 1236 tacent,
1379 1208 1466 1231 recte
1481 1211 1488 1230 :
1513 1200 1540 1230 si
1552 1200 1691 1231 clamant

220 1255 370 1296 flentque,
381 1265 445 1284 non
454 1259 539 1284 recte
549 1263 582 1283 se
594 1253 744 1284 obtulisse
758 1252 805 1282 his
818 1252 914 1292 signis
928 1252 1112 1294 conjiciunt.
1139 1262 1323 1293 argumenta
1350 1263 1427 1284 saue
1449 1254 1483 1285 in
1502 1254 1689 1291 infantibus,

220 1319 298 1351 quas
310 1320 359 1340 res
374 1313 491 1344 ament,
509 1319 584 1348 quas
600 1307 734 1343 oderint,
753 1307 867 1337 clamor
883 1307 1037 1347 fletusque
1054 1316 1137 1343 sunt,
1153 1308 1241 1348 signa
1256 1308 1386 1338 minime
1402 1308 1574 1341 fortunata.
1597 1308 1688 1350 hujus

220 1364 264 1394 rei
287 1369 410 1404 tempus
438 1363 572 1393 triennio
597 1361 700 1391 minus
715 1371 779 1390 non
795 1367 844 1391 est
858 1372 864 1389 z
889 1360 974 1401 quod
991 1361 1126 1402 spatium
1141 1372 1205 1392 non
1221 1368 1268 1392 est
1283 1372 1380 1404 parva
1390 1363 1463 1393 vitae
1478 1362 1633 1404 particula
1647 1362 1689 1394 ad

221 1428 293 1448 eam
321 1426 403 1448 recte
432 1417 480 1446 vel
502 1421 609 1447 contra
633 1415 821 1451 ducendam,
837 1415 862 1445 si
878 1416 980 1457 ipsum
996 1422 1081 1446 recte
1097 1416 1146 1446 vel
1164 1422 1273 1447 contra
1289 1416 1426 1447 ducitur.
1471 1416 1549 1448 Cu.
1573 1416 1688 1448 Recte.

221 1471 361 1503 ATHEN.
386 1471 501 1502 Nonne
523 1471 649 1500 videtur
672 1469 758 1500 vobis
781 1469 916 1501 difficilis
940 1471 1032 1501 homo
1051 1480 1110 1501 nec
1126 1471 1192 1500 ullo
1205 1470 1299 1502 modo
1310 1471 1497 1512 tranquillus
1513 1481 1580 1502 esse
1592 1471 1687 1502 etiam

220 1526 371 1568 querulus
383 1531 477 1566 atque
493 1525 720 1565 gemebundus,
738 1524 818 1554 ultra
831 1534 925 1566 quam
940 1524 1054 1555 bonum
1072 1524 1172 1555 virum
1189 1525 1321 1556 deceat?
1346 1524 1424 1556 Cm.
1447 1525 1531 1556 Mihi
1547 1525 1687 1567 quidem.

221 1579 361 1612 Arum.
385 1580 420 1610 Si
448 1579 519 1620 quis
543 1578 630 1608 omni
657 1579 778 1608 ratione
802 1589 856 1619 pro
882 1578 1000 1609 viribus
1025 1586 1166 1615 conetur,
1183 1585 1217 1609 ut
1232 1580 1264 1609 in
1276 1580 1334 1610 hoc
1351 1579 1484 1610 triennio
1500 1590 1578 1621 puer
1593 1590 1689 1621 quam

221 1635 382 1667 minimum
397 1633 514 1669 dolore,
530 1638 617 1663 metu
636 1632 825 1673 tristitiaque
843 1633 1006 1669 afficiatur,
1022 1643 1126 1663 nonne
1143 1635 1233 1675 pueri
1248 1634 1370 1664 animus
1386 1633 1523 1675 pacatior
1535 1634 1687 1675 tranquil-

220 1691 338 1731 liorque.
366 1687 532 1719 reddetur?
578 1687 655 1719 Cm.
680 1686 885 1728 Perspicuum
911 1693 968 1723 est,
996 1688 1121 1729 hospeS,
1149 1688 1308 1729 multoque
1331 1688 1428 1719 etiam
1451 1688 1560 1729 magis.
1578 1688 1606 1719 si
1619 1689 1691 1729 quis

220 1755 291 1775 eum
308 1742 462 1785 invmultis
475 1741 688 1783 voluptatibus
699 1742 853 1773 educarit.
899 1741 1039 1772 Arnen.
1061 1742 1136 1773 Hoc
1150 1752 1209 1783 ego
1223 1742 1279 1772 tibi
1293 1753 1357 1773 non
1371 1743 1555 1779 concedam,
1571 1753 1590 1773 ο
1603 1743 1689 1774 miri·

219 1799 279 1830 fice
310 1797 424 1829 Clinia.
446 1807 520 1827 narn
548 1796 622 1827 talis
648 1796 808 1830 educatio.
840 1807 911 1827 cum
938 1796 973 1826 in
1001 1796 1155 1838 principio
1182 1797 1287 1827 statim
1317 1797 1514 1832 adhibeatur,
1545 1797 1687 1828 omnium

219 1853 358 1884 maxima
373 1851 527 1894 pernicies
544 1856 601 1882 est.
623 1851 786 1881 videamus
798 1849 903 1891 igitur,
918 1860 959 1881 an
974 1850 1143 1892 quicquam
1156 1851 1309 1882 dicamus.
1341 1849 1419 1883 Cm.
1443 1850 1521 1888 Dic,
1536 1851 1612 1893 quid
1629 1851 1687 1883 ais.

220 1907 359 1938 ATHEN.
384 1906 437 1937 De
463 1916 497 1936 re
526 1915 588 1936 non
615 1915 711 1946 parva
735 1915 753 1936 a
775 1905 866 1935 nobis
889 1905 940 1947 agi
965 1915 1049 1936 nunc
1072 1915 1193 1936 assero.
1215 1905 1344 1936 attende
1366 1911 1399 1936 et
1417 1912 1464 1942 tu,
1490 1904 1687 1947 Megille‚ac

219 1962 391 1993 sententias
405 1960 564 2001 utriusque
580 1959 730 2002 dijudica.
754 1969 823 1990 mea
837 1959 963 2000 quidem
981 1959 1057 1990 ratio
1072 1965 1189 1990 rectam
1206 1959 1305 1990 vitam
1320 1968 1439 1995 censet,
1459 1969 1520 1990 nec
1542 1959 1688 1999 volupta-

219 2022 268 2047 tes
280 2015 371 2057 sequi
385 2013 512 2045 omnino
528 2024 587 2045 nec
603 2013 710 2054 fugere
724 2013 851 2044 omnino
864 2014 988 2044 dolores
1003 2014 1129 2050 debere,
1146 2013 1202 2044 sed
1217 2013 1355 2044 medium
1371 2015 1474 2056 potius
1488 2015 1580 2045 illum
1595 2014 1686 2045 habi·

221 2075 288 2101 tum
314 2069 415 2111 sequi,
440 2078 534 2110 quem
559 2073 593 2098 et
615 2067 685 2108 ipse
713 2068 804 2097 modo
828 2067 1088 2108 tranquillitatem
1103 2068 1264 2104 vocabam,
1280 2074 1314 2099 et
1327 2079 1436 2099 omnes
1451 2068 1516 2100 Dei
1526 2069 1686 2110 proprium

219 2134 301 2160 esse,
316 2123 422 2154 divino
439 2121 574 2164 quodam
589 2121 714 2152 oraculo
726 2127 811 2152 recte
827 2121 1035 2162 conjicientes
1051 2123 1195 2153 fatemur.
1218 2123 1301 2153 hunc
1318 2122 1460 2152 habitum
1474 2123 1562 2164 sequi
1579 2122 1686 2158 debet,

219 2178 360 2220 quisquis
391 2176 548 2208 hominum
579 2174 702 2205 divinus
731 2179 780 2205 est
804 2174 936 2212 futurus,
963 2175 1043 2206 adeo
1070 2181 1104 2206 ut
1129 2186 1187 2207 nec
1217 2176 1283 2216 ipse
1305 2176 1344 2206 ad
1371 2176 1549 2217 voluptates
1559 2175 1687 2207 omnino

220 2232 366 2275 proclivis
381 2231 422 2262 sit
439 2242 445 2260 :
471 2229 610 2271 alioquin
626 2229 734 2270 procul
750 2239 769 2259 a
784 2228 892 2260 dolore
908 2239 971 2260 non
987 2230 1047 2260 erit
1061 2240 1067 2259 :
1094 2240 1151 2260 nec
1167 2229 1261 2260 alium
1278 2239 1481 2271 quemquam,
1495 2231 1560 2261 sive
1576 2240 1686 2262 senem

220 2287 284 2318 sive
295 2286 460 2328 juvenem,
476 2289 531 2315 aut
545 2284 719 2315 masculum
732 2289 786 2315 aut
801 2284 958 2319 feminam,
970 2284 1133 2325 indulgere
1150 2284 1363 2326 voluptatibus
1379 2285 1526 2326 patiatur,
1540 2285 1686 2316 minime·

220 2352 281 2383 que
307 2340 446 2371 omnium
471 2339 579 2369 statim
607 2344 698 2369 natos
726 2339 873 2369 infantes.
897 2338 1062 2369 firmissimi
1086 2339 1172 2369 enim
1193 2344 1267 2369 tunc
1291 2339 1439 2370 omnibus
1458 2349 1558 2371 mores
1574 2349 1687 2371 omnes

220 2400 343 2437 propter
372 2392 632 2425 consuetudinem
657 2393 871 2424 innascantur.
894 2403 953 2434 ego
979 2403 1065 2429 vero,
1093 2393 1152 2423 nisi
1182 2403 1305 2424 vererer
1326 2404 1367 2425 ne
1391 2393 1472 2425 forte
1484 2393 1584 2435 jocari
1598 2393 1690 2425 vobis

221 2449 338 2485 videar,
355 2448 493 2480 dicerem
508 2448 616 2488 utique
633 2447 775 2488 gravidas
787 2448 880 2478 etiarn
896 2448 1042 2479 mulieres
1057 2448 1191 2479 maxime
1206 2448 1345 2479 omnium
1358 2448 1412 2479 illo
1428 2448 1564 2479 annoita
1573 2458 1686 2490 regen-

221 2503 278 2534 das
292 2514 372 2539 esse,
386 2508 484 2533 utnec
497 2501 539 2532 ad
550 2502 724 2542 voluptates
734 2501 847 2532 multas
860 2502 1054 2543 furiosasque
1068 2502 1207 2533 ferantur
1217 2512 1320 2543 neque
1334 2501 1497 2533 doloribus
1508 2502 1683 2543 agitentur:

220 2558 276 2587 sed
293 2556 490 2597 tranquillam
505 2561 711 2597 pacatamque
726 2565 758 2587 et
773 2556 882 2587 mitem
898 2556 994 2587 vitain
1010 2563 1115 2598 agant.
1161 2557 1237 2589 CL1.
1260 2556 1334 2588 Non
1350 2566 1430 2598 opus
1441 2562 1502 2595 est,
1514 2557 1686 2596 hospes,ut

221 2610 391 2651 Megillum
414 2610 596 2651 interroges,
622 2610 720 2653 [793]
745 2617 813 2642 uter
835 2616 974 2642 nostrum
995 2611 1113 2642 rectius
1135 2612 1176 2642 sit
1197 2612 1329 2642 loeutus.
1352 2620 1412 2652 ego
1429 2610 1515 2642 enim
1529 2610 1685 2641 assentior

222 2663 290 2703 tibi,
312 2674 404 2694 merae
426 2664 597 2704 voluptatis
621 2665 758 2707 merique
781 2666 897 2697 doloris
917 2666 1013 2696 vitam
1036 2666 1219 2707 fugiendam
1241 2665 1383 2696 omnibus
1405 2674 1486 2700 esse,
1502 2670 1535 2695 et
1546 2663 1683 2696 mediam

221 2718 380 2760 quandam
403 2728 526 2758 semper
547 2719 725 2752 tenendam.
748 2730 843 2762 quare
865 2726 898 2751 et
921 2720 1028 2751 dixisti
1040 2726 1125 2751 recte
1139 2726 1234 2761 atque
1246 2719 1374 2751 audisti.
1418 2718 1558 2750 Aratu.
1580 2717 1683 2750 Recte

221 2771 365 2808 nimium,
389 2771 504 2803 Clinia.
526 2772 581 2803 scd
603 2773 683 2803 illud
706 2774 746 2804 ad
770 2775 837 2806 haec
859 2775 951 2806 simul
964 2780 1087 2805 omnest
1099 2784 1148 2805 res
1162 2774 1347 2815 cogitemus.
1393 2772 1471 2804 Cu.
1496 2771 1682 2809 Quidnam?

222 2825 361 2858 Arnen.
383 2825 478 2863 Quod
493 2837 563 2867 quae
580 2829 674 2858 modo
689 2827 835 2859 dicuntur
848 2838 865 2858 a
879 2828 980 2865 nobis,
995 2839 1033 2859 ca
1047 2828 1133 2870 leges
1149 2838 1211 2859 non
1227 2827 1351 2868 scripta:
1368 2836 1388 2857 a
1399 2825 1507 2857 multis
1519 2825 1682 2868 appellan-

222 2884 291 2910 tur:
317 2888 375 2910 nec
398 2879 466 2911 aliae
489 2887 572 2915 sunt,
598 2891 667 2921 quae
684 2881 770 2921 leges
799 2882 907 2923 patrias
923 2882 1132 2918 nominantur,
1147 2891 1242 2924 quam
1256 2879 1434 2923 hujusmodi
1448 2881 1566 2912 omnia.
1585 2885 1682 2922 atque
