1840 3225
199 207 276 243 312
791 201 1056 241 PLATONIS
1554 206 1651 257 [678

200 307 275 338 olim
305 306 462 338 Hesiodus
477 305 639 343 divinavit,
653 315 687 337 re
702 311 806 337 autem
827 306 1032 348 Epimenides
1046 305 1114 346 ipse
1130 306 1272 347 perfecit,
1289 311 1324 336 ut
1337 316 1393 338 vos
1407 307 1554 338 asseritis.
1578 307 1656 340 Cn.

202 360 382 392 Asserimus
395 361 502 403 plane.
547 359 684 392 Arnim.
707 359 756 391 Ex
770 370 808 391 ea
833 361 942 403 utique
959 359 1175 391 devastatione
1200 370 1346 402 magnam
1359 361 1588 403 terribilemque
1601 363 1658 392 hu-

201 415 301 446 manis
316 416 347 446 in
359 415 450 446 rebus
465 415 694 446 desolationem
719 414 869 446 accidisse
897 420 971 446 tunc
986 415 1168 445 arbitramur
1183 426 1189 444 ε
1214 415 1365 446 fertilium
1379 425 1519 455 agrorum
1535 415 1660 457 magni-

200 469 342 501 tudinem
365 470 530 506 desertam,
547 470 721 511 ceterisque
744 470 928 500 animalibus
943 470 1094 510 corruptis
1118 470 1166 499 vix
1183 470 1277 500 bourn
1299 479 1522 511 caprarumque
1549 479 1660 511 genus,

200 529 233 555 et
247 524 327 555 illud
341 523 466 565 quidem
481 534 584 555 rarum
596 524 738 555 relictum
754 524 861 560 fuisse,
878 524 975 566 [678]
1000 524 1113 565 quibus
1129 523 1297 565 pascendis
1312 530 1387 554 tunc
1405 524 1548 555 homines
1564 523 1658 555 vitam

200 579 345 620 agebant.
390 578 466 610 Cm.
491 578 553 609 Cui
581 577 710 609 dubium
735 578 745 608 ?
792 577 931 610 Arnen.
956 578 1104 609 Civitatis
1133 589 1206 609 vero
1237 584 1270 609 et
1298 578 1474 620 disciplinae
1501 578 1604 609 civilis
1629 583 1663 609 et

199 632 315 674 legum,
332 632 372 663 de
398 633 510 674 quibus
539 642 677 674 praesens
703 642 722 663 a
751 633 841 663 nobis
867 643 968 663 sermo
997 632 1140 669 habetur,
1157 633 1309 674 numquid
1332 632 1517 664 memoriam
1532 633 1661 674 quidem

199 687 306 723 ullam,
321 692 358 717 ut
383 687 428 717 ita
455 687 574 728 loquar,
590 686 687 718 fuisse
714 687 885 728 putamus?
931 686 1008 718 Cn.
1031 686 1162 717 Nullam
1188 697 1320 728 prorsus.
1366 686 1505 718 Arnim.
1527 686 1581 718 An
1598 697 1660 718 non

201 752 237 772 ex
252 741 316 772 illis
329 741 375 772 ita
389 740 551 783 dispositis
565 741 654 771 nobis
678 742 745 772 haec
769 741 873 772 omnia
899 746 1119 782 provenerunt,
1136 741 1272 772 civitatis
1285 741 1523 783 disciplinaeque
1539 741 1661 778 civiles,

202 800 294 832 artes,
311 795 407 837 legeS,
424 802 456 827 et
470 795 614 826 vitiorum
630 799 724 836 atque
740 795 860 826 virtutis
886 805 950 825 non
966 806 1061 836 parva
1076 795 1168 837 copia
1184 795 1196 825 ?
1242 794 1318 827 Cu.
1342 795 1413 832 Quo
1428 802 1522 836 pacto
1537 794 1571 825 id
1587 795 1634 826 ais
1649 795 1660 824 ?

201 848 340 880 A‘rnnn.
363 848 528 890 Numquid
553 849 744 884 arbitramur,
788 859 807 880 o
827 849 873 880 vir
888 849 1028 885 mirifice,
1042 859 1096 880 eos
1126 849 1278 884 homines,
1295 859 1366 880 cum
1393 850 1572 886 multorum,
1589 859 1661 891 quae

199 903 283 934 inter
298 904 381 934 cives
394 904 527 933 honesta
549 903 702 933 habentur
717 902 766 933 vel
779 903 894 943 turpia,
910 902 1010 944 ignari
1034 908 1151 938 essent,
1169 913 1305 934 summos
1320 903 1368 934 vel
1384 904 1417 934 in
1433 904 1545 934 virtute
1561 903 1612 934 vel
1628 904 1662 935 in

199 957 276 988 vitio
300 957 475 989 exstitisse?
522 955 599 987 Cn.
623 956 724 987 Probe
751 956 878 986 dixisti:
904 961 947 993 et,
963 956 1047 998 quod
1073 957 1132 993 vis,
1147 957 1363 997 intelligimus.
1406 956 1545 988 Arnen.
1566 957 1663 988 Tem-

199 1021 274 1052 pore
295 1010 391 1052 igitur
417 1009 649 1052 progrediente,
663 1020 699 1041 ac
728 1020 843 1052 genere
869 1010 1029 1041 hominum
1059 1011 1275 1052 multiplicato,
1292 1010 1333 1042 ad
1361 1021 1444 1048 eum,
1460 1021 1554 1053 quem
1579 1021 1665 1043 nunc

199 1064 353 1101 videmus,
366 1064 508 1095 habitum
526 1069 675 1106 provecta
689 1065 793 1096 onmia
809 1071 893 1096 sunt.
940 1065 1015 1096 ΟΜ.
1039 1064 1142 1095 Recte
1158 1064 1338 1096 admodum.
1385 1065 1524 1098 Arni-:an
1548 1065 1665 1108 Neque

200 1124 306 1150 tamen
321 1119 433 1155 subito,
450 1124 484 1149 ut
498 1118 665 1150 verisimile
681 1124 740 1155 est,
757 1119 815 1150 sed
841 1118 992 1160 paulatim
1014 1120 1172 1161 longoque
1198 1120 1230 1150 in
1242 1126 1395 1161 tempore.
1441 1120 1518 1152 Cu.
1561 1120 1666 1152 Valde

199 1173 245 1204 sic
267 1174 370 1205 decet.
415 1172 555 1204 Arnen.
599 1173 636 1204 In
662 1183 790 1215 campos
814 1173 899 1204 enim
915 1184 952 1204 ex
968 1174 1185 1205 cacuminibus
1215 1175 1369 1205 montium
1395 1184 1506 1206 recens
1531 1174 1666 1207 formido

200 1227 393 1259 descendere
408 1227 604 1269 prohibebat.
649 1226 727 1258 Cn.
752 1227 857 1258 Certe.
903 1226 1042 1259 Arnen.
1066 1228 1183 1259 Nonne
1209 1234 1242 1260 et
1256 1234 1386 1270 propter
1399 1230 1590 1271 paucitatem
1604 1229 1668 1261 illis

201 1282 395 1324 temporibus
422 1287 527 1313 mutuo
550 1282 632 1313 inter
648 1293 681 1313 se
702 1287 832 1323 aspectu
856 1282 1162 1322 congratulabantur,
1178 1283 1348 1324 praesertim
1376 1294 1445 1314 cum
1466 1294 1570 1326 neque
1584 1289 1668 1316 terra

201 1347 304 1378 neque
321 1337 397 1368 mari
411 1336 561 1367 transitus
576 1336 617 1367 ad
630 1337 708 1367 alios
721 1336 824 1367 facilis
852 1336 958 1372 fuerit,
975 1337 1119 1368 omnibus
1133 1337 1230 1367 ferme
1245 1337 1284 1367 ad
1299 1337 1462 1368 transitum
1476 1338 1665 1369 instrumen-

200 1390 242 1421 tis
257 1390 372 1421 deletis
388 1400 448 1421 nna
465 1401 533 1422 cum
556 1391 701 1421 artibus?
726 1396 917 1432 quapropter
942 1390 1078 1422 Invicem
1102 1391 1270 1422 convenire
1295 1400 1359 1422 non
1375 1398 1530 1433 poterant.
1552 1392 1668 1424 ferrum

200 1454 335 1486 namque
350 1450 384 1475 et
406 1455 447 1475 aes
470 1450 502 1475 et
530 1445 661 1476 metalla
689 1445 796 1476 omnia
825 1445 953 1476 confusa
981 1445 1150 1486 perierant,
1169 1451 1202 1476 ut
1229 1445 1360 1476 inveniri
1381 1451 1413 1476 et
1430 1446 1461 1476 in
1483 1446 1586 1478 lucem
1599 1448 1666 1478 erui

201 1509 264 1530 non
280 1504 427 1541 possent:
452 1499 536 1530 unde
551 1504 584 1530 et
609 1500 764 1540 lignorum
789 1499 867 1530 fabri
891 1510 954 1530 non
982 1504 1082 1531 erant.
1103 1510 1178 1530 nam
1202 1500 1260 1530 etsi
1282 1500 1409 1541 aliquod
1427 1500 1668 1532 instrumentum

200 1553 346 1584 relictum
361 1553 549 1594 quandoque
564 1553 597 1584 in
626 1554 784 1585 montibus
807 1554 1003 1595 superfuerit,
1020 1553 1082 1585 cito
1108 1558 1214 1584 tamen
1235 1555 1400 1584 contritum
1425 1555 1554 1586 evanuit
1567 1567 1577 1595 3
1608 1565 1669 1588 nec

202 1607 266 1638 alia
279 1607 346 1638 fieri
366 1612 521 1649 poterant,
538 1612 706 1650 antequam
730 1618 780 1638 ars
804 1608 967 1639 metallica
996 1607 1171 1639 hominibus
1196 1608 1309 1638 iterum
1340 1609 1547 1641 inveniretur.
1592 1608 1672 1642 Cu.

204 1661 278 1698 Quo
309 1661 390 1692 enim
422 1666 515 1703 pacto
545 1662 636 1693 aliter
665 1662 732 1693 ficri
760 1662 935 1704 potuisset?
983 1662 1124 1693 Aruns.
1160 1663 1248 1699 Quot
1277 1655 1383 1694 autem
1416 1664 1670 1705 generationibus

203 1720 315 1757 postea
330 1716 361 1746 id
387 1716 506 1747 factum
534 1726 602 1747 esse
633 1717 808 1757 putamus?
854 1716 933 1748 Cu.
956 1716 1101 1748 Profecto
1127 1717 1246 1748 multis.
1291 1716 1428 1749 Anum.
1454 1717 1556 1759 Igitur
1575 1725 1670 1757 artes,

203 1780 399 1812 quaecunque
413 1770 492 1801 ferro
508 1775 636 1801 utuntur
661 1777 694 1801 et
721 1781 793 1807 aere,
808 1771 984 1812 ceterisque
1012 1771 1192 1812 hujusmodi
1220 1771 1374 1807 omnibus,
1391 1771 1505 1803 eodem
1517 1778 1671 1814 tempore,

205 1823 300 1855 immo
327 1824 424 1855 etiam
452 1825 580 1867 majore,
597 1825 780 1866 ignorantiae
811 1825 950 1856 tenebris
979 1825 1087 1856 obsitae
1114 1825 1347 1866 ignorabantur.
1393 1825 1471 1857 Cu.
1495 1826 1622 1858 Certum
1637 1827 1672 1858 id

205 1883 263 1910 ost.
308 1878 448 1910 Arum.
472 1879 559 1917 Quin
579 1879 673 1910 etiam
702 1890 805 1921 neque
832 1879 946 1910 seditio
960 1879 1018 1911 illo
1044 1885 1186 1921 tempore
1212 1889 1313 1921 neque
1342 1879 1460 1910 bellum
1472 1886 1547 1911 erat.
1594 1881 1673 1914 Cu.

208 1933 282 1970 Qua
303 1932 449 1963 ratione?
495 1933 635 1965 ΑΤΗΕΝ.
658 1933 776 1970 Primo,
793 1933 878 1975 quod
908 1939 1037 1975 propter
1066 1933 1295 1965 desolationem
1325 1933 1448 1965 ardenti
1473 1945 1506 1965 se
1537 1934 1674 1967 invicem

206 1987 428 2018 benevolentia
448 1988 739 2028 complectebantur
777 1988 873 2030 [679]
899 1987 1027 2024 deinde,
1043 1989 1125 2029 quod
1153 1988 1241 2018 cibus
1266 1988 1385 2018 bellum
1408 1999 1470 2020 non
1487 1989 1676 2021 concitabat.

206 2050 389 2082 pascuorum
406 2042 488 2072 enim
502 2042 588 2072 nulla
605 2048 671 2072 erat
698 2042 817 2084 inopia,
832 2043 893 2073 nisi
909 2042 987 2073 forte
1004 2041 1192 2084 quibusdam
1219 2042 1329 2084 paucis
1354 2043 1393 2073 ab
1408 2043 1500 2074 initio
1516 2055 1522 2073 :
1550 2043 1675 2086 pascuis

206 2099 310 2125 autem
327 2094 493 2136 plurimum
509 2095 570 2125 illis
586 2096 778 2137 temporibus
806 2096 902 2126 vitam
930 2096 1076 2137 agebant,
1093 2097 1184 2127 lactis
1212 2097 1287 2127 item
1303 2102 1335 2127 et
1351 2097 1488 2129 carnium
1505 2098 1597 2139 copia
1608 2109 1673 2130 non

205 2149 338 2179 deerat:
363 2159 399 2180 ac
414 2149 539 2180 venatio
556 2149 650 2180 facile
677 2150 837 2190 alimenta,
853 2160 912 2181 nec
938 2150 993 2180 illa
1022 2150 1149 2191 quidem
1178 2151 1270 2186 mala,
1286 2150 1520 2191 suppeditabat.
1542 2152 1676 2183 vestitus

206 2208 368 2245 praeterea,
384 2208 636 2239 stramentorum,
654 2203 900 2234 habitaculorum
930 2204 1186 2246 vasculorumque
1214 2209 1281 2234 tam
1309 2205 1473 2245 igneorum
1489 2215 1582 2246 quam
1610 2216 1674 2237 non

207 2257 368 2299 igneorum
385 2258 508 2298 copiam
534 2258 703 2288 habebant.
725 2263 808 2288 artes
835 2258 953 2300 quippe
971 2258 1112 2299 fingendi
1139 2264 1232 2299 atque
1261 2258 1392 2289 texendi
1419 2258 1499 2290 fer-ro
1513 2269 1577 2291 non
1594 2260 1675 2292 indi-

209 2316 305 2353 gent:
331 2311 444 2353 quibus
465 2313 531 2343 haec
548 2312 652 2342 omnia
676 2312 740 2343 Dei
767 2317 847 2343 nutu
868 2313 1099 2354 consequimur,
1118 2318 1152 2343 nt
1180 2312 1206 2342 si
1235 2313 1362 2354 quando
1376 2313 1516 2344 homines
1531 2314 1562 2344 iu
1578 2315 1676 2346 talem

207 2365 419 2397 calamitatem
448 2365 633 2402 deciderint,
650 2367 818 2408 propagari
847 2377 944 2408 genus
972 2368 1142 2397 humanum
1175 2367 1284 2408 possit.
1329 2367 1401 2398 Hac
1424 2367 1464 2399 de
1489 2377 1585 2400 causa
1611 2379 1676 2400 non

208 2419 301 2450 valde
333 2419 443 2461 inopes
474 2425 574 2457 erant,
589 2430 694 2462 neque
724 2419 831 2462 inopia
863 2421 1135 2462 compellebantur
1163 2420 1205 2452 ad
1234 2421 1329 2451 bella.
1360 2421 1474 2453 divites
1498 2423 1596 2454 etiam
1610 2422 1678 2454 fieri

209 2474 337 2504 minime
368 2478 524 2515 poterant,
538 2485 606 2506 cum
635 2485 738 2517 neque
768 2485 875 2506 aurum
907 2486 1013 2516 neque
1046 2480 1209 2517 argentum
1239 2475 1401 2508 haberent.
1425 2476 1458 2506 in
1487 2486 1676 2518 quocunque

209 2538 282 2558 vero
299 2529 457 2559 hominum
474 2533 556 2560 coetu
568 2539 627 2561 nec
642 2529 749 2571 inopia.
772 2540 876 2571 neque
899 2529 1017 2560 divitiae
1045 2536 1127 2566 sunt,
1144 2530 1217 2561 huic
1229 2529 1397 2571 justissimi
1410 2539 1514 2561 mores
1529 2530 1674 2563 aderunt.

211 2592 312 2623 neque
328 2581 411 2612 enim
426 2582 467 2612 ibi
485 2583 673 2614 contumelia
688 2594 790 2625 neque
807 2583 922 2625 injuria
952 2584 1055 2615 locum
1069 2585 1176 2615 habet.
1199 2584 1356 2615 aemulatio
1370 2593 1492 2626 quoque
1508 2590 1542 2615 et
1555 2583 1675 2616 invidia

210 2636 316 2677 procul
343 2635 442 2667 abest.
465 2636 513 2666 his
539 2637 632 2678 igitur
653 2637 693 2668 de
718 2638 821 2669 causis
844 2638 919 2668 boni
943 2644 1042 2674 erant,
1059 2649 1095 2670 ac
1119 2637 1256 2669 maxime
1278 2644 1404 2679 propter
1427 2638 1676 2679 simplicitatem.

210 2700 404 2731 quaecunque
420 2690 504 2720 enim
521 2691 690 2722 audiebant
704 2693 836 2723 honesta
860 2702 929 2723 esse
945 2693 996 2723 vel
1022 2693 1134 2734 turpia,
1151 2698 1277 2734 propter
1293 2692 1526 2733 simplicitatem
1543 2691 1675 2724 creden-

209 2749 259 2774 tes
272 2754 340 2774 esse
367 2754 448 2779 vera,
463 2745 591 2775 monitis
616 2746 885 2788 obtemperabant,
908 2757 967 2778 nec
992 2748 1075 2778 ullus
1102 2752 1232 2788 propter
1255 2745 1417 2787 sapientire
1433 2745 1626 2786 opinionem,
1642 2751 1678 2777 ut

211 2799 305 2829 modo
320 2797 364 2834 fit,
381 2797 419 2828 de
450 2798 615 2830 mendacio
642 2801 876 2842 suspicabatur:
902 2800 969 2837 scd,
987 2812 1056 2843 quae
1085 2801 1125 2831 de
1145 2801 1219 2832 Diis
1231 2806 1262 2831 et
1286 2799 1464 2831 hominibus
1479 2799 1674 2837 dicebantur,

211 2862 285 2883 vera
312 2856 469 2893 putantes,
487 2853 592 2893 quiete
622 2855 661 2884 ad
694 2856 760 2886 liaec
788 2856 883 2886 vitam
914 2866 1002 2886 suam
1030 2855 1248 2886 instituebant.
1269 2853 1471 2896 quamobrem
1494 2854 1571 2885 tales
1587 2861 1678 2885 erant

212 2906 350 2942 omnino,
369 2906 479 2948 quales
509 2907 604 2948 paulo
631 2914 702 2939 ante
732 2910 934 2941 nan-avimus.
981 2909 1059 2941 Cu.
1083 2909 1150 2951 Ego
1175 2908 1302 2951 quidem
1330 2914 1363 2938 et
1388 2908 1447 2938 iste
1478 2907 1535 2939 tibi
1565 2908 1600 2939 in
1626 2908 1676 2939 his

212 2960 433 2993 consentimus.
477 2960 614 2997 Anum.
637 2962 783 2995 Diximus
809 2975 899 3006 porro
915 2965 1133 3008 generationes
1150 2964 1264 2996 multas
1288 2962 1331 2994 ita
1346 2963 1501 3000 viventes,
1517 2967 1582 2994 tam
1596 2961 1673 2998 illis,
