1840 3225
136 217 206 268 26]
760 215 992 277 Tuifljus,
1510 218 1582 254 <241

130 322 271 353 homines
287 322 420 353 edlrura.
444 323 488 352 his
505 322 609 362 itaque
628 320 758 360 legibus,
785 319 831 350 vel
849 321 940 350 etiam
957 321 1184 352 honestioribus
1198 321 1444 353 institutionibus
1461 320 1583 350 fortnati

129 382 246 407 veteres
265 376 480 411 Athenienses,
497 376 580 406 omui
599 375 743 405 virtutum
761 384 874 415 genere
890 374 1000 404 ceteris
1017 376 1159 405 omnibns
1170 377 1391 411 excelluerunt,
1406 381 1438 405 ut
1451 374 1586 404 decebat

128 440 192 467 eos,
211 432 263 472 qui
280 431 348 461 Diis
374 430 470 471 geniti
486 428 660 469 eruditique
686 434 800 460 essent.
825 428 923 458 multa
950 428 1075 469 quidem
1099 436 1130 460 et
1154 430 1302 461 mirabilia
1326 436 1433 460 vestrm
1449 428 1586 460 civitatis

128 495 223 526 opera
237 485 269 515 in
284 484 491 515 monumentis
505 483 616 513 nostris
632 482 788 522 leguntur,
804 483 856 512 sed
876 493 969 512 unum
990 484 1204 524 magnitudine
1220 491 1250 514 ct
1266 485 1376 515 virtute
1392 483 1582 525 praecipuum

125 538 259 570 facinus.
284 539 412 568 truditur
426 538 508 568 enirn
531 542 629 567 vestra
646 536 755 566 civitas
779 537 925 566 restitisse
949 538 1021 567 olim
1041 538 1206 569 innumeris
1232 538 1365 569 hostium
1384 537 1496 579 copiis,
1511 547 1582 577 quae

125 603 163 623 ex
181 592 339 624 Atlantico
367 593 440 622 mari
458 591 606 633 profectae
631 601 728 632 prope
748 591 813 631 jam
838 598 982 621 cunctam
1007 591 1164 633 Europam
1192 592 1361 633 Asiamque
1385 592 1583 622 obsederant.

124 652 200 678 tune
215 647 297 678 enim
315 652 381 677 erat
404 646 514 677 fretum
530 645 608 676 illud
627 645 812 685 navigabile,
829 645 945 675 habeus
963 646 992 675 in
1018 656 1069 676 ore
1085 652 1117 677 et
1140 647 1227 688 quasi
1244 646 1395 677 restibulo
1412 646 1480 686 ejus
1496 646 1580 675 insu-

123 700 197 738 lam,
208 711 285 742 quas
301 700 446 731 Herculis
462 700 620 731 columnas
631 699 858 740 cognominatis
873 710 880 728 ε
897 700 1162 741 ferturqueinsula
1174 701 1227 731 illa
1241 700 1343 742 Libya
1359 700 1447 730 simul
1464 705 1495 730 et
1507 699 1582 729 Asia

122 754 221 796 major
234 755 329 786 fuisse
344 766 352 792 ;
375 764 430 796 per
445 763 537 795 quam
554 753 593 784 ad
611 753 686 784 alias
715 753 869 794 proximas
886 752 1002 784 insulas
1019 755 1146 795 patebat
1168 755 1282 795 aditus,
1299 759 1392 795 atque
1415 764 1452 784 ex
1471 753 1580 783 insulis

121 809 161 840 ad
178 819 300 840 omnem
316 809 530 840 continentem
546 819 563 840 e
588 813 759 849 conspectu
780 808 950 848 jacentem,
976 808 1051 849 [25]
1078 819 1147 839 vero
1165 810 1237 839 mari
1263 809 1406 839 vicinam.
1429 807 1482 839 sed
1500 808 1580 838 intra

121 872 157 894 os
172 863 274 905 ipsum
289 869 395 905 portus
412 869 545 904 angusto
564 864 631 893 sinu
642 862 735 893 fuisse
746 861 885 894 traditur.
909 862 1038 903 pelagus
1050 863 1126 893 illud
1140 873 1244 894 verum
1259 874 1352 899 mare,
1364 868 1442 893 terra
1452 871 1578 903 quoque

120 917 177 948 illa
191 928 262 949 vere
287 923 352 949 erat
367 918 547 949 continens.
571 918 606 948 in
628 918 686 947 hac
709 916 873 947 Atlantide
897 915 998 947 insula
1021 917 1151 947 maxima
1178 923 1210 947 et
1232 917 1420 948 admirabilis
1437 915 1580 958 potentia

118 971 238 1002 exstitit
251 982 369 1014 regum,
385 973 440 1013 qui
456 972 515 1002 toti
530 972 638 1002 insulae
653 971 698 1001 illi
712 971 879 1011 multisque
896 971 963 1001 aliis
976 977 1008 1001 et
1023 972 1164 1001 maximae
1177 978 1263 1002 terrae
1280 971 1470 1003 continentis
1486 970 1578 1012 parti,

121 1031 268 1066 praeterea
283 1031 316 1056 et
329 1026 388 1063 his,
402 1036 472 1067 quae
488 1035 584 1067 penes
608 1035 672 1056 non
689 1030 772 1060 sunt,
789 1025 1049 1055 dominabantur:
1076 1026 1230 1067 siquidem
1246 1027 1344 1057 tertiae
1361 1025 1468 1057 mundi
1484 1024 1576 1066 parti,

120 1089 192 1120 quae
218 1079 323 1121 Libya
345 1079 470 1115 dicitur,
495 1089 595 1120 usque
623 1080 662 1109 ad
689 1079 867 1121 AEgyptum
895 1079 1145 1120 imperaverunt3
1169 1080 1303 1122 Europae
1329 1091 1399 1110 vero
1423 1090 1520 1120 usque
1537 1079 1576 1109 ad

119 1133 315 1176 Tyrrhenum
332 1144 426 1165 mare.
449 1135 556 1164 horum
587 1133 630 1164 vis
646 1135 746 1163 ornnis
761 1144 822 1164 una
847 1133 979 1165 collecta
995 1141 1141 1169 nostram,
1156 1145 1174 1164 ο
1198 1134 1306 1174 Solon,
1323 1139 1517 1175 vestramque
1532 1143 1577 1163 re-

120 1188 258 1230 gionem,
275 1194 308 1220 et
321 1189 470 1230 quicquid
486 1189 566 1218 intra
579 1188 740 1219 columnas
757 1188 904 1219 Herculis
916 1188 1144 1224 continebatur,
1155 1189 1280 1219 invasit.
1298 1194 1372 1219 tunc
1385 1194 1491 1218 vestrae
1502 1188 1576 1218 civi-

121 1243 192 1274 tatis
207 1243 304 1274 virtus
327 1243 360 1273 in
387 1253 495 1274 omnes
516 1248 624 1284 gentes
647 1242 773 1273 enituit.
796 1253 866 1283 quae
893 1253 963 1274 cum
991 1253 1097 1273 omnes
1120 1243 1373 1284 magnanimitate
1396 1242 1577 1283 bellicisque

121 1297 237 1328 artibus
252 1297 463 1337 antecelleret,
481 1296 590 1337 partim
607 1307 667 1326 una
684 1307 754 1326 cum
769 1296 838 1326 aliis
853 1295 985 1331 Graecis,
1009 1296 1118 1337 partim
1135 1297 1210 1332 sola,
1227 1297 1338 1327 ceteris
1353 1296 1578 1332 deserentibus,

118 1356 255 1382 extrema
269 1352 449 1382 discrimina
463 1351 558 1382 subiit
573 1352 739 1391 hostesque
755 1350 957 1391 expugnavit,
973 1350 1080 1381 amicis
1095 1356 1213 1381 servata
1230 1350 1276 1381 vel
1291 1350 1411 1381 reddita
1424 1350 1577 1381 libertate.

120 1410 192 1446 post
206 1406 273 1436 haec
287 1406 406 1446 ingenti
424 1411 509 1436 terrae
527 1410 610 1436 motu
624 1403 757 1446 jugique
781 1404 842 1434 diei
868 1404 958 1434 unius
981 1409 1013 1434 et
1036 1405 1136 1435 noctis
1153 1404 1302 1435 illuvione
1328 1405 1443 1435 factum
1461 1409 1518 1441 est,
1542 1409 1578 1434 ut

119 1465 197 1491 terra
214 1459 378 1491 dehiscens
394 1465 509 1491 vestros
524 1460 594 1490 illos
609 1470 672 1490 una
697 1468 805 1489 onmes
829 1458 994 1489 bellicosos
1020 1459 1161 1489 homines
1177 1459 1364 1495 absorberet,
1380 1464 1412 1489 et
1438 1458 1578 1489 Atlantis

117 1514 219 1545 insula
235 1516 292 1544 sub
309 1519 395 1545 vasto
411 1515 532 1556 gurgite
557 1519 754 1555 mergeretur.
777 1523 869 1554 quam
895 1513 935 1543 ob
959 1523 1081 1543 causam
1107 1513 1318 1554 innavigabile
1344 1514 1472 1555 pelagus
1499 1513 1576 1544 illud

117 1573 247 1611 propter
261 1569 415 1611 absorptae
429 1569 538 1600 insulae
555 1569 661 1599 limum
678 1567 817 1599 relietum
833 1567 906 1598 suit.
951 1567 1041 1603 Haec,
1054 1578 1072 1598 o
1085 1568 1240 1604 Socrates,
1253 1578 1370 1602 eorum,
1382 1578 1452 1609 quae
1464 1567 1577 1598 Critias

118 1622 218 1664 major
231 1633 248 1653 a
264 1622 380 1654 Solone
403 1629 533 1664 accepta
557 1623 710 1659 narrabat,
726 1632 845 1653 summa
861 1627 919 1653 est.
944 1622 998 1652 sed
1022 1622 1096 1652 dum
1114 1622 1268 1663 praeterito
1284 1622 1336 1653 die
1350 1623 1390 1653 de
1406 1632 1437 1652 re
1452 1621 1578 1663 publica

117 1677 302 1719 civibusque
315 1677 378 1708 suis
394 1677 571 1714 dissereres,
587 1677 683 1708 subiit
698 1677 775 1707 mihi
791 1675 934 1718 quaedam
952 1687 989 1707 ex
1005 1676 1220 1708 recordatione
1236 1677 1411 1712 admiratio,
1425 1676 1575 1717 cogitanti

119 1730 267 1762 videlicet
281 1731 388 1762 divina
402 1732 536 1772 quadam
553 1736 634 1762 sorte
648 1731 765 1762 factum
781 1742 860 1766 esse,
874 1736 909 1761 ut
924 1730 1082 1761 simillima
1095 1731 1237 1772 quaedam
1254 1731 1338 1761 haud
1356 1731 1394 1760 ab
1410 1741 1441 1761 re
1454 1730 1578 1761 Solonis

119 1786 257 1816 historiae
273 1786 419 1817 traderes.
442 1787 481 1817 ob
496 1795 564 1816 eam
582 1796 653 1817 vero
667 1795 791 1817 causam
807 1785 881 1816 nihil
897 1790 972 1816 tunc
987 1785 1112 1825 protuli,
1131 1785 1205 1827 [26]
1222 1785 1370 1826 quoniam
1382 1796 1418 1815 ex
1429 1784 1577 1814 diuturna

119 1839 311 1881 negligentia
324 1850 386 1870 non
404 1841 477 1871 satis
502 1840 729 1871 reminiscebar.
752 1840 850 1870 satius
865 1840 958 1880 igitur
984 1840 1051 1880 ipse
1067 1840 1188 1876 censui,
1203 1844 1248 1874 ut,
1274 1839 1450 1881 priusquam
1465 1838 1575 1869 referre

119 1893 206 1925 vobis
222 1894 404 1936 inciperem,
430 1905 551 1926 mecum
574 1895 644 1936 ipse
670 1901 854 1936 repeterem.
878 1894 950 1924 ideo
974 1904 1045 1924 vero
1069 1894 1171 1924 statim
1195 1894 1326 1934 imperio
1350 1898 1404 1923 tuo
1419 1892 1575 1929 consensi,

116 1946 191 1990 quia
203 1947 411 1985 confidebam,
428 1954 462 1980 ut
476 1949 508 1979 in
525 1949 613 1980 rebus
627 1948 805 1989 hujusmodi
824 1949 955 1979 maxime
969 1949 1072 1987 decet,
1090 1947 1208 1989 aliquid
1226 1958 1288 1984 me,
1304 1948 1389 1989 quod
1406 1948 1575 1989 propositae

117 2002 162 2032 rei
176 2008 374 2043 congrueret,
391 2007 592 2044 reperturum.
615 2003 656 2033 ita
673 2003 750 2043 heri,
769 2008 802 2033 ut
816 2003 873 2033 iste
896 2001 952 2038 ait,
977 2007 1049 2043 post
1061 2002 1228 2033 discessum
1254 2003 1393 2043 protinus
1409 2002 1467 2038 his,
1483 2007 1576 2042 prout

117 2061 194 2087 tunc
210 2056 405 2092 recordabar,
421 2057 572 2088 recensui.
597 2067 614 2086 a
627 2057 788 2088 nocturnis
802 2057 917 2088 deinde
934 2056 1046 2098 vigiliis
1062 2066 1152 2098 paene
1169 2056 1272 2086 omnia
1289 2056 1478 2098 recuperavi.
1503 2066 1574 2097 pro-

117 2109 215 2150 iecto,
229 2119 299 2151 quae
315 2110 346 2140 in
364 2111 496 2151 pueritia
519 2110 678 2147 discimus,
704 2111 821 2141 diutius
845 2111 1034 2152 firmiusque,
1052 2116 1087 2141 ut
1113 2111 1218 2146 fertur,
1236 2111 1412 2141 meminisse
1429 2110 1574 2141 solemus.

117 2168 212 2206 atque
227 2164 310 2194 haud
327 2164 404 2202 scio,
427 2174 466 2196 an
482 2175 552 2206 quae
570 2165 635 2196 heri
663 2165 780 2201 audivi,
796 2166 905 2196 referre
932 2175 1015 2195 nunc
1033 2165 1136 2196 omnia
1153 2165 1327 2196 memoriter
1342 2164 1455 2206 possim
1473 2177 1479 2195 :
1505 2175 1575 2206 quae

116 2228 189 2249 vero
215 2228 290 2260 puer
312 2219 433 2260 accepi,
461 2219 593 2250 mirabor
616 2219 776 2261 equidem,
801 2220 824 2250 si
848 2220 924 2261 quid
941 2230 1045 2251 eorum
1070 2231 1086 2251 e
1103 2220 1248 2250 memoria
1264 2219 1337 2250 mibi
1353 2219 1513 2250 exciderit.
1537 2229 1576 2249 ea

117 2271 237 2314 quippe
251 2283 322 2304 cum
341 2273 500 2314 voluptate
513 2279 545 2304 et
557 2273 633 2314 joco
656 2274 832 2310 audiebam,
849 2284 919 2305 curn
944 2279 976 2305 et
991 2284 1084 2305 senex
1109 2274 1160 2305 ille
1177 2274 1306 2305 libenter
1322 2284 1370 2303 me
1383 2274 1521 2309 doceret,
1544 2278 1577 2304 et

117 2335 178 2367 ego
191 2327 231 2357 ab
247 2327 300 2358 illo
315 2328 424 2358 sedulo
437 2328 619 2359 sciscitarer.
642 2333 832 2370 quapropter
846 2328 932 2370 quasi
949 2330 1092 2369 quaedam
1110 2329 1264 2360 literarum
1278 2328 1390 2359 inustae
1400 2327 1577 2359 indelebili-

119 2384 167 2410 ter
182 2385 266 2411 notae
280 2391 317 2411 ea
333 2381 405 2412 mihi
421 2382 525 2412 omnia
549 2382 644 2412 infixa
667 2383 821 2413 memoriae
849 2389 1094 2424 permanserunt.
1117 2388 1212 2424 atque
1239 2383 1285 2413 bis
1301 2383 1393 2413 etiam
1409 2387 1482 2412 ante
1505 2381 1578 2412 solis

118 2439 218 2464 ortum
236 2434 304 2474 ipsa
319 2435 449 2470 narrari,
467 2441 501 2466 ut
516 2446 577 2466 una
594 2446 713 2467 mecum
729 2443 833 2468 essent
848 2437 887 2469 ad
903 2438 982 2468 hanc
999 2438 1168 2468 orationem
1187 2437 1366 2478 paratiores.
1411 2436 1526 2467 Verum
1541 2440 1578 2465 ut

119 2487 159 2518 ad
174 2486 219 2523 id,
235 2497 297 2528 quo
313 2488 380 2519 haec
397 2489 498 2519 omnia
514 2496 670 2530 spectant,
694 2501 743 2521 me
768 2491 938 2528 conferam,
957 2496 1080 2532 paratus
1096 2501 1175 2526 sum,
1191 2502 1209 2521 o
1225 2490 1378 2527 Socrates,
1394 2500 1457 2520 non
1481 2489 1575 2520 modo

121 2542 309 2578 summatim,
325 2542 378 2572 sed
407 2542 576 2583 sigillatim,
592 2543 673 2575 sicut
688 2545 805 2581 audivi,
822 2546 925 2576 omnia
946 2555 1102 2576 enarrare.
1125 2545 1283 2576 civitatem
1303 2544 1409 2586 utique
1425 2550 1457 2574 et
1479 2544 1577 2585 cives,

119 2604 199 2636 quos
212 2595 301 2637 quasi
317 2606 373 2636 per
396 2596 531 2627 fabulam
555 2598 699 2629 hesterna
723 2599 936 2641 disputatione
963 2600 1089 2635 finxisti,
1105 2609 1166 2630 rem
1193 2608 1294 2630 veram
1323 2609 1389 2630 esse
1413 2609 1578 2640 ponemus.

120 2648 277 2680 civitatem
293 2650 419 2690 quidem
434 2651 517 2682 illam
546 2651 771 2684 Atheniensem
796 2655 875 2685 hanc
900 2654 1004 2685 urbem
1029 2665 1119 2692 esse;
1142 2654 1226 2685 cives
1247 2664 1384 2696 quoque,
1407 2664 1485 2696 quos
1508 2655 1574 2696 ipse

121 2703 330 2745 excogitabas,
352 2711 473 2736 nostros
488 2706 559 2737 illos
573 2707 718 2748 majores,
733 2718 751 2739 a
773 2710 934 2740 sacerdote
949 2714 1100 2745 narratus,
1125 2708 1218 2740 fuisse
1233 2709 1438 2741 censebimus.
1461 2719 1576 2751 nempe

123 2757 253 2789 omuino
268 2759 334 2791 haec
348 2766 524 2802 congruent
538 2772 545 2799 ;
569 2771 672 2802 neque
686 2762 725 2792 ab
740 2773 774 2794 re
788 2763 891 2801 fuerit,
907 2752 931 2795 si
956 2764 1039 2795 cives
1053 2769 1124 2794 tuos
1146 2773 1251 2794 revera
1267 2763 1384 2805 priscos
1399 2763 1468 2794 illos
1483 2764 1577 2794 exsti-

124 2810 199 2842 tisse
221 2811 400 2845 dixerimus.
422 2825 519 2856 quare
544 2815 750 2848 communiter
773 2827 837 2848 rem
864 2818 961 2859 ipsam
991 2818 1073 2849 inter
1100 2827 1156 2848 nos
1188 2818 1368 2859 partientes,
1397 2818 1578 2849 conabimur

126 2873 233 2895 omnes
248 2868 365 2898 muneri
383 2868 436 2899 abs
453 2875 482 2900 te
503 2869 592 2901 nobis
604 2870 752 2912 imposito
776 2881 831 2913 pro
851 2873 967 2904 viribus
989 2872 1177 2903 satisfacere.
1200 2872 1254 2903 sed
1282 2871 1366 2908 vide,
1382 2882 1400 2902 ο
1423 2871 1575 2904 Socrates.

127 2917 269 2958 nunquid
294 2930 462 2953 sermonem
491 2924 572 2954 hunc
599 2924 776 2964 probemus,
793 2935 831 2956 an
861 2926 954 2956 alium
981 2927 1148 2967 exigamus.
1194 2925 1247 2957 So.
1271 2926 1317 2957 At
1339 2926 1419 2956 enim
1437 2932 1540 2965 quem,
1558 2934 1577 2954 o

213 2972 300 3004 Plut.
318 2974 377 3007 Tr.
882 2980 927 3011 11.
1420 2983 1438 3010 2
1466 2978 1492 3008 ll
