1840 3225
231 236 278 275 10
828 230 1092 271 PLAToms
1627 234 1697 286 [28

227 344 330 372 rentes
342 338 382 370 ad
398 338 466 370 haec
482 336 665 369 devenimus
679 336 690 366 ?
714 344 820 368 nonne
835 335 866 367 id
883 337 972 368 erat?
1018 336 1242 374 Quaerebamus
1257 347 1382 379 nempe,
1407 338 1532 369 cuinam
1546 337 1695 370 secundae

228 393 368 425 victoriae
384 398 489 434 partes
504 392 761 432 concederentur,
775 390 972 432 voluptatine
987 401 1026 422 an
1043 391 1148 432 potius
1165 392 1339 433 sapientiae.
1364 402 1402 422 an
1418 403 1481 423 non
1497 392 1564 423 ita?
1609 392 1698 424 Pno.

227 447 280 479 Ita
292 452 387 480 certe.
432 447 488 478 So.
511 446 685 487 Postquam
700 445 759 476 ista
772 445 806 476 in
822 446 906 476 hunc
925 446 1051 476 modum
1068 445 1276 483 distinximus,
1294 457 1398 478 nonue
1415 447 1525 478 melius
1537 446 1697 488 judicabi-

226 513 307 538 mus,
323 502 372 534 cui
389 501 488 543 prima
501 501 592 532 cuive
608 500 746 532 secunda
761 500 899 532 victoriae
923 500 1027 542 palma
1049 501 1155 531 danda
1178 500 1229 536 sit,
1245 512 1282 531 ex
1299 500 1338 531 iis
1355 512 1425 542 quae
1440 512 1531 542 supra
1547 501 1580 531 in
1597 505 1697 532 certa-

227 566 300 588 men
314 555 485 587 venerunt?
532 555 618 586 Puo.
641 555 745 586 Forte.
789 555 845 586 So.
869 554 1039 586 Victricem
1056 565 1131 585 sane
1147 555 1308 596 posuimus
1322 556 1416 586 vitam
1433 566 1470 586 ex
1487 554 1647 596 voluptate
1663 559 1697 586 et

222 609 378 652 sapientia
403 609 540 640 mixtam.
582 609 670 640 Pno.
696 609 809 640 Immo.
854 610 910 640 So.
933 608 1044 646 Qualis
1070 609 1109 639 sit
1136 614 1167 639 et
1195 609 1284 650 cujus
1301 609 1422 651 generis
1439 610 1506 640 haec
1523 609 1597 645 vita,
1614 619 1693 650 quo-

223 664 393 694 dammodo
419 663 584 695 cernimus.
628 663 716 695 Pno.
741 662 916 706 Cernimus.
973 663 1029 695 So.
1053 663 1130 694 Pars
1157 674 1271 704 nempe
1303 663 1386 695 tertii
1417 663 1551 704 generis.
1588 673 1692 704 neque

222 718 307 748 enirn
322 718 407 759 quod
423 729 459 749 ex
476 718 599 749 duobus
615 717 802 759 quibusdam
818 717 944 748 mixtum
958 716 1039 747 illud
1055 721 1113 753 est,
1129 717 1183 747 sed
1213 718 1298 759 quod
1315 728 1352 748 ex
1370 717 1499 749 infinitis
1515 716 1658 747 omnibus
1675 727 1693 747 a

223 771 355 803 termino
381 772 480 805 nexis.
505 777 697 814 quapropter
726 771 835 802 merito
859 772 1030 813 superatrix
1055 772 1121 803 haec
1137 772 1211 808 vita,
1228 771 1312 802 illius
1336 782 1405 813 pars
1420 772 1488 803 erit.
1539 772 1626 802 Pno.
1650 770 1693 801 Et

222 830 306 858 recte
320 827 501 857 admodum.
545 826 602 858 So.
627 825 698 867 Eja,
715 825 860 862 Philebe,
876 826 976 856 dulcis
998 825 1054 856 illa
1080 831 1133 857 tua
1157 837 1193 857 ac
1217 826 1347 867 simplex
1365 826 1440 862 vita,
1457 826 1495 856 ad
1512 825 1597 866 quod
1613 834 1695 866 prae-

221 880 377 912 dictorum
400 890 496 922 genus
512 879 747 922 pertinerejure
764 879 949 920 putabitur?
995 880 1048 911 Sic
1067 884 1170 911 autem
1189 880 1358 921 responde,
1374 884 1540 920 antequam
1555 878 1692 919 explice-

220 939 279 968 tur.
328 934 410 966 Pru.
431 934 494 966 Dic
511 934 615 965 modo.
662 933 717 965 So.
743 932 900 974 Voluptas
917 943 953 963 ac
969 933 1061 963 dolor
1078 933 1241 964 terminum
1258 934 1386 970 habent,
1403 942 1442 963 an
1467 932 1572 974 potius
1585 943 1621 962 ex
1638 943 1692 963 eo-

219 999 286 1020 rum
299 999 413 1030 genere
429 993 514 1028 sunt,
529 998 600 1028 quae
617 987 716 1028 magis
739 986 884 1018 minusve
909 987 1107 1029 suscipiunt?
1153 987 1236 1019 Pur.
1260 987 1322 1023 Ita,
1339 998 1376 1018 ex
1394 987 1442 1023 iis,
1457 997 1527 1028 quae
1545 985 1653 1026 magis,
1671 997 1690 1016 o

217 1042 373 1074 Socrates.
395 1052 499 1083 neque
512 1041 595 1072 enim
612 1041 755 1081 voluptas
772 1051 863 1071 omne
880 1040 996 1071 bonum
1013 1045 1108 1077 esset,
1122 1041 1183 1071 nisi
1199 1046 1310 1082 suapte
1333 1046 1454 1076 natura,
1470 1046 1502 1071 et
1517 1040 1689 1071 secundum

217 1096 468 1136 multitudinem,
483 1100 515 1126 et
529 1095 703 1126 secundum
719 1094 750 1124 id
768 1095 854 1136 quod
872 1094 982 1135 magis,
998 1095 1120 1125 infinita
1131 1095 1303 1126 exsisteret.
1349 1094 1404 1125 So.
1430 1094 1505 1136 [28]
1527 1093 1574 1124 At
1589 1103 1692 1134 neque

217 1150 312 1180 etiam
326 1149 426 1186 dolor,
440 1160 459 1180 o
475 1149 620 1185 Philebe,
637 1159 728 1179 omne
744 1149 870 1179 malum.
895 1149 1095 1190 quamobrem
1120 1149 1205 1179 aliud
1220 1149 1370 1190 quiddam
1387 1159 1471 1180 nune
1494 1148 1691 1179 considerare

215 1203 379 1241 debemus,
395 1213 489 1245 quam
511 1203 630 1234 infiniti
657 1207 809 1239 naturam,
827 1203 911 1244 quod
929 1203 1142 1244 voluptatibus
1160 1209 1278 1245 partem
1294 1203 1368 1234 boni
1385 1202 1521 1244 aliquam
1539 1202 1688 1243 praebeat.

215 1257 374 1289 enimvero
391 1268 428 1289 ex
443 1257 480 1287 iis
491 1256 740 1288 indeterminatis
756 1257 818 1287 vita
834 1257 887 1288 illa
903 1263 955 1288 tua
972 1257 1025 1289 sit.
1070 1258 1261 1299 Sapientiam
1286 1262 1390 1287 autem
1413 1256 1638 1297 scientiamque
1653 1260 1687 1286 et

215 1316 364 1348 mentem,
379 1311 412 1342 in
429 1312 514 1352 quod
530 1311 634 1352 potius
650 1321 686 1341 cx
703 1311 874 1352 praedictis,
891 1322 909 1341 o
925 1311 1094 1342 Protarche
1110 1317 1205 1353 atque
1229 1311 1373 1351 Philebe,
1389 1311 1556 1341 referentes
1579 1310 1688 1341 adver-

214 1376 266 1396 sus
282 1366 431 1406 pietatem
444 1375 643 1406 nequaquam
670 1364 870 1406 peccabimus
884 1366 895 1395 ?
919 1366 1002 1396 haud
1018 1366 1100 1397 enim
1117 1366 1274 1397 mediocre
1292 1365 1462 1407 periculum
1479 1365 1570 1396 nobis
1586 1364 1687 1395 immi-

212 1429 287 1449 nere
304 1418 438 1455 videtur,
455 1424 539 1450 recte
563 1424 618 1449 aut
642 1429 709 1450 non
736 1425 819 1450 recte
846 1420 1064 1456 tractantibus,
1081 1421 1166 1461 quod
1191 1420 1284 1450 modo
1309 1420 1473 1462 quaesitum
1500 1425 1557 1450 est.
1602 1419 1685 1450 Pur.

213 1472 334 1514 Deum,
349 1483 367 1503 ο
384 1473 540 1510 Socrates,
554 1478 642 1503 tuum
669 1473 805 1506 extollis.
852 1474 909 1504 So.
934 1473 977 1504 Et
1001 1480 1047 1511 tu,
1063 1485 1081 1505 o
1107 1474 1218 1511 amice,
1236 1475 1326 1505 deam
1342 1479 1438 1505 tuam.
1462 1483 1567 1504 verum
1583 1473 1622 1502 ad
1638 1472 1684 1509 id,

212 1527 298 1568 quod
315 1527 480 1568 quaesitum
497 1532 555 1564 est,
572 1528 779 1558 redeundum.
824 1527 910 1559 Puo.
933 1527 1037 1559 Probe
1054 1529 1191 1570 loquitur
1205 1529 1362 1568 Socrates,
1377 1539 1396 1559 o
1412 1527 1546 1558 Pliilebe
1562 1539 1569 1557 :
1594 1526 1683 1558 idco-

210 1591 274 1622 que
290 1581 465 1622 praestanda
477 1580 523 1612 illi
539 1581 617 1612 fides
632 1586 690 1613 est.
736 1582 818 1613 Pm.
840 1581 893 1612 Au
911 1593 986 1618 non,
1009 1593 1027 1613 o
1051 1583 1231 1619 Protarcbe,
1247 1593 1304 1624 pro
1322 1593 1370 1613 me
1392 1582 1546 1613 dicturum
1562 1586 1592 1612 te
1609 1592 1681 1622 pro-

210 1634 346 1665 misisti?
392 1633 480 1667 Pno.
502 1635 657 1667 Maxime.
682 1646 767 1667 nune
782 1641 886 1667 autem
902 1636 1013 1667 haesito
1029 1642 1062 1667 et
1078 1647 1195 1673 vereor,
1212 1641 1306 1678 teque
1330 1637 1439 1667 adesse
1463 1636 1566 1675 nobis,
1582 1646 1601 1665 o
1625 1634 1683 1665 So-

209 1694 321 1726 crates,
337 1693 486 1730 tanquam
502 1690 687 1730 prophetam
711 1690 840 1721 obsecro
856 1702 862 1720 ι
889 1701 928 1721 ne
945 1691 1021 1731 quid
1038 1701 1095 1721 nos
1112 1691 1179 1727 tibi,
1196 1691 1279 1722 circa
1294 1697 1475 1722 certatorem
1492 1691 1681 1725 aberrantes,

208 1748 321 1784 praeter
336 1742 502 1774 melodiam
518 1754 678 1776 canamus.
724 1743 805 1777 Pru.
829 1744 923 1776 Fides
938 1745 1130 1785 adhibenda,
1146 1745 1329 1777 Protarche.
1353 1744 1430 1776 nihil
1445 1744 1529 1775 enim
1552 1743 1680 1774 difficile

204 1796 310 1837 jubes.
355 1791 412 1829 So'.
436 1797 591 1839 Equidem
608 1798 715 1828 Deum
731 1809 848 1834 revera,
865 1804 899 1830 ut
922 1799 1072 1830 Philebus
1100 1799 1216 1841 inquit,
1230 1799 1383 1830 extollens
1403 1798 1544 1840 jocando
1569 1802 1598 1828 te
1614 1802 1679 1828 tur-

208 1849 291 1887 bavi,
306 1850 498 1892 interrogans
513 1850 675 1892 cujusnam
690 1853 811 1892 generis
829 1863 915 1884 mens
926 1858 958 1884 et
971 1853 1101 1884 scientia
1114 1858 1230 1885 essent.
1277 1852 1363 1883 Pno.
1386 1852 1527 1883 Maxime
1540 1850 1682 1893 quidem,

207 1913 226 1934 o
241 1903 394 1935 Socrates.
438 1904 494 1935 So.
517 1904 623 1935 Facile
651 1910 767 1937 tamen.
795 1917 902 1938 omnes
929 1907 1084 1948 siquidem
1110 1907 1279 1948 sapientes,
1296 1917 1363 1938 sese
1379 1905 1577 1942 extollentes,
1600 1915 1678 1935 con-

206 1957 357 1993 sentiunt,
374 1957 567 1989 intellectum
583 1969 649 1989 esse
664 1959 734 1990 coeli
752 1966 901 2001 terraeque
918 1971 1034 2002 regem.
1058 1971 1094 1992 ac
1111 1961 1190 1992 sorte
1206 1966 1289 1991 recte
1303 1960 1484 2002 loquuntur.
1531 1959 1627 1996 Quod
1655 1958 1682 1988 si

205 2009 266 2048 vis,
281 2011 341 2042 hoc
357 2021 455 2052 genus
471 2011 615 2042 diffusius
632 2013 888 2045 examinabimus.
935 2014 1023 2047 Pno.
1049 2014 1112 2047 Dic
1137 2014 1284 2046 arbitratu
1305 2020 1371 2051 tuo,
1389 2025 1408 2045 ο
1431 2014 1585 2050 Socrates,
1602 2011 1680 2043 nihil

204 2064 412 2105 prolixitatem
427 2066 542 2097 veritus
558 2077 564 2096 :
590 2077 692 2108 neque
706 2068 788 2098 enim
805 2067 954 2099 molestus
969 2068 1041 2101 eris.
1087 2069 1143 2100 So.
1167 2068 1476 2110 Praeclareloqueris.
1500 2066 1676 2108 bincigitu!

203 2123 428 2160 interrogantes
444 2120 649 2151 exordiamur.
694 2121 783 2153 Pno.
807 2121 926 2153 Unde?
971 2121 1026 2154 So.
1050 2121 1175 2158 Utrum,
1191 2132 1209 2153 o
1226 2122 1408 2158 Pmtarche‚
1422 2120 1592 2152 dicendum
1614 2125 1675 2156 est,

205 2171 382 2204 uuiversum
398 2174 457 2204 hoc
474 2173 525 2216 agi
547 2175 586 2205 ab
613 2171 784 2207 irrationali
808 2177 943 2218 quadam
970 2176 1194 2218 temerariaque
1221 2182 1253 2207 et
1276 2176 1403 2207 fortuita
1430 2174 1608 2216 potestate?
1633 2184 1674 2204 an

202 2231 322 2264 contra,
337 2229 600 2268 quemadmodum
619 2229 748 2271 majores
763 2231 860 2262 nostri
875 2237 1047 2269 senserunt,
1064 2232 1171 2262 ordine
1187 2231 1323 2273 quodam
1340 2230 1451 2262 mentis
1462 2235 1494 2261 et
1509 2227 1673 2271 sapientiae

202 2280 348 2311 mirabilis
363 2282 526 2323 gubernari
543 2283 553 2313 ?
600 2283 686 2316 Pno.
712 2284 810 2316 Nulla
825 2290 872 2316 est
887 2286 1092 2327 comparatio.
1116 2295 1187 2316 nam
1205 2285 1290 2326 quod
1308 2285 1400 2315 modo
1417 2284 1557 2320 dicebas,
1573 2294 1592 2314 o
1612 2283 1672 2314 So-

201 2339 311 2371 crates,
327 2335 489 2376 profauum
506 2337 580 2367 milii
599 2337 720 2368 videtur
735 2351 741 2369 :
767 2339 855 2370 fateri
871 2345 987 2375 auteur,
1004 2344 1109 2370 mente
1125 2340 1230 2370 omnia
1255 2340 1322 2370 hrec
1347 2338 1499 2374 exornari,
1515 2337 1671 2369 sententia

201 2388 344 2428 quaedam
361 2396 532 2430 conspectu
551 2392 659 2422 mundi
674 2392 810 2434 solisque
827 2399 859 2424 et
874 2394 957 2425 lunae
970 2399 1205 2435 ceterorumque
1220 2394 1354 2424 siderum
1367 2399 1399 2425 et
1415 2395 1515 2424 omnis
1531 2392 1670 2433 denique

201 2441 335 2472 coelestis
352 2443 501 2475 circuitus
517 2444 614 2486 digua
629 2451 675 2476 est
689 2458 697 2476 :
723 2457 782 2478 nec
799 2458 857 2489 ego
875 2458 1010 2489 unquam
1027 2448 1068 2479 de
1084 2447 1120 2478 iis
1146 2448 1236 2479 aliter
1258 2447 1343 2489 loqui
1359 2453 1413 2478 aut
1429 2447 1542 2478 sentire
1557 2447 1669 2478 ausim.

201 2495 258 2526 So.
283 2496 382 2526 Visne
400 2497 492 2538 igitur
505 2499 590 2539 quod
615 2510 634 2530 a
659 2500 766 2541 priscis
792 2507 939 2532 assertum
962 2507 1022 2540 est,
1037 2512 1094 2532 nos
1110 2501 1185 2533 item
1208 2502 1422 2538 confiteamur,
1440 2502 1506 2533 haec
1522 2500 1670 2532 videlieet

199 2548 243 2579 ita
268 2560 336 2580 sese
364 2551 502 2582 habere?
528 2552 602 2594 [29]
628 2564 686 2585 nec
710 2556 804 2585 modo
830 2561 988 2596 putemus,
1003 2555 1065 2586 alia
1088 2556 1155 2587 sine
1182 2555 1321 2597 periculo
1338 2555 1464 2597 proferri
1481 2565 1546 2586 non
1563 2564 1667 2596 posse,

196 2613 301 2633 verum
317 2604 410 2634 ctiam
425 2615 485 2635 una
500 2616 570 2636 cum
587 2607 645 2638 illis
662 2607 901 2650 vituperationis
918 2609 1090 2650 periculum
1107 2610 1284 2647 subeamus,
1301 2610 1326 2641 si
1349 2609 1476 2651 quando
1493 2608 1539 2639 vir
1553 2608 1666 2649 aliquis

195 2656 291 2687 durus
304 2667 340 2689 ac
356 2659 522 2689 vehemens
538 2660 599 2690 ista
614 2671 677 2691 non
692 2661 750 2701 sic,
765 2662 820 2693 sed
837 2662 904 2693 sinc
931 2663 1042 2693 ordine
1068 2663 1137 2693 scrri
1164 2663 1383 2694 contenderit?
1430 2662 1518 2693 Pno.
1543 2661 1667 2698 Quidni

194 2711 313 2742 velim?
357 2711 410 2744 So.
434 2712 504 2754 Age.
520 2713 623 2754 igitur,
646 2716 730 2756 quod
756 2716 904 2757 sequitur,
921 2717 1144 2758 contemplare.
1192 2717 1279 2749 Pno.
1304 2717 1364 2748 Dic
1375 2716 1454 2758 jam.
1499 2715 1557 2747 So.
1581 2715 1664 2752 Qua>

193 2764 276 2796 circa
299 2775 429 2807 corpora
442 2766 612 2798 viventium
639 2775 723 2805 suut,
741 2770 857 2811 ignem,
871 2781 996 2811 aquam,
1016 2771 1157 2812 spiritum
1185 2777 1279 2813 atque
1296 2776 1417 2806 terram,
1444 2769 1664 2801 fluctuantium

192 2819 300 2856 instar,
313 2824 347 2850 ut
359 2820 458 2858 aiunt,
475 2821 506 2851 in
524 2822 752 2863 compositione
769 2824 869 2855 inesse
886 2825 1108 2866 conspicimus.
1155 2826 1243 2857 Pno.
1269 2825 1309 2856 Et
1322 2824 1455 2855 maxime
1470 2823 1613 2865 quidem.
1631 2821 1662 2852 in

192 2872 231 2903 iis
246 2873 328 2904 enim
345 2875 537 2906 sermonibus
552 2886 658 2914 revera
676 2883 802 2918 propter
820 2879 1055 2920 ambiguitatem
1083 2880 1281 2912 fluctuamus.
1327 2879 1381 2910 So.
1404 2877 1487 2919 Ergo
1517 2877 1558 2907 de
1584 2886 1663 2907 uno-

192 2938 318 2970 quoque
347 2938 466 2966 eorutn,
495 2940 565 2971 quae
589 2931 670 2962 circa
701 2941 758 2962 nos
788 2938 873 2974 sunt,
902 2933 934 2964 id
965 2934 1087 2976 accipe.
1146 2934 1232 2965 Pno.
1256 2933 1415 2970 Quidnam
1431 2932 1441 2962 ?
1488 2931 1545 2962 So.
1568 2930 1664 2967 Quod
