1840 3225
142 259 240 310 530]
564 257 638 297 DE
664 255 974 295 REPUBLICA
1005 256 1104 297 ΜΒ.
1127 258 1216 298 vn.
1384 284 1388 287 ,
1534 264 1610 302 189

141 363 242 394 fuerat
258 362 473 404 praetermlssa,
486 361 510 393 sl
526 361 619 392 modo
633 360 666 391 ln
679 359 806 391 civitate
819 359 1017 402 suscipiatur.
1063 361 1178 394 GLAU.
1203 363 1254 395 Sic
1271 363 1374 396 dccet.
1421 362 1526 406 Atque
1538 375 1606 396 eam

145 415 354 447 Astronomiae
370 415 594 451 laudationem,
609 424 628 444 o
644 414 800 454 Socrates,
823 414 855 445 in
871 424 933 455 qua
949 420 980 444 tu
1000 425 1047 445 me
1063 415 1279 457 interpellasti,
1296 417 1385 459 quasi
1402 417 1608 460 lmportunius

144 469 246 511 ipsam
272 470 462 507 extollerem,
487 480 524 500 ex
549 474 604 499 tuo
629 478 791 510 progressu
821 478 905 499 nunc
936 479 1116 511 prosequor.
1141 471 1238 513 [529]
1265 481 1335 501 nam
1362 472 1476 513 cuique
1502 478 1610 514 patere

146 524 290 556 existimo
306 536 315 564 ;
342 525 421 555 hanc
444 524 538 554 animi
562 522 668 554 oculos
695 522 735 552 ad
758 521 915 564 superiora
931 522 1063 563 dirigere
1077 529 1109 554 et
1125 524 1208 555 hunc
1224 524 1298 556 illuc
1314 525 1414 566 ipsum
1432 527 1612 567 perducere.

147 578 204 610 So.
229 577 321 609 Forte
336 579 396 609 hoc
412 577 554 608 omnibus
580 582 785 619 praeterquam
810 576 884 616 mihi
901 577 1118 618 perspicuum:
1143 578 1290 619 quoniam
1307 578 1379 610 mihi
1405 580 1531 621 quidem
1547 592 1611 612 non

145 631 190 662 ita
215 632 347 663 videtur.
391 631 508 663 GLAu.
532 631 575 662 At
597 641 733 672 quonam
760 629 876 660 modo?
923 631 980 661 So.
1004 630 1098 661 Porro
1125 636 1161 662 ut
1185 642 1268 663 nunc
1295 643 1362 663 eam
1386 638 1530 670 tractant,
1556 635 1610 676 qui

146 685 354 726 philosophias
380 685 478 726 ipsam
501 684 654 726 jungunt,
679 685 718 714 ad
746 684 890 715 inferiora
920 683 1055 725 dejicere
1084 685 1180 715 animi
1210 686 1318 716 oeulos
1348 686 1423 717 mihi
1454 687 1610 721 videntur.

148 738 269 783 Graiu..
288 739 361 776 Qua
374 739 494 770 ratione
510 738 541 769 id
558 738 628 769 ais?
673 738 729 769 So.
754 737 828 768 Non
853 737 1034 778 ingenerose
1058 737 1132 768 mihi
1159 738 1273 769 videris
1299 744 1400 770 tecum
1425 740 1490 781 ipse
1506 752 1613 782 super-

146 802 255 823 norum
269 792 510 834 intelligentiam
527 792 669 832 definire,
692 797 817 823 constat
839 792 922 822 enim
948 792 1032 833 quod
1055 793 1079 822 si
1096 792 1165 834 quis
1182 793 1337 834 laquearia
1353 794 1442 824 variis
1458 795 1611 826 coloribus

145 846 273 887 depicta
296 846 471 888 suspiciens
491 846 659 888 quicquam
686 845 874 887 perceperit,
897 856 968 876 eum
995 856 1059 876 non
1086 846 1185 877 oculis
1212 847 1337 883 intueri,
1366 849 1419 878 sed
1437 848 1611 889 intelligere

145 899 351 932 arbitraberis.
375 911 411 932 ac
425 901 504 932 forte
519 906 603 932 recte
632 900 741 940 sentis,
768 911 827 941 ego
843 906 946 930 autem
974 899 1093 942 inepte.
1116 911 1184 931 reor
1210 901 1358 942 equidem
1381 902 1497 933 nullam
1519 903 1610 933 aliam

143 953 341 995 disciplinam
357 955 395 985 ad
413 965 579 996 supernam
593 954 823 996 inspectionem
841 954 977 984 animum
992 955 1139 992 excitare,
1155 955 1215 986 nisi
1230 966 1312 996 eam,
1327 967 1396 998 quae
1414 957 1495 988 circa
1507 968 1611 988 essen-

143 1007 217 1038 tiam
233 1013 265 1039 et
279 1008 326 1045 id,
341 1009 426 1050 quod
441 1008 538 1040 videri
564 1020 627 1039 non
644 1013 758 1050 potest,
785 1016 930 1040 versatur.
976 1009 1072 1046 Quod
1101 1009 1126 1039 si
1143 1009 1214 1051 quis
1231 1020 1348 1041 sursum
1365 1010 1501 1047 inhians,
1529 1021 1610 1042 nun-

144 1070 238 1102 quam
254 1072 421 1092 conversus
435 1063 591 1098 deorsum,
619 1062 766 1093 sensibile
782 1060 905 1103 aliquid
922 1062 1082 1104 percipere
1098 1063 1215 1100 studet,
1231 1063 1349 1094 discere
1375 1064 1476 1105 ipsum
1493 1075 1610 1106 nequa-

145 1125 238 1156 quam
254 1125 367 1146 asser0.
391 1115 551 1147 scientiam
567 1116 651 1147 enim
669 1116 801 1157 adipisci
829 1116 912 1147 hunc
928 1127 1021 1157 nego,
1038 1123 1070 1147 et
1093 1115 1161 1158 ejus
1177 1116 1312 1147 animum
1329 1128 1392 1148 non
1408 1129 1538 1154 sursum,
1555 1119 1608 1149 sed

146 1168 290 1199 deorsum
305 1169 444 1210 aspicere
458 1180 583 1206 censeo,
599 1169 720 1200 etiamsi
747 1169 910 1210 resupinus
926 1169 956 1200 in
976 1175 1062 1201 terrae
1083 1170 1173 1200 litore
1189 1170 1235 1201 vel
1260 1170 1350 1202 maris
1366 1182 1489 1213 aequore
1500 1171 1610 1213 jacens

145 1223 313 1264 quicquam
340 1224 524 1264 perceperit.
569 1224 686 1254 GLAU.
709 1223 805 1254 Haud
832 1223 946 1264 injuria
963 1235 1011 1254 me
1026 1223 1214 1265 corripuisti.
1237 1235 1342 1255 verum
1359 1235 1429 1265 quae
1454 1225 1532 1255 ratio
1548 1226 1611 1256 dis-

145 1277 255 1307 cendae
279 1276 489 1307 Astronomiae
510 1282 620 1318 praeter
634 1287 716 1316 eam,
733 1287 824 1317 quam
841 1276 892 1307 isti
910 1282 1092 1317 sequuntur,
1109 1278 1133 1307 si
1150 1277 1218 1318 ejus
1235 1278 1325 1309 nobis
1341 1280 1500 1320 perceptio
1517 1279 1556 1309 sit
1571 1279 1611 1310 ad

144 1340 194 1366 ea,
222 1340 293 1371 quae
318 1330 463 1370 dicimus,
486 1331 671 1372 profutura?
717 1331 775 1361 So.
798 1331 877 1362 Haec
900 1331 1029 1372 utique:
1056 1331 1305 1363 Existimandum
1333 1338 1380 1363 est
1405 1333 1470 1369 has,
1489 1343 1558 1374 qua:
1576 1334 1607 1364 in

145 1383 225 1416 coelo
241 1390 324 1420 sunt,
340 1384 516 1421 varietates,
533 1390 698 1427 postquam
713 1384 746 1415 in
763 1385 832 1416 loco
858 1385 970 1415 visibili
984 1392 1068 1423 sunt,
1085 1385 1109 1416 si
1126 1387 1164 1416 ad
1181 1391 1299 1417 ceteras
1315 1385 1469 1427 ejusmodi
1484 1397 1610 1428 compa-

144 1443 260 1475 rentur,
278 1439 396 1480 optime
411 1438 672 1480 integerrimeque
689 1439 877 1480 dispositas:
903 1439 950 1469 sin
967 1445 1070 1476 autem
1087 1440 1125 1469 ad
1143 1450 1241 1476 veras,
1256 1439 1349 1480 longe
1365 1440 1510 1471 deficere.
1525 1451 1611 1471 veras

145 1493 272 1534 inquam
290 1492 453 1523 varietates
468 1498 500 1523 et
515 1493 682 1530 motiones,
698 1493 812 1534 quibus
827 1492 909 1533 ipsa,
925 1503 996 1534 quae
1012 1504 1082 1524 vere
1095 1498 1142 1524 est
1155 1494 1314 1530 velocitas,
1327 1498 1358 1524 et
1369 1493 1448 1535 ipsa,
1461 1504 1530 1535 quae
1543 1505 1612 1525 vere

145 1552 193 1578 est
209 1547 349 1584 tarditas,
374 1546 406 1577 in
429 1557 501 1578 vero
525 1558 654 1577 numero
671 1547 814 1588 verisque
832 1547 938 1588 figuris
955 1548 1098 1578 erunibus
1113 1553 1145 1578 et
1170 1548 1303 1579 invicem
1331 1548 1469 1578 feruntur
1483 1553 1525 1585 et,
1542 1559 1612 1590 qua:

144 1600 263 1637 insunt,
279 1600 393 1632 ferunt.
416 1611 488 1641 quae
502 1601 628 1642 quidem
646 1602 748 1632 omnia
767 1601 886 1632 ratione
903 1607 936 1632 et
951 1601 1143 1642 cogitatione
1154 1602 1375 1643 comprehendi
1391 1607 1531 1642 possunt,
1544 1602 1612 1633 visu

145 1665 217 1686 vero
233 1665 441 1696 nequaquam.
466 1655 542 1696 quid
558 1656 689 1686 censes?
734 1654 851 1686 GLAu.
876 1655 964 1686 Idem
981 1666 1118 1697 prorsus.
1163 1656 1220 1687 So.
1244 1655 1361 1686 Nonne
1384 1655 1479 1696 igitur
1505 1655 1612 1686 coeles-

143 1709 220 1739 tium
235 1709 384 1740 varietate
396 1709 544 1739 utendum
562 1714 609 1739 est
624 1709 710 1740 velut
725 1709 868 1750 exemplo
885 1709 1022 1749 quodam
1035 1709 1073 1739 ad
1095 1719 1294 1750 supernarum
1307 1719 1405 1739 rerum
1416 1709 1610 1750 contempla-

143 1763 283 1794 tionem?
307 1763 436 1804 perinde
463 1773 500 1794 ac
523 1762 549 1793 si
575 1763 645 1804 quis
671 1763 778 1794 videat
802 1763 915 1804 figuras
939 1774 958 1794 a
980 1763 1117 1794 Daedalo
1141 1763 1190 1793 vel
1213 1763 1275 1793 alio
1292 1763 1409 1794 artifice
1426 1762 1472 1793 vel
1489 1764 1610 1804 pictore

144 1817 302 1859 praecipuc
318 1817 506 1858 compositas
521 1823 553 1848 et
567 1817 750 1850 elaboratas.
796 1817 922 1859 Nempe
939 1818 963 1849 si
979 1822 1061 1848 esset
1075 1817 1112 1854 is,
1126 1817 1180 1859 qui
1203 1827 1255 1847 eas
1269 1816 1366 1853 videt,
1379 1817 1411 1847 in
1429 1816 1611 1848 Geometria

143 1871 273 1913 peritus,
289 1870 453 1902 artificium
471 1871 572 1913 ipsum
601 1872 752 1909 laudaret,
768 1871 933 1902 ridiculum
950 1877 1054 1901 tamen
1079 1882 1145 1902 esse
1161 1876 1314 1908 censeret,
1331 1871 1354 1901 si
1371 1872 1441 1912 quis
1458 1871 1608 1901 attentius

144 1925 218 1956 talia
232 1926 441 1957 consideraret
457 1930 604 1968 tanquam
622 1926 652 1956 in
671 1926 747 1967 ipsis
764 1926 922 1956 veritatem
941 1926 1106 1967 aequalium
1121 1925 1169 1956 vel
1185 1925 1352 1966 duplorum
1371 1924 1468 1966 [530]
1488 1924 1536 1956 vel
1552 1924 1608 1955 ali-

142 1978 233 2020 cujus
248 1979 456 2020 proportionis
467 1979 591 2010 alterius
603 1985 790 2021 reperturus.
823 1979 940 2011 GLAu.
967 1978 1032 2010 Cur
1046 1989 1110 2009 non
1123 1978 1289 2009 absurdum
1307 1978 1338 2009 id
1356 1978 1520 2009 videatur?
1554 1978 1607 2010 So.

143 2032 233 2063 Idem
257 2043 382 2074 quoque
406 2033 558 2064 facturum
576 2038 683 2074 putare
699 2033 810 2064 debem
827 2043 931 2064 verum
954 2032 1190 2074 Astronomum,
1205 2033 1331 2074 quando
1348 2037 1450 2063 motus
1472 2032 1607 2063 siderum

139 2086 331 2117 intuebitur:
357 2087 571 2117 arbitraturum
584 2087 715 2126 scilicet,
731 2088 833 2128 quoad
851 2087 882 2117 in
900 2087 1045 2129 operibus
1059 2086 1238 2128 hujusmodi
1255 2086 1404 2127 possibile
1430 2091 1489 2122 est,
1512 2097 1605 2128 quam

143 2139 347 2181 pulcherrime
363 2141 402 2171 ab
416 2141 486 2182 ipso
502 2141 572 2172 coeli
596 2142 758 2172 conditore
780 2147 812 2172 et
827 2141 938 2172 coelum
962 2141 1065 2183 ipsum
1082 2146 1114 2172 et
1137 2151 1207 2182 quae
1231 2140 1264 2171 in
1282 2151 1319 2171 eo
1337 2146 1420 2176 sunt,
1436 2140 1605 2172 fabricata:

142 2194 308 2225 absurdum
324 2200 427 2226 tamen
453 2195 709 2233 existimaturum,
727 2196 752 2226 si
768 2196 838 2238 quis
862 2196 962 2226 noctis
977 2196 1016 2226 ad
1033 2196 1117 2227 diem
1140 2193 1418 2236 comparationem,
1435 2195 1606 2236 horumque

140 2249 180 2278 ad
197 2259 345 2285 mensem,
363 2249 539 2291 mensisque
566 2250 605 2280 ad
623 2260 750 2289 annum,
767 2256 799 2281 et
813 2250 941 2281 aliorum
966 2255 1114 2281 astrorum
1131 2249 1266 2281 invicem
1291 2253 1323 2279 et
1337 2250 1375 2279 ad
1400 2248 1471 2285 ista,
1485 2260 1607 2291 semper

142 2302 282 2333 similiter
296 2302 362 2333 fieri
374 2308 522 2342 censeat3
544 2314 647 2345 neque
671 2315 809 2345 unquam
825 2315 953 2346 quoquo
969 2304 1064 2334 modo
1086 2309 1204 2334 mutare
1233 2309 1382 2339 tenorem,
1398 2313 1468 2333 cum
1491 2309 1523 2333 et
1538 2314 1605 2334 cor-

141 2365 200 2396 pus
216 2356 351 2386 habeant
365 2362 397 2387 et
412 2356 596 2387 videantur:
620 2363 801 2400 quaeratque
824 2358 857 2388 in
874 2359 921 2389 his
945 2358 1031 2389 omni
1046 2358 1150 2389 studio
1167 2358 1337 2388 veritatem.
1383 2356 1497 2390 GLAU.
1520 2358 1605 2389 Mihi

139 2413 223 2440 certe
237 2409 270 2440 in
285 2410 449 2450 praesentia
471 2416 501 2441 te
525 2412 666 2443 audienti
690 2413 773 2443 idem
797 2413 931 2445 videtur.
976 2413 1033 2445 So.
1054 2412 1167 2454 Itaque
1191 2411 1456 2454 propositionibus
1471 2417 1604 2450 utemur,

141 2467 176 2493 ut
192 2461 221 2492 in
239 2462 433 2501 Geometria,
448 2464 492 2494 ita
507 2465 586 2495 etin
613 2466 681 2507 ipsa
703 2466 929 2498 Astronomia:
955 2473 986 2498 et
1010 2478 1080 2509 quae
1104 2467 1136 2498 in
1159 2467 1238 2498 coelo
1255 2471 1339 2503 sunt,
1353 2466 1556 2504 dimittemus,
1580 2467 1606 2497 si

139 2516 233 2546 modo
249 2516 293 2547 ita
309 2518 482 2558 percepturi
500 2528 604 2548 sumus
621 2519 865 2558 Astronomiam,
881 2526 915 2551 ut
928 2521 1013 2562 quod
1030 2521 1060 2550 in
1079 2520 1167 2550 nobis
1179 2519 1340 2561 sapientiae
1353 2529 1480 2560 compos
1494 2525 1602 2551 natura

138 2570 268 2606 exsistit,
286 2570 360 2602 utile
375 2582 412 2602 ex
431 2571 533 2601 inutili
548 2572 708 2604 efficiatur.
755 2575 872 2606 GLAU.
897 2574 1000 2611 Quam
1027 2573 1229 2615 multiplicem
1256 2572 1400 2614 praecipis
1414 2583 1538 2614 operam
1561 2575 1602 2605 ad

139 2634 220 2665 eam,
246 2635 316 2666 quae
339 2636 423 2657 nunc
450 2626 646 2656 astronomiae
672 2627 783 2657 datur!
832 2626 889 2658 So.
913 2626 1056 2658 Arbitror
1083 2632 1186 2657 autem
1213 2631 1245 2657 et
1271 2625 1332 2656 alia
1355 2636 1410 2656 nos
1435 2627 1600 2668 praecipere

138 2678 249 2709 eodem
272 2679 365 2709 modo
381 2679 506 2716 debere,
524 2679 547 2709 si
563 2690 626 2721 qua
641 2690 678 2710 ex
694 2681 796 2718 nobis,
813 2686 960 2722 tauquam
977 2681 1081 2721 legum
1097 2679 1322 2719 conditoribus,
1338 2680 1378 2710 sit
1395 2680 1512 2711 utilitas
1529 2692 1600 2723 pro.

137 2737 274 2763 ventura.
321 2732 367 2763 At
390 2743 482 2775 quam
508 2743 591 2764 nnnc
615 2744 652 2764 ex
675 2735 933 2766 convenientibus
960 2734 1135 2776 disciplinis
1165 2734 1438 2765 commemorabis?
1484 2734 1597 2769 GLAU.

139 2785 265 2816 Nullam
281 2786 320 2816 ad
340 2797 474 2827 praesens
498 2787 611 2823 habeo,
627 2797 719 2828 quam
735 2799 984 2820 commemorem.
1029 2789 1084 2819 So.
1111 2787 1260 2819 Attamen
1279 2798 1340 2818 non
1357 2798 1448 2819 unam
1465 2794 1596 2828 tantum,

137 2838 192 2869 sed
208 2839 308 2879 plures
323 2840 444 2882 species
460 2845 560 2871 motus
577 2841 705 2881 praebct.
730 2851 837 2872 omnes
851 2841 992 2883 quidem,
1008 2841 1147 2883 quisquis
1163 2842 1286 2883 sapiens
1300 2841 1402 2877 fuerit,
1415 2842 1596 2883 depromere

138 2892 268 2931 poterit:
294 2903 363 2934 quae
378 2905 448 2925 vero
465 2894 554 2924 nobis
570 2899 746 2930 occurrunt,
763 2895 833 2926 duas
850 2901 932 2926 sunt.
967 2895 1082 2926 Gmu.
1108 2895 1251 2931 Quales?
1286 2895 1340 2926 So.
1364 2895 1437 2926 Una
1452 2898 1594 2936 qnaedam

136 2944 344 2979 Astronomiae
358 2947 539 2986 consimilis,
552 2947 644 2990 juxta
665 2948 752 2980 illam
771 2960 824 2991 per
849 2949 1113 2993 comparationem
1127 2950 1422 2992 conversionemque
1438 2951 1593 2992 opposita.
