<?xml version="1.0" encoding="UTF-8"?>
<!DOCTYPE html PUBLIC "-//W3C//DTD XHTML 1.0 Transitional//EN"
    "http://www.w3.org/TR/xhtml1/DTD/xhtml1-transitional.dtd">
<html xmlns="http://www.w3.org/1999/xhtml" xml:lang="en" lang="en">
 <head>
  <title>
</title>
<meta http-equiv="Content-Type" content="text/html;charset=utf-8" />
  <meta name='ocr-system' content='tesseract 3.04.00' />
  <meta name='ocr-capabilities' content='ocr_page ocr_carea ocr_par ocr_line ocrx_word'/>
</head>
<body>
  <div class='ocr_page' id='page_1' title='image "./platonisetquaeve11plat_0189.png"; bbox 0 0 1840 3225; ppageno 0'>
   <div class='ocr_carea' id='block_1_1' title="bbox 109 205 1558 258">
    <p class='ocr_par' dir='ltr' id='par_1_1' title="bbox 109 205 1558 258">
     <span class='ocr_line' id='line_1_1' title="bbox 109 205 1558 258; baseline -0.002 -10"><span class='ocrx_word' id='word_1_1' title='bbox 109 208 206 258; x_wconf 88' lang='lat'>498]</span> <span class='ocrx_word' id='word_1_2' title='bbox 533 207 605 246; x_wconf 88' lang='lat' dir='ltr'>DE</span> <span class='ocrx_word' id='word_1_3' title='bbox 636 205 940 245; x_wconf 88' lang='lat' dir='ltr'><strong>REPUBLICA</strong></span> <span class='ocrx_word' id='word_1_4' title='bbox 970 207 1068 246; x_wconf 90' lang='lat' dir='ltr'>LlB.</span> <span class='ocrx_word' id='word_1_5' title='bbox 1098 208 1168 247; x_wconf 89' lang='lat' dir='ltr'>VI.</span> <span class='ocrx_word' id='word_1_6' title='bbox 1484 208 1558 245; x_wconf 82' lang='lat'>173</span> 
     </span>
    </p>
   </div>
   <div class='ocr_carea' id='block_1_2' title="bbox 89 309 1560 2958">
    <p class='ocr_par' dir='ltr' id='par_1_2' title="bbox 89 309 1560 2958">
     <span class='ocr_line' id='line_1_2' title="bbox 106 309 1559 355; baseline -0.001 -11"><span class='ocrx_word' id='word_1_7' title='bbox 106 312 191 344; x_wconf 86' lang='lat' dir='ltr'>aliud</span> <span class='ocrx_word' id='word_1_8' title='bbox 207 313 274 355; x_wconf 79' lang='lat' dir='ltr'>ipse</span> <span class='ocrx_word' id='word_1_9' title='bbox 290 312 391 344; x_wconf 74' lang='lat' dir='ltr'>forsan</span> <span class='ocrx_word' id='word_1_10' title='bbox 407 311 568 354; x_wconf 85' lang='lat' dir='ltr'>adjeceris.</span> <span class='ocrx_word' id='word_1_11' title='bbox 612 311 693 342; x_wconf 81' lang='lat' dir='ltr'>Am.</span> <span class='ocrx_word' id='word_1_12' title='bbox 717 309 806 341; x_wconf 86' lang='lat' dir='ltr'>Nihil</span> <span class='ocrx_word' id='word_1_13' title='bbox 822 311 861 340; x_wconf 90' lang='lat' dir='ltr'>ad</span> <span class='ocrx_word' id='word_1_14' title='bbox 880 311 945 341; x_wconf 86' lang='lat' dir='ltr'>haec</span> <span class='ocrx_word' id='word_1_15' title='bbox 961 321 1019 351; x_wconf 86' lang='lat' dir='ltr'>ego</span> <span class='ocrx_word' id='word_1_16' title='bbox 1036 317 1183 352; x_wconf 81' lang='lat' dir='ltr'>praeterea</span> <span class='ocrx_word' id='word_1_17' title='bbox 1195 310 1340 342; x_wconf 84' lang='lat' dir='ltr'>dicerem.</span> <span class='ocrx_word' id='word_1_18' title='bbox 1362 311 1415 342; x_wconf 82' lang='lat' dir='ltr'>sed</span> <span class='ocrx_word' id='word_1_19' title='bbox 1441 321 1559 349; x_wconf 82' lang='lat' dir='ltr'>earum,</span> 
     </span>
     <span class='ocr_line' id='line_1_3' title="bbox 106 364 1556 408; baseline -0.001 -11"><span class='ocrx_word' id='word_1_20' title='bbox 106 377 178 408; x_wconf 78' lang='lat' dir='ltr'>quae</span> <span class='ocrx_word' id='word_1_21' title='bbox 193 377 277 398; x_wconf 88' lang='lat' dir='ltr'>nunc</span> <span class='ocrx_word' id='word_1_22' title='bbox 290 373 423 407; x_wconf 79' lang='lat' dir='ltr'>exstant,</span> <span class='ocrx_word' id='word_1_23' title='bbox 438 376 535 397; x_wconf 92' lang='lat' dir='ltr'>rerum</span> <span class='ocrx_word' id='word_1_24' title='bbox 551 366 741 406; x_wconf 83' lang='lat' dir='ltr'>publicarum</span> <span class='ocrx_word' id='word_1_25' title='bbox 757 375 848 405; x_wconf 88' lang='lat' dir='ltr'>quam</span> <span class='ocrx_word' id='word_1_26' title='bbox 866 364 1057 406; x_wconf 85' lang='lat' dir='ltr'>potissimum</span> <span class='ocrx_word' id='word_1_27' title='bbox 1072 365 1262 406; x_wconf 78' lang='lat' dir='ltr'>philosophis</span> <span class='ocrx_word' id='word_1_28' title='bbox 1271 365 1436 397; x_wconf 79' lang='lat' dir='ltr'>convenire</span> <span class='ocrx_word' id='word_1_29' title='bbox 1445 367 1556 407; x_wconf 83' lang='lat' dir='ltr'>putas?</span> 
     </span>
     <span class='ocr_line' id='line_1_4' title="bbox 104 419 1557 462; baseline -0.001 -10"><span class='ocrx_word' id='word_1_30' title='bbox 104 420 161 452; x_wconf 91' lang='lat' dir='ltr'>So.</span> <span class='ocrx_word' id='word_1_31' title='bbox 184 420 312 452; x_wconf 82' lang='lat' dir='ltr'><strong>Nullam</strong></span> <span class='ocrx_word' id='word_1_32' title='bbox 327 431 447 462; x_wconf 88' lang='lat' dir='ltr'>prorsus</span> <span class='ocrx_word' id='word_1_33' title='bbox 463 433 469 451; x_wconf 78' lang='lat' dir='ltr'>z</span> <span class='ocrx_word' id='word_1_34' title='bbox 494 425 587 461; x_wconf 82' lang='lat' dir='ltr'>atque</span> <span class='ocrx_word' id='word_1_35' title='bbox 604 419 716 450; x_wconf 83' lang='lat' dir='ltr'>iccirco</span> <span class='ocrx_word' id='word_1_36' title='bbox 733 429 918 460; x_wconf 89' lang='lat' dir='ltr'>conqueror,</span> <span class='ocrx_word' id='word_1_37' title='bbox 933 419 1007 460; x_wconf 89' lang='lat' dir='ltr'>quia</span> <span class='ocrx_word' id='word_1_38' title='bbox 1022 419 1137 450; x_wconf 87' lang='lat' dir='ltr'>nullam</span> <span class='ocrx_word' id='word_1_39' title='bbox 1155 420 1246 451; x_wconf 87' lang='lat' dir='ltr'>video</span> <span class='ocrx_word' id='word_1_40' title='bbox 1262 431 1300 451; x_wconf 77' lang='lat' dir='ltr'>ex</span> <span class='ocrx_word' id='word_1_41' title='bbox 1314 420 1373 455; x_wconf 87' lang='lat' dir='ltr'>his,</span> <span class='ocrx_word' id='word_1_42' title='bbox 1389 430 1459 462; x_wconf 82' lang='lat' dir='ltr'>quae</span> <span class='ocrx_word' id='word_1_43' title='bbox 1474 430 1557 452; x_wconf 89' lang='lat' dir='ltr'>nunc</span> 
     </span>
     <span class='ocr_line' id='line_1_5' title="bbox 103 473 1557 516; baseline -0.001 -10"><span class='ocrx_word' id='word_1_44' title='bbox 103 480 236 511; x_wconf 81' lang='lat' dir='ltr'>exstant,</span> <span class='ocrx_word' id='word_1_45' title='bbox 250 486 348 506; x_wconf 87' lang='lat' dir='ltr'>rerum</span> <span class='ocrx_word' id='word_1_46' title='bbox 364 474 554 516; x_wconf 89' lang='lat' dir='ltr'>publicarum</span> <span class='ocrx_word' id='word_1_47' title='bbox 584 473 809 504; x_wconf 86' lang='lat' dir='ltr'>iustitutionem</span> <span class='ocrx_word' id='word_1_48' title='bbox 836 473 963 514; x_wconf 87' lang='lat' dir='ltr'>ingenio</span> <span class='ocrx_word' id='word_1_49' title='bbox 994 473 1172 514; x_wconf 84' lang='lat' dir='ltr'>philosophi</span> <span class='ocrx_word' id='word_1_50' title='bbox 1197 473 1335 515; x_wconf 85' lang='lat' dir='ltr'>dignam.</span> <span class='ocrx_word' id='word_1_51' title='bbox 1359 474 1557 515; x_wconf 87' lang='lat' dir='ltr'>quamobrem</span> 
     </span>
     <span class='ocr_line' id='line_1_6' title="bbox 105 527 1559 568; baseline -0.001 -8"><span class='ocrx_word' id='word_1_52' title='bbox 105 529 217 560; x_wconf 70' lang='lat' dir='ltr'>mutari</span> <span class='ocrx_word' id='word_1_53' title='bbox 232 529 312 560; x_wconf 88' lang='lat' dir='ltr'>hanc</span> <span class='ocrx_word' id='word_1_54' title='bbox 326 533 465 559; x_wconf 88' lang='lat' dir='ltr'>naturam</span> <span class='ocrx_word' id='word_1_55' title='bbox 480 538 516 559; x_wconf 93' lang='lat' dir='ltr'>ac</span> <span class='ocrx_word' id='word_1_56' title='bbox 532 528 610 559; x_wconf 85' lang='lat' dir='ltr'>verti</span> <span class='ocrx_word' id='word_1_57' title='bbox 624 538 751 559; x_wconf 88' lang='lat' dir='ltr'>necesse</span> <span class='ocrx_word' id='word_1_58' title='bbox 766 534 825 560; x_wconf 83' lang='lat' dir='ltr'>est.</span> <span class='ocrx_word' id='word_1_59' title='bbox 848 533 945 568; x_wconf 87' lang='lat' dir='ltr'>utque</span> <span class='ocrx_word' id='word_1_60' title='bbox 960 527 1152 568; x_wconf 89' lang='lat' dir='ltr'>peregrinum</span> <span class='ocrx_word' id='word_1_61' title='bbox 1169 538 1274 558; x_wconf 88' lang='lat' dir='ltr'>semen</span> <span class='ocrx_word' id='word_1_62' title='bbox 1289 528 1321 558; x_wconf 93' lang='lat' dir='ltr'>in</span> <span class='ocrx_word' id='word_1_63' title='bbox 1349 528 1486 559; x_wconf 88' lang='lat' dir='ltr'>alienum</span> <span class='ocrx_word' id='word_1_64' title='bbox 1508 538 1559 559; x_wconf 88' lang='lat' dir='ltr'>so-</span> 
     </span>
     <span class='ocr_line' id='line_1_7' title="bbox 105 582 1560 625; baseline 0 -12"><span class='ocrx_word' id='word_1_65' title='bbox 105 582 170 613; x_wconf 90' lang='lat' dir='ltr'>lum</span> <span class='ocrx_word' id='word_1_66' title='bbox 182 583 301 625; x_wconf 77' lang='lat' dir='ltr'>jactum</span> <span class='ocrx_word' id='word_1_67' title='bbox 317 583 507 618; x_wconf 79' lang='lat' dir='ltr'>debilitatur,</span> <span class='ocrx_word' id='word_1_68' title='bbox 521 592 557 613; x_wconf 85' lang='lat' dir='ltr'>ac</span> <span class='ocrx_word' id='word_1_69' title='bbox 572 582 763 623; x_wconf 86' lang='lat' dir='ltr'>degenerans</span> <span class='ocrx_word' id='word_1_70' title='bbox 779 582 817 612; x_wconf 83' lang='lat' dir='ltr'>ad</span> <span class='ocrx_word' id='word_1_71' title='bbox 831 582 1009 622; x_wconf 83' lang='lat' dir='ltr'>indigenam</span> <span class='ocrx_word' id='word_1_72' title='bbox 1025 583 1152 612; x_wconf 83' lang='lat' dir='ltr'>vertitur</span> <span class='ocrx_word' id='word_1_73' title='bbox 1173 582 1234 613; x_wconf 88' lang='lat' dir='ltr'>loci</span> <span class='ocrx_word' id='word_1_74' title='bbox 1256 582 1444 624; x_wconf 79' lang='lat' dir='ltr'>seminisque</span> <span class='ocrx_word' id='word_1_75' title='bbox 1469 588 1560 614; x_wconf 88' lang='lat' dir='ltr'>natu-</span> 
     </span>
     <span class='ocr_line' id='line_1_8' title="bbox 103 636 1560 678; baseline 0 -11"><span class='ocrx_word' id='word_1_76' title='bbox 103 647 181 673; x_wconf 85' lang='lat' dir='ltr'>ram,</span> <span class='ocrx_word' id='word_1_77' title='bbox 195 637 241 668; x_wconf 86' lang='lat' dir='ltr'>ita</span> <span class='ocrx_word' id='word_1_78' title='bbox 253 642 285 668; x_wconf 88' lang='lat' dir='ltr'>et</span> <span class='ocrx_word' id='word_1_79' title='bbox 299 637 359 668; x_wconf 89' lang='lat' dir='ltr'>hoc</span> <span class='ocrx_word' id='word_1_80' title='bbox 374 647 483 678; x_wconf 88' lang='lat' dir='ltr'>genus,</span> <span class='ocrx_word' id='word_1_81' title='bbox 500 637 623 678; x_wconf 89' lang='lat' dir='ltr'>propria</span> <span class='ocrx_word' id='word_1_82' title='bbox 637 647 722 668; x_wconf 88' lang='lat' dir='ltr'>nunc</span> <span class='ocrx_word' id='word_1_83' title='bbox 736 637 848 667; x_wconf 87' lang='lat' dir='ltr'>amissa</span> <span class='ocrx_word' id='word_1_84' title='bbox 864 637 987 676; x_wconf 83' lang='lat' dir='ltr'>virtute,</span> <span class='ocrx_word' id='word_1_85' title='bbox 1004 637 1036 667; x_wconf 90' lang='lat' dir='ltr'>in</span> <span class='ocrx_word' id='word_1_86' title='bbox 1053 636 1183 667; x_wconf 88' lang='lat' dir='ltr'>alienam</span> <span class='ocrx_word' id='word_1_87' title='bbox 1199 637 1333 677; x_wconf 89' lang='lat' dir='ltr'>speciem</span> <span class='ocrx_word' id='word_1_88' title='bbox 1358 642 1560 677; x_wconf 83' lang='lat' dir='ltr'>permutatur.</span> 
     </span>
     <span class='ocr_line' id='line_1_9' title="bbox 103 690 1560 732; baseline -0.001 -11"><span class='ocrx_word' id='word_1_89' title='bbox 103 691 151 721; x_wconf 87' lang='lat' dir='ltr'>sin</span> <span class='ocrx_word' id='word_1_90' title='bbox 166 695 268 722; x_wconf 87' lang='lat' dir='ltr'>autem</span> <span class='ocrx_word' id='word_1_91' title='bbox 283 691 432 732; x_wconf 88' lang='lat' dir='ltr'>optimam</span> <span class='ocrx_word' id='word_1_92' title='bbox 449 701 511 721; x_wconf 90' lang='lat' dir='ltr'>rem</span> <span class='ocrx_word' id='word_1_93' title='bbox 535 690 691 732; x_wconf 85' lang='lat' dir='ltr'>publicam</span> <span class='ocrx_word' id='word_1_94' title='bbox 719 691 925 727; x_wconf 85' lang='lat' dir='ltr'>nanciscatur,</span> <span class='ocrx_word' id='word_1_95' title='bbox 943 690 1025 721; x_wconf 89' lang='lat' dir='ltr'>sicut</span> <span class='ocrx_word' id='word_1_96' title='bbox 1051 695 1083 721; x_wconf 88' lang='lat' dir='ltr'>et</span> <span class='ocrx_word' id='word_1_97' title='bbox 1107 691 1207 731; x_wconf 87' lang='lat' dir='ltr'>ipsum</span> <span class='ocrx_word' id='word_1_98' title='bbox 1232 696 1280 721; x_wconf 84' lang='lat' dir='ltr'>est</span> <span class='ocrx_word' id='word_1_99' title='bbox 1305 690 1469 732; x_wconf 86' lang='lat' dir='ltr'>optimum,</span> <span class='ocrx_word' id='word_1_100' title='bbox 1483 696 1560 721; x_wconf 91' lang='lat' dir='ltr'>tunc</span> 
     </span>
     <span class='ocr_line' id='line_1_10' title="bbox 103 744 1557 789; baseline 0 -14"><span class='ocrx_word' id='word_1_101' title='bbox 103 745 229 789; x_wconf 84' lang='lat' dir='ltr'>demum</span> <span class='ocrx_word' id='word_1_102' title='bbox 244 744 383 775; x_wconf 87' lang='lat' dir='ltr'>divinum</span> <span class='ocrx_word' id='word_1_103' title='bbox 398 745 547 786; x_wconf 90' lang='lat' dir='ltr'>quiddam</span> <span class='ocrx_word' id='word_1_104' title='bbox 564 755 596 776; x_wconf 84' lang='lat' dir='ltr'>se</span> <span class='ocrx_word' id='word_1_105' title='bbox 611 755 689 781; x_wconf 84' lang='lat' dir='ltr'>esse,</span> <span class='ocrx_word' id='word_1_106' title='bbox 708 744 825 786; x_wconf 86' lang='lat' dir='ltr'>reliqua</span> <span class='ocrx_word' id='word_1_107' title='bbox 842 755 912 775; x_wconf 86' lang='lat' dir='ltr'>vcro</span> <span class='ocrx_word' id='word_1_108' title='bbox 938 745 1073 775; x_wconf 90' lang='lat' dir='ltr'>humana</span> <span class='ocrx_word' id='word_1_109' title='bbox 1098 744 1212 780; x_wconf 82' lang='lat' dir='ltr'>omnia,</span> <span class='ocrx_word' id='word_1_110' title='bbox 1227 749 1289 775; x_wconf 87' lang='lat' dir='ltr'>tam</span> <span class='ocrx_word' id='word_1_111' title='bbox 1316 744 1441 785; x_wconf 87' lang='lat' dir='ltr'>ingenia</span> <span class='ocrx_word' id='word_1_112' title='bbox 1465 755 1557 785; x_wconf 85' lang='lat' dir='ltr'>quam</span> 
     </span>
     <span class='ocr_line' id='line_1_11' title="bbox 100 798 1560 840; baseline 0.001 -12"><span class='ocrx_word' id='word_1_113' title='bbox 100 798 217 835; x_wconf 81' lang='lat' dir='ltr'>studia,</span> <span class='ocrx_word' id='word_1_114' title='bbox 231 798 412 831; x_wconf 84' lang='lat' dir='ltr'>declarabit.</span> <span class='ocrx_word' id='word_1_115' title='bbox 434 799 548 830; x_wconf 85' lang='lat' dir='ltr'>videris</span> <span class='ocrx_word' id='word_1_116' title='bbox 563 804 664 830; x_wconf 81' lang='lat' dir='ltr'>autem</span> <span class='ocrx_word' id='word_1_117' title='bbox 681 799 757 830; x_wconf 89' lang='lat' dir='ltr'>mihi</span> <span class='ocrx_word' id='word_1_118' title='bbox 773 799 887 835; x_wconf 84' lang='lat' dir='ltr'>statim,</span> <span class='ocrx_word' id='word_1_119' title='bbox 903 810 1045 840; x_wconf 85' lang='lat' dir='ltr'>quaenam</span> <span class='ocrx_word' id='word_1_120' title='bbox 1072 799 1131 830; x_wconf 89' lang='lat' dir='ltr'>ista</span> <span class='ocrx_word' id='word_1_121' title='bbox 1157 810 1203 830; x_wconf 92' lang='lat' dir='ltr'>res</span> <span class='ocrx_word' id='word_1_122' title='bbox 1230 799 1357 840; x_wconf 82' lang='lat' dir='ltr'>publica</span> <span class='ocrx_word' id='word_1_123' title='bbox 1381 799 1430 835; x_wconf 90' lang='lat' dir='ltr'>sit,</span> <span class='ocrx_word' id='word_1_124' title='bbox 1448 799 1560 840; x_wconf 89' lang='lat' dir='ltr'>quaesi·</span> 
     </span>
     <span class='ocr_line' id='line_1_12' title="bbox 101 852 1559 894; baseline 0.001 -12"><span class='ocrx_word' id='word_1_125' title='bbox 101 857 197 883; x_wconf 85' lang='lat' dir='ltr'>turus.</span> <span class='ocrx_word' id='word_1_126' title='bbox 241 852 323 885; x_wconf 77' lang='lat' dir='ltr'>Ant.</span> <span class='ocrx_word' id='word_1_127' title='bbox 348 853 442 884; x_wconf 85' lang='lat' dir='ltr'>Haud</span> <span class='ocrx_word' id='word_1_128' title='bbox 458 859 540 884; x_wconf 89' lang='lat' dir='ltr'>recte</span> <span class='ocrx_word' id='word_1_129' title='bbox 556 853 739 894; x_wconf 80' lang='lat' dir='ltr'>praesagisti.</span> <span class='ocrx_word' id='word_1_130' title='bbox 762 864 825 883; x_wconf 92' lang='lat' dir='ltr'>non</span> <span class='ocrx_word' id='word_1_131' title='bbox 841 852 923 884; x_wconf 87' lang='lat' dir='ltr'>enim</span> <span class='ocrx_word' id='word_1_132' title='bbox 940 854 998 884; x_wconf 88' lang='lat' dir='ltr'>hoc</span> <span class='ocrx_word' id='word_1_133' title='bbox 1013 854 1066 884; x_wconf 85' lang='lat' dir='ltr'>abs</span> <span class='ocrx_word' id='word_1_134' title='bbox 1088 859 1118 884; x_wconf 84' lang='lat' dir='ltr'>te</span> <span class='ocrx_word' id='word_1_135' title='bbox 1141 853 1374 884; x_wconf 83' lang='lat' dir='ltr'>desiderabam:</span> <span class='ocrx_word' id='word_1_136' title='bbox 1398 853 1455 884; x_wconf 86' lang='lat' dir='ltr'>sed</span> <span class='ocrx_word' id='word_1_137' title='bbox 1478 862 1559 883; x_wconf 88' lang='lat' dir='ltr'>nun·</span> 
     </span>
     <span class='ocr_line' id='line_1_13' title="bbox 100 906 1560 949; baseline 0 -12"><span class='ocrx_word' id='word_1_138' title='bbox 100 906 175 948; x_wconf 88' lang='lat' dir='ltr'>quid</span> <span class='ocrx_word' id='word_1_139' title='bbox 189 907 256 939; x_wconf 83' lang='lat' dir='ltr'>haec</span> <span class='ocrx_word' id='word_1_140' title='bbox 271 907 341 949; x_wconf 81' lang='lat' dir='ltr'>ipsa</span> <span class='ocrx_word' id='word_1_141' title='bbox 354 907 406 949; x_wconf 86' lang='lat' dir='ltr'>sit,</span> <span class='ocrx_word' id='word_1_142' title='bbox 422 918 513 948; x_wconf 88' lang='lat' dir='ltr'>quarn</span> <span class='ocrx_word' id='word_1_143' title='bbox 529 908 562 938; x_wconf 93' lang='lat' dir='ltr'>in</span> <span class='ocrx_word' id='word_1_144' title='bbox 580 908 744 938; x_wconf 86' lang='lat' dir='ltr'>condenda</span> <span class='ocrx_word' id='word_1_145' title='bbox 761 907 888 938; x_wconf 85' lang='lat' dir='ltr'>civitate</span> <span class='ocrx_word' id='word_1_146' title='bbox 902 907 1090 944; x_wconf 81' lang='lat' dir='ltr'>induximus,</span> <span class='ocrx_word' id='word_1_147' title='bbox 1107 918 1145 938; x_wconf 90' lang='lat' dir='ltr'>an</span> <span class='ocrx_word' id='word_1_148' title='bbox 1161 907 1245 938; x_wconf 89' lang='lat' dir='ltr'>alia?</span> <span class='ocrx_word' id='word_1_149' title='bbox 1289 908 1345 938; x_wconf 87' lang='lat' dir='ltr'>So.</span> <span class='ocrx_word' id='word_1_150' title='bbox 1367 907 1480 944; x_wconf 87' lang='lat' dir='ltr'>Quoad</span> <span class='ocrx_word' id='word_1_151' title='bbox 1497 906 1560 937; x_wconf 89' lang='lat' dir='ltr'>alia</span> 
     </span>
     <span class='ocr_line' id='line_1_14' title="bbox 100 961 1557 1004; baseline 0 -12"><span class='ocrx_word' id='word_1_152' title='bbox 100 961 228 1002; x_wconf 87' lang='lat' dir='ltr'>quidem</span> <span class='ocrx_word' id='word_1_153' title='bbox 242 962 308 992; x_wconf 88' lang='lat' dir='ltr'>haec</span> <span class='ocrx_word' id='word_1_154' title='bbox 322 961 402 1002; x_wconf 86' lang='lat' dir='ltr'>ipsa.</span> <span class='ocrx_word' id='word_1_155' title='bbox 415 962 474 992; x_wconf 88' lang='lat' dir='ltr'>hoc</span> <span class='ocrx_word' id='word_1_156' title='bbox 489 967 592 992; x_wconf 86' lang='lat' dir='ltr'>autem</span> <span class='ocrx_word' id='word_1_157' title='bbox 610 967 683 992; x_wconf 89' lang='lat' dir='ltr'>tunc</span> <span class='ocrx_word' id='word_1_158' title='bbox 700 962 792 992; x_wconf 86' lang='lat' dir='ltr'>etiam</span> <span class='ocrx_word' id='word_1_159' title='bbox 809 962 927 993; x_wconf 85' lang='lat' dir='ltr'>dictum</span> <span class='ocrx_word' id='word_1_160' title='bbox 943 968 1002 998; x_wconf 89' lang='lat' dir='ltr'>est,</span> <span class='ocrx_word' id='word_1_161' title='bbox 1019 967 1161 1004; x_wconf 87' lang='lat' dir='ltr'>oportere</span> <span class='ocrx_word' id='word_1_162' title='bbox 1174 961 1293 1003; x_wconf 90' lang='lat' dir='ltr'>aliquid</span> <span class='ocrx_word' id='word_1_163' title='bbox 1309 962 1408 993; x_wconf 84' lang='lat' dir='ltr'>inesse</span> <span class='ocrx_word' id='word_1_164' title='bbox 1435 972 1557 1002; x_wconf 86' lang='lat' dir='ltr'>semper</span> 
     </span>
     <span class='ocr_line' id='line_1_15' title="bbox 99 1015 1557 1058; baseline 0.001 -13"><span class='ocrx_word' id='word_1_165' title='bbox 99 1015 134 1045; x_wconf 86' lang='lat' dir='ltr'>in</span> <span class='ocrx_word' id='word_1_166' title='bbox 147 1015 285 1052; x_wconf 87' lang='lat' dir='ltr'>civitate,</span> <span class='ocrx_word' id='word_1_167' title='bbox 301 1015 385 1057; x_wconf 90' lang='lat' dir='ltr'>quod</span> <span class='ocrx_word' id='word_1_168' title='bbox 401 1015 551 1046; x_wconf 84' lang='lat' dir='ltr'>rationem</span> <span class='ocrx_word' id='word_1_169' title='bbox 567 1015 610 1046; x_wconf 88' lang='lat' dir='ltr'>rei</span> <span class='ocrx_word' id='word_1_170' title='bbox 626 1016 757 1056; x_wconf 78' lang='lat' dir='ltr'>publicae</span> <span class='ocrx_word' id='word_1_171' title='bbox 773 1017 903 1047; x_wconf 87' lang='lat' dir='ltr'>eandem</span> <span class='ocrx_word' id='word_1_172' title='bbox 920 1017 1043 1052; x_wconf 86' lang='lat' dir='ltr'>habeat,</span> <span class='ocrx_word' id='word_1_173' title='bbox 1059 1027 1151 1058; x_wconf 88' lang='lat' dir='ltr'>quam</span> <span class='ocrx_word' id='word_1_174' title='bbox 1167 1022 1199 1046; x_wconf 90' lang='lat' dir='ltr'>et</span> <span class='ocrx_word' id='word_1_175' title='bbox 1222 1022 1254 1046; x_wconf 90' lang='lat' dir='ltr'>tu</span> <span class='ocrx_word' id='word_1_176' title='bbox 1282 1016 1436 1057; x_wconf 86' lang='lat' dir='ltr'>legislator</span> <span class='ocrx_word' id='word_1_177' title='bbox 1461 1016 1557 1046; x_wconf 86' lang='lat' dir='ltr'>habe·</span> 
     </span>
     <span class='ocr_line' id='line_1_16' title="bbox 99 1069 1558 1111; baseline -0.001 -11"><span class='ocrx_word' id='word_1_178' title='bbox 99 1069 167 1109; x_wconf 83' lang='lat' dir='ltr'>bas,</span> <span class='ocrx_word' id='word_1_179' title='bbox 180 1070 254 1100; x_wconf 91' lang='lat' dir='ltr'>dum</span> <span class='ocrx_word' id='word_1_180' title='bbox 270 1070 354 1111; x_wconf 90' lang='lat' dir='ltr'>leges</span> <span class='ocrx_word' id='word_1_181' title='bbox 369 1070 530 1100; x_wconf 85' lang='lat' dir='ltr'>conderes.</span> <span class='ocrx_word' id='word_1_182' title='bbox 574 1069 656 1100; x_wconf 80' lang='lat' dir='ltr'>Ani.</span> <span class='ocrx_word' id='word_1_183' title='bbox 682 1069 811 1100; x_wconf 83' lang='lat' dir='ltr'>Dictum</span> <span class='ocrx_word' id='word_1_184' title='bbox 829 1069 935 1110; x_wconf 85' lang='lat' dir='ltr'>plane.</span> <span class='ocrx_word' id='word_1_185' title='bbox 978 1069 1034 1100; x_wconf 91' lang='lat' dir='ltr'>So.</span> <span class='ocrx_word' id='word_1_186' title='bbox 1058 1069 1134 1100; x_wconf 89' lang='lat' dir='ltr'>Non</span> <span class='ocrx_word' id='word_1_187' title='bbox 1149 1070 1222 1100; x_wconf 86' lang='lat' dir='ltr'>satis</span> <span class='ocrx_word' id='word_1_188' title='bbox 1236 1077 1339 1100; x_wconf 85' lang='lat' dir='ltr'>tamen</span> <span class='ocrx_word' id='word_1_189' title='bbox 1355 1069 1558 1111; x_wconf 83' lang='lat' dir='ltr'>explicatum.</span> 
     </span>
     <span class='ocr_line' id='line_1_17' title="bbox 98 1123 1555 1165; baseline 0 -11"><span class='ocrx_word' id='word_1_190' title='bbox 98 1124 217 1165; x_wconf 84' lang='lat' dir='ltr'>quippe</span> <span class='ocrx_word' id='word_1_191' title='bbox 232 1134 289 1154; x_wconf 89' lang='lat' dir='ltr'>nos</span> <span class='ocrx_word' id='word_1_192' title='bbox 304 1124 401 1155; x_wconf 85' lang='lat' dir='ltr'>oratio</span> <span class='ocrx_word' id='word_1_193' title='bbox 418 1129 518 1155; x_wconf 88' lang='lat' dir='ltr'>vestra</span> <span class='ocrx_word' id='word_1_194' title='bbox 531 1124 693 1164; x_wconf 82' lang='lat' dir='ltr'>deterruit,</span> <span class='ocrx_word' id='word_1_195' title='bbox 709 1123 862 1164; x_wconf 82' lang='lat' dir='ltr'>objiciens</span> <span class='ocrx_word' id='word_1_196' title='bbox 880 1124 1026 1165; x_wconf 84' lang='lat' dir='ltr'>prolixam</span> <span class='ocrx_word' id='word_1_197' title='bbox 1053 1125 1135 1155; x_wconf 88' lang='lat' dir='ltr'>hanc</span> <span class='ocrx_word' id='word_1_198' title='bbox 1158 1129 1190 1155; x_wconf 89' lang='lat' dir='ltr'>et</span> <span class='ocrx_word' id='word_1_199' title='bbox 1214 1125 1340 1154; x_wconf 89' lang='lat' dir='ltr'>arduam</span> <span class='ocrx_word' id='word_1_200' title='bbox 1364 1124 1555 1155; x_wconf 85' lang='lat' dir='ltr'>demonstra-</span> 
     </span>
     <span class='ocr_line' id='line_1_18' title="bbox 96 1177 1555 1220; baseline 0.001 -12"><span class='ocrx_word' id='word_1_201' title='bbox 96 1177 214 1209; x_wconf 87' lang='lat' dir='ltr'>tionem</span> <span class='ocrx_word' id='word_1_202' title='bbox 229 1178 306 1210; x_wconf 87' lang='lat' dir='ltr'>fore.</span> <span class='ocrx_word' id='word_1_203' title='bbox 330 1188 402 1208; x_wconf 91' lang='lat' dir='ltr'>narn</span> <span class='ocrx_word' id='word_1_204' title='bbox 417 1179 501 1220; x_wconf 90' lang='lat' dir='ltr'>quod</span> <span class='ocrx_word' id='word_1_205' title='bbox 518 1179 667 1219; x_wconf 86' lang='lat' dir='ltr'>sequitur,</span> <span class='ocrx_word' id='word_1_206' title='bbox 684 1179 766 1208; x_wconf 88' lang='lat' dir='ltr'>haud</span> <span class='ocrx_word' id='word_1_207' title='bbox 785 1178 869 1209; x_wconf 90' lang='lat' dir='ltr'>dictu</span> <span class='ocrx_word' id='word_1_208' title='bbox 887 1178 978 1209; x_wconf 86' lang='lat' dir='ltr'>facile</span> <span class='ocrx_word' id='word_1_209' title='bbox 994 1184 1040 1209; x_wconf 89' lang='lat' dir='ltr'>est</span> <span class='ocrx_word' id='word_1_210' title='bbox 1055 1178 1195 1209; x_wconf 88' lang='lat' dir='ltr'>omnino.</span> <span class='ocrx_word' id='word_1_211' title='bbox 1240 1178 1321 1211; x_wconf 81' lang='lat' dir='ltr'>Am.</span> <span class='ocrx_word' id='word_1_212' title='bbox 1346 1178 1431 1216; x_wconf 88' lang='lat' dir='ltr'>Quid</span> <span class='ocrx_word' id='word_1_213' title='bbox 1448 1178 1555 1209; x_wconf 82' lang='lat' dir='ltr'>istud?</span> 
     </span>
     <span class='ocr_line' id='line_1_19' title="bbox 95 1231 1557 1274; baseline 0.001 -12"><span class='ocrx_word' id='word_1_214' title='bbox 95 1232 152 1262; x_wconf 90' lang='lat' dir='ltr'>So.</span> <span class='ocrx_word' id='word_1_215' title='bbox 176 1232 248 1269; x_wconf 84' lang='lat' dir='ltr'>Qua</span> <span class='ocrx_word' id='word_1_216' title='bbox 265 1232 458 1273; x_wconf 86' lang='lat' dir='ltr'>potissimum</span> <span class='ocrx_word' id='word_1_217' title='bbox 476 1232 593 1263; x_wconf 88' lang='lat' dir='ltr'>ratione</span> <span class='ocrx_word' id='word_1_218' title='bbox 617 1232 726 1263; x_wconf 74' lang='lat' dir='ltr'>civitas</span> <span class='ocrx_word' id='word_1_219' title='bbox 751 1231 979 1274; x_wconf 85' lang='lat' dir='ltr'>philosophiam</span> <span class='ocrx_word' id='word_1_220' title='bbox 1007 1233 1163 1274; x_wconf 84' lang='lat' dir='ltr'>suscipere</span> <span class='ocrx_word' id='word_1_221' title='bbox 1190 1233 1314 1270; x_wconf 85' lang='lat' dir='ltr'>debeat,</span> <span class='ocrx_word' id='word_1_222' title='bbox 1329 1233 1408 1264; x_wconf 86' lang='lat' dir='ltr'>adeo</span> <span class='ocrx_word' id='word_1_223' title='bbox 1433 1238 1466 1263; x_wconf 87' lang='lat' dir='ltr'>ut</span> <span class='ocrx_word' id='word_1_224' title='bbox 1491 1243 1557 1263; x_wconf 87' lang='lat' dir='ltr'>non</span> 
     </span>
     <span class='ocr_line' id='line_1_20' title="bbox 98 1286 1557 1329; baseline 0.001 -13"><span class='ocrx_word' id='word_1_225' title='bbox 98 1286 255 1327; x_wconf 87' lang='lat' dir='ltr'>perdatur.</span> <span class='ocrx_word' id='word_1_226' title='bbox 278 1296 349 1317; x_wconf 90' lang='lat' dir='ltr'>nam</span> <span class='ocrx_word' id='word_1_227' title='bbox 375 1297 486 1327; x_wconf 88' lang='lat' dir='ltr'>magna</span> <span class='ocrx_word' id='word_1_228' title='bbox 513 1286 661 1327; x_wconf 80' lang='lat' dir='ltr'>quaelibet</span> <span class='ocrx_word' id='word_1_229' title='bbox 685 1286 808 1317; x_wconf 89' lang='lat' dir='ltr'>fallacia</span> <span class='ocrx_word' id='word_1_230' title='bbox 835 1297 902 1317; x_wconf 87' lang='lat' dir='ltr'>esse</span> <span class='ocrx_word' id='word_1_231' title='bbox 929 1287 1043 1327; x_wconf 86' lang='lat' dir='ltr'>solent,</span> <span class='ocrx_word' id='word_1_232' title='bbox 1059 1294 1090 1318; x_wconf 89' lang='lat' dir='ltr'>et</span> <span class='ocrx_word' id='word_1_233' title='bbox 1114 1294 1148 1318; x_wconf 82' lang='lat' dir='ltr'>ut</span> <span class='ocrx_word' id='word_1_234' title='bbox 1170 1299 1240 1319; x_wconf 80' lang='lat' dir='ltr'>vere</span> <span class='ocrx_word' id='word_1_235' title='bbox 1265 1287 1427 1329; x_wconf 88' lang='lat' dir='ltr'>proverbio</span> <span class='ocrx_word' id='word_1_236' title='bbox 1450 1288 1557 1324; x_wconf 80' lang='lat' dir='ltr'>fertur,</span> 
     </span>
     <span class='ocr_line' id='line_1_21' title="bbox 97 1339 1554 1383; baseline 0.002 -14"><span class='ocrx_word' id='word_1_237' title='bbox 97 1339 244 1381; x_wconf 87' lang='lat' dir='ltr'>praeclara</span> <span class='ocrx_word' id='word_1_238' title='bbox 258 1339 396 1371; x_wconf 88' lang='lat' dir='ltr'>difficilia</span> <span class='ocrx_word' id='word_1_239' title='bbox 413 1345 498 1371; x_wconf 86' lang='lat' dir='ltr'>sunt.</span> <span class='ocrx_word' id='word_1_240' title='bbox 541 1340 626 1372; x_wconf 83' lang='lat' dir='ltr'>Am.</span> <span class='ocrx_word' id='word_1_241' title='bbox 650 1340 865 1372; x_wconf 87' lang='lat' dir='ltr'>Veruntamen</span> <span class='ocrx_word' id='word_1_242' title='bbox 880 1352 951 1372; x_wconf 84' lang='lat' dir='ltr'>cum</span> <span class='ocrx_word' id='word_1_243' title='bbox 967 1341 1050 1372; x_wconf 87' lang='lat' dir='ltr'>istud</span> <span class='ocrx_word' id='word_1_244' title='bbox 1065 1342 1145 1372; x_wconf 91' lang='lat' dir='ltr'>inter</span> <span class='ocrx_word' id='word_1_245' title='bbox 1158 1352 1215 1372; x_wconf 92' lang='lat' dir='ltr'>nos</span> <span class='ocrx_word' id='word_1_246' title='bbox 1230 1347 1363 1378; x_wconf 83' lang='lat' dir='ltr'>constet,</span> <span class='ocrx_word' id='word_1_247' title='bbox 1379 1342 1471 1373; x_wconf 86' lang='lat' dir='ltr'>finem</span> <span class='ocrx_word' id='word_1_248' title='bbox 1487 1341 1554 1383; x_wconf 90' lang='lat' dir='ltr'>jam</span> 
     </span>
     <span class='ocr_line' id='line_1_22' title="bbox 94 1393 1556 1437; baseline 0.001 -13"><span class='ocrx_word' id='word_1_249' title='bbox 94 1393 231 1435; x_wconf 87' lang='lat' dir='ltr'>accipiat</span> <span class='ocrx_word' id='word_1_250' title='bbox 257 1394 492 1425; x_wconf 79' lang='lat' dir='ltr'>demonstratio.</span> <span class='ocrx_word' id='word_1_251' title='bbox 538 1395 594 1425; x_wconf 84' lang='lat' dir='ltr'>So.</span> <span class='ocrx_word' id='word_1_252' title='bbox 615 1394 759 1425; x_wconf 82' lang='lat' dir='ltr'>Potestas</span> <span class='ocrx_word' id='word_1_253' title='bbox 774 1395 852 1426; x_wconf 81' lang='lat' dir='ltr'>forte</span> <span class='ocrx_word' id='word_1_254' title='bbox 878 1396 976 1426; x_wconf 84' lang='lat' dir='ltr'>deerit</span> <span class='ocrx_word' id='word_1_255' title='bbox 1002 1396 1089 1433; x_wconf 89' lang='lat' dir='ltr'>mihi,</span> <span class='ocrx_word' id='word_1_256' title='bbox 1105 1396 1247 1426; x_wconf 80' lang='lat' dir='ltr'>voluntas</span> <span class='ocrx_word' id='word_1_257' title='bbox 1276 1401 1359 1427; x_wconf 89' lang='lat' dir='ltr'>certe</span> <span class='ocrx_word' id='word_1_258' title='bbox 1384 1406 1556 1437; x_wconf 78' lang='lat' dir='ltr'>nunquam.</span> 
     </span>
     <span class='ocr_line' id='line_1_23' title="bbox 97 1448 1556 1491; baseline 0.001 -13"><span class='ocrx_word' id='word_1_259' title='bbox 97 1452 130 1478; x_wconf 88' lang='lat' dir='ltr'>tu</span> <span class='ocrx_word' id='word_1_260' title='bbox 145 1458 216 1478; x_wconf 90' lang='lat' dir='ltr'>vero</span> <span class='ocrx_word' id='word_1_261' title='bbox 233 1458 367 1490; x_wconf 83' lang='lat' dir='ltr'>praesens</span> <span class='ocrx_word' id='word_1_262' title='bbox 382 1448 518 1479; x_wconf 83' lang='lat' dir='ltr'>studium</span> <span class='ocrx_word' id='word_1_263' title='bbox 538 1459 641 1479; x_wconf 86' lang='lat' dir='ltr'>meum</span> <span class='ocrx_word' id='word_1_264' title='bbox 659 1448 826 1490; x_wconf 79' lang='lat' dir='ltr'>intelliges.</span> <span class='ocrx_word' id='word_1_265' title='bbox 872 1448 1013 1480; x_wconf 89' lang='lat' dir='ltr'>Adverte</span> <span class='ocrx_word' id='word_1_266' title='bbox 1027 1460 1085 1491; x_wconf 88' lang='lat' dir='ltr'>age</span> <span class='ocrx_word' id='word_1_267' title='bbox 1100 1456 1131 1480; x_wconf 87' lang='lat' dir='ltr'>et</span> <span class='ocrx_word' id='word_1_268' title='bbox 1145 1460 1239 1487; x_wconf 90' lang='lat' dir='ltr'>nunc,</span> <span class='ocrx_word' id='word_1_269' title='bbox 1256 1460 1349 1491; x_wconf 88' lang='lat' dir='ltr'>quam</span> <span class='ocrx_word' id='word_1_270' title='bbox 1364 1455 1507 1491; x_wconf 79' lang='lat' dir='ltr'>prompte</span> <span class='ocrx_word' id='word_1_271' title='bbox 1523 1454 1556 1480; x_wconf 87' lang='lat' dir='ltr'>et</span> 
     </span>
     <span class='ocr_line' id='line_1_24' title="bbox 94 1502 1554 1545; baseline 0.001 -13"><span class='ocrx_word' id='word_1_272' title='bbox 94 1502 250 1543; x_wconf 87' lang='lat' dir='ltr'>intrepide</span> <span class='ocrx_word' id='word_1_273' title='bbox 264 1502 321 1534; x_wconf 87' lang='lat' dir='ltr'>sim</span> <span class='ocrx_word' id='word_1_274' title='bbox 337 1503 486 1544; x_wconf 83' lang='lat' dir='ltr'>dicturus,</span> <span class='ocrx_word' id='word_1_275' title='bbox 503 1503 599 1544; x_wconf 89' lang='lat' dir='ltr'>quod,</span> <span class='ocrx_word' id='word_1_276' title='bbox 615 1507 723 1534; x_wconf 90' lang='lat' dir='ltr'>contra</span> <span class='ocrx_word' id='word_1_277' title='bbox 749 1513 786 1535; x_wconf 90' lang='lat' dir='ltr'>ac</span> <span class='ocrx_word' id='word_1_278' title='bbox 809 1513 893 1534; x_wconf 91' lang='lat' dir='ltr'>nunc</span> <span class='ocrx_word' id='word_1_279' title='bbox 919 1504 966 1544; x_wconf 86' lang='lat' dir='ltr'>fit,</span> <span class='ocrx_word' id='word_1_280' title='bbox 980 1504 1135 1535; x_wconf 90' lang='lat' dir='ltr'>civitatem</span> <span class='ocrx_word' id='word_1_281' title='bbox 1164 1510 1307 1545; x_wconf 86' lang='lat' dir='ltr'>oporteat</span> <span class='ocrx_word' id='word_1_282' title='bbox 1331 1504 1466 1535; x_wconf 89' lang='lat' dir='ltr'>studium</span> <span class='ocrx_word' id='word_1_283' title='bbox 1493 1505 1554 1535; x_wconf 91' lang='lat' dir='ltr'>hoc</span> 
     </span>
     <span class='ocr_line' id='line_1_25' title="bbox 95 1556 1552 1598; baseline 0.001 -11"><span class='ocrx_word' id='word_1_284' title='bbox 95 1557 259 1598; x_wconf 83' lang='lat' dir='ltr'>attingere.</span> <span class='ocrx_word' id='word_1_285' title='bbox 304 1556 389 1589; x_wconf 83' lang='lat' dir='ltr'>Am.</span> <span class='ocrx_word' id='word_1_286' title='bbox 414 1557 559 1594; x_wconf 89' lang='lat' dir='ltr'>Quonam</span> <span class='ocrx_word' id='word_1_287' title='bbox 591 1557 708 1598; x_wconf 81' lang='lat' dir='ltr'>pacto?</span> <span class='ocrx_word' id='word_1_288' title='bbox 754 1558 811 1589; x_wconf 92' lang='lat' dir='ltr'>So.</span> <span class='ocrx_word' id='word_1_289' title='bbox 834 1558 931 1589; x_wconf 92' lang='lat' dir='ltr'>Porro</span> <span class='ocrx_word' id='word_1_290' title='bbox 960 1569 1056 1595; x_wconf 89' lang='lat' dir='ltr'>nunc,</span> <span class='ocrx_word' id='word_1_291' title='bbox 1087 1569 1157 1590; x_wconf 88' lang='lat' dir='ltr'>cum</span> <span class='ocrx_word' id='word_1_292' title='bbox 1194 1557 1421 1589; x_wconf 86' lang='lat' dir='ltr'>adolescentuli</span> <span class='ocrx_word' id='word_1_293' title='bbox 1449 1558 1552 1589; x_wconf 83' lang='lat' dir='ltr'>statim</span> 
     </span>
     <span class='ocr_line' id='line_1_26' title="bbox 97 1610 1553 1655; baseline 0.001 -13"><span class='ocrx_word' id='word_1_294' title='bbox 97 1610 194 1653; x_wconf 79' lang='lat'>[498]</span> <span class='ocrx_word' id='word_1_295' title='bbox 226 1621 244 1643; x_wconf 83' lang='lat' dir='ltr'>a</span> <span class='ocrx_word' id='word_1_296' title='bbox 259 1611 372 1642; x_wconf 89' lang='lat' dir='ltr'>teneris</span> <span class='ocrx_word' id='word_1_297' title='bbox 388 1611 477 1642; x_wconf 88' lang='lat' dir='ltr'>annis</span> <span class='ocrx_word' id='word_1_298' title='bbox 493 1611 572 1642; x_wconf 89' lang='lat' dir='ltr'>inter</span> <span class='ocrx_word' id='word_1_299' title='bbox 587 1612 628 1642; x_wconf 89' lang='lat' dir='ltr'>rei</span> <span class='ocrx_word' id='word_1_300' title='bbox 644 1611 800 1642; x_wconf 84' lang='lat' dir='ltr'>familiaris</span> <span class='ocrx_word' id='word_1_301' title='bbox 816 1613 1073 1655; x_wconf 87' lang='lat' dir='ltr'>quaestuariaeque</span> <span class='ocrx_word' id='word_1_302' title='bbox 1088 1613 1215 1654; x_wconf 87' lang='lat' dir='ltr'>negotia</span> <span class='ocrx_word' id='word_1_303' title='bbox 1235 1612 1447 1644; x_wconf 88' lang='lat' dir='ltr'>difficillimam</span> <span class='ocrx_word' id='word_1_304' title='bbox 1458 1611 1553 1654; x_wconf 84' lang='lat' dir='ltr'>hujus</span> 
     </span>
     <span class='ocr_line' id='line_1_27' title="bbox 96 1665 1553 1709; baseline 0.001 -14"><span class='ocrx_word' id='word_1_305' title='bbox 96 1665 191 1696; x_wconf 88' lang='lat' dir='ltr'>studii</span> <span class='ocrx_word' id='word_1_306' title='bbox 217 1670 335 1707; x_wconf 86' lang='lat' dir='ltr'>partem</span> <span class='ocrx_word' id='word_1_307' title='bbox 361 1666 591 1707; x_wconf 85' lang='lat' dir='ltr'>aggrediantur,</span> <span class='ocrx_word' id='word_1_308' title='bbox 606 1666 700 1707; x_wconf 90' lang='lat' dir='ltr'>paulo</span> <span class='ocrx_word' id='word_1_309' title='bbox 728 1671 798 1707; x_wconf 92' lang='lat' dir='ltr'>post</span> <span class='ocrx_word' id='word_1_310' title='bbox 821 1667 1007 1698; x_wconf 88' lang='lat' dir='ltr'>discedunt:</span> <span class='ocrx_word' id='word_1_311' title='bbox 1030 1667 1125 1698; x_wconf 88' lang='lat' dir='ltr'>etiam</span> <span class='ocrx_word' id='word_1_312' title='bbox 1148 1667 1202 1709; x_wconf 85' lang='lat' dir='ltr'>qui</span> <span class='ocrx_word' id='word_1_313' title='bbox 1227 1667 1388 1709; x_wconf 82' lang='lat' dir='ltr'>sapientiae</span> <span class='ocrx_word' id='word_1_314' title='bbox 1413 1667 1553 1708; x_wconf 90' lang='lat' dir='ltr'>apprime</span> 
     </span>
     <span class='ocr_line' id='line_1_28' title="bbox 95 1719 1555 1764; baseline 0.002 -15"><span class='ocrx_word' id='word_1_315' title='bbox 95 1719 225 1750; x_wconf 79' lang='lat' dir='ltr'>studiosi</span> <span class='ocrx_word' id='word_1_316' title='bbox 241 1720 306 1751; x_wconf 87' lang='lat' dir='ltr'>fore</span> <span class='ocrx_word' id='word_1_317' title='bbox 321 1720 544 1751; x_wconf 86' lang='lat' dir='ltr'>existimantur.</span> <span class='ocrx_word' id='word_1_318' title='bbox 567 1720 780 1752; x_wconf 88' lang='lat' dir='ltr'>difficillimam</span> <span class='ocrx_word' id='word_1_319' title='bbox 808 1732 879 1752; x_wconf 90' lang='lat' dir='ltr'>vero</span> <span class='ocrx_word' id='word_1_320' title='bbox 906 1727 1024 1763; x_wconf 89' lang='lat' dir='ltr'>partem</span> <span class='ocrx_word' id='word_1_321' title='bbox 1050 1722 1176 1764; x_wconf 89' lang='lat' dir='ltr'>inquam</span> <span class='ocrx_word' id='word_1_322' title='bbox 1203 1722 1372 1753; x_wconf 90' lang='lat' dir='ltr'>disserendi</span> <span class='ocrx_word' id='word_1_323' title='bbox 1401 1721 1555 1762; x_wconf 84' lang='lat' dir='ltr'>peritiam.</span> 
     </span>
     <span class='ocr_line' id='line_1_29' title="bbox 95 1773 1552 1817; baseline 0.001 -14"><span class='ocrx_word' id='word_1_324' title='bbox 95 1773 212 1804; x_wconf 89' lang='lat' dir='ltr'>deinde</span> <span class='ocrx_word' id='word_1_325' title='bbox 225 1784 309 1811; x_wconf 89' lang='lat' dir='ltr'>vero,</span> <span class='ocrx_word' id='word_1_326' title='bbox 325 1774 352 1805; x_wconf 84' lang='lat' dir='ltr'>si</span> <span class='ocrx_word' id='word_1_327' title='bbox 367 1775 406 1805; x_wconf 90' lang='lat' dir='ltr'>ab</span> <span class='ocrx_word' id='word_1_328' title='bbox 420 1774 488 1805; x_wconf 88' lang='lat' dir='ltr'>aliis</span> <span class='ocrx_word' id='word_1_329' title='bbox 513 1775 545 1806; x_wconf 90' lang='lat' dir='ltr'>id</span> <span class='ocrx_word' id='word_1_330' title='bbox 572 1775 736 1817; x_wconf 84' lang='lat' dir='ltr'>agentibus</span> <span class='ocrx_word' id='word_1_331' title='bbox 763 1776 922 1817; x_wconf 89' lang='lat' dir='ltr'>provocati</span> <span class='ocrx_word' id='word_1_332' title='bbox 949 1776 1104 1807; x_wconf 87' lang='lat' dir='ltr'>auditores</span> <span class='ocrx_word' id='word_1_333' title='bbox 1130 1776 1197 1807; x_wconf 85' lang='lat' dir='ltr'>fieri</span> <span class='ocrx_word' id='word_1_334' title='bbox 1223 1776 1390 1817; x_wconf 88' lang='lat' dir='ltr'>patiantur,</span> <span class='ocrx_word' id='word_1_335' title='bbox 1407 1786 1552 1817; x_wconf 88' lang='lat' dir='ltr'>magnum</span> 
     </span>
     <span class='ocr_line' id='line_1_30' title="bbox 95 1827 1552 1872; baseline 0.001 -14"><span class='ocrx_word' id='word_1_336' title='bbox 95 1827 172 1869; x_wconf 89' lang='lat' dir='ltr'>quid</span> <span class='ocrx_word' id='word_1_337' title='bbox 187 1828 338 1871; x_wconf 84' lang='lat' dir='ltr'>cogitant,</span> <span class='ocrx_word' id='word_1_338' title='bbox 354 1840 412 1860; x_wconf 89' lang='lat' dir='ltr'>nec</span> <span class='ocrx_word' id='word_1_339' title='bbox 428 1830 536 1860; x_wconf 88' lang='lat' dir='ltr'>sedulo</span> <span class='ocrx_word' id='word_1_340' title='bbox 554 1829 796 1861; x_wconf 86' lang='lat' dir='ltr'>incumbendum</span> <span class='ocrx_word' id='word_1_341' title='bbox 812 1830 860 1861; x_wconf 85' lang='lat' dir='ltr'>his</span> <span class='ocrx_word' id='word_1_342' title='bbox 875 1830 1052 1872; x_wconf 88' lang='lat' dir='ltr'>opinantur.</span> <span class='ocrx_word' id='word_1_343' title='bbox 1076 1832 1107 1861; x_wconf 91' lang='lat' dir='ltr'>in</span> <span class='ocrx_word' id='word_1_344' title='bbox 1130 1836 1290 1862; x_wconf 78' lang='lat' dir='ltr'>senectute</span> <span class='ocrx_word' id='word_1_345' title='bbox 1315 1841 1398 1867; x_wconf 91' lang='lat' dir='ltr'>vero,</span> <span class='ocrx_word' id='word_1_346' title='bbox 1414 1830 1552 1871; x_wconf 81' lang='lat' dir='ltr'>exceptis</span> 
     </span>
     <span class='ocr_line' id='line_1_31' title="bbox 94 1882 1550 1926; baseline 0.001 -13"><span class='ocrx_word' id='word_1_347' title='bbox 94 1882 216 1924; x_wconf 87' lang='lat' dir='ltr'>paucis,</span> <span class='ocrx_word' id='word_1_348' title='bbox 232 1883 329 1913; x_wconf 90' lang='lat' dir='ltr'>multo</span> <span class='ocrx_word' id='word_1_349' title='bbox 345 1884 442 1925; x_wconf 88' lang='lat' dir='ltr'>magis</span> <span class='ocrx_word' id='word_1_350' title='bbox 457 1894 548 1924; x_wconf 88' lang='lat' dir='ltr'>quam</span> <span class='ocrx_word' id='word_1_351' title='bbox 565 1884 609 1914; x_wconf 90' lang='lat' dir='ltr'>sol</span> <span class='ocrx_word' id='word_1_352' title='bbox 627 1884 817 1915; x_wconf 88' lang='lat' dir='ltr'>Heraclitius</span> <span class='ocrx_word' id='word_1_353' title='bbox 831 1884 1080 1925; x_wconf 80' lang='lat' dir='ltr'>exstinguuntur,</span> <span class='ocrx_word' id='word_1_354' title='bbox 1095 1895 1164 1915; x_wconf 90' lang='lat' dir='ltr'>cum</span> <span class='ocrx_word' id='word_1_355' title='bbox 1180 1895 1338 1926; x_wconf 87' lang='lat' dir='ltr'>nunquam</span> <span class='ocrx_word' id='word_1_356' title='bbox 1363 1884 1471 1914; x_wconf 88' lang='lat' dir='ltr'>iterum</span> <span class='ocrx_word' id='word_1_357' title='bbox 1496 1893 1550 1915; x_wconf 88' lang='lat' dir='ltr'>ac·</span> 
     </span>
     <span class='ocr_line' id='line_1_32' title="bbox 91 1936 1547 1979; baseline 0 -11"><span class='ocrx_word' id='word_1_358' title='bbox 91 1938 276 1968; x_wconf 86' lang='lat' dir='ltr'>cendantur.</span> <span class='ocrx_word' id='word_1_359' title='bbox 318 1936 401 1969; x_wconf 80' lang='lat' dir='ltr'>Ant.</span> <span class='ocrx_word' id='word_1_360' title='bbox 426 1938 512 1975; x_wconf 86' lang='lat' dir='ltr'>Quid</span> <span class='ocrx_word' id='word_1_361' title='bbox 528 1949 601 1979; x_wconf 89' lang='lat' dir='ltr'>ergo</span> <span class='ocrx_word' id='word_1_362' title='bbox 615 1939 796 1978; x_wconf 88' lang='lat' dir='ltr'>agendum?</span> <span class='ocrx_word' id='word_1_363' title='bbox 842 1939 900 1970; x_wconf 87' lang='lat' dir='ltr'>So.</span> <span class='ocrx_word' id='word_1_364' title='bbox 924 1938 1042 1970; x_wconf 85' lang='lat' dir='ltr'>Contra</span> <span class='ocrx_word' id='word_1_365' title='bbox 1069 1939 1207 1969; x_wconf 86' lang='lat' dir='ltr'>omuino.</span> <span class='ocrx_word' id='word_1_366' title='bbox 1232 1949 1303 1969; x_wconf 88' lang='lat' dir='ltr'>uam</span> <span class='ocrx_word' id='word_1_367' title='bbox 1331 1938 1547 1970; x_wconf 86' lang='lat' dir='ltr'>adolescentu-</span> 
     </span>
     <span class='ocr_line' id='line_1_33' title="bbox 92 1990 1548 2033; baseline 0 -11"><span class='ocrx_word' id='word_1_368' title='bbox 92 1990 140 2022; x_wconf 84' lang='lat' dir='ltr'>los</span> <span class='ocrx_word' id='word_1_369' title='bbox 153 2002 190 2022; x_wconf 80' lang='lat' dir='ltr'>ac</span> <span class='ocrx_word' id='word_1_370' title='bbox 205 2002 315 2033; x_wconf 89' lang='lat' dir='ltr'>pueros</span> <span class='ocrx_word' id='word_1_371' title='bbox 327 1991 500 2033; x_wconf 88' lang='lat' dir='ltr'>juvenilem</span> <span class='ocrx_word' id='word_1_372' title='bbox 518 1991 716 2033; x_wconf 87' lang='lat' dir='ltr'>disciplinam</span> <span class='ocrx_word' id='word_1_373' title='bbox 734 1991 1028 2033; x_wconf 84' lang='lat' dir='ltr'>philosophiamque</span> <span class='ocrx_word' id='word_1_374' title='bbox 1053 1997 1181 2023; x_wconf 87' lang='lat' dir='ltr'>tractare</span> <span class='ocrx_word' id='word_1_375' title='bbox 1197 1991 1355 2028; x_wconf 88' lang='lat' dir='ltr'>convenit,</span> <span class='ocrx_word' id='word_1_376' title='bbox 1371 2002 1548 2033; x_wconf 89' lang='lat' dir='ltr'>corporum-</span> 
     </span>
     <span class='ocr_line' id='line_1_34' title="bbox 91 2046 1546 2088; baseline 0 -12"><span class='ocrx_word' id='word_1_377' title='bbox 91 2055 165 2087; x_wconf 88' lang='lat' dir='ltr'>que,</span> <span class='ocrx_word' id='word_1_378' title='bbox 181 2050 334 2087; x_wconf 86' lang='lat' dir='ltr'>quatenus</span> <span class='ocrx_word' id='word_1_379' title='bbox 349 2046 530 2076; x_wconf 87' lang='lat' dir='ltr'>adolescant</span> <span class='ocrx_word' id='word_1_380' title='bbox 546 2046 765 2087; x_wconf 77' lang='lat' dir='ltr'>firnienturque</span> <span class='ocrx_word' id='word_1_381' title='bbox 781 2047 819 2076; x_wconf 88' lang='lat' dir='ltr'>ad</span> <span class='ocrx_word' id='word_1_382' title='bbox 836 2046 1042 2088; x_wconf 67' lang='lat' dir='ltr'>philosophiae</span> <span class='ocrx_word' id='word_1_383' title='bbox 1062 2046 1278 2086; x_wconf 86' lang='lat' dir='ltr'>ministerium,</span> <span class='ocrx_word' id='word_1_384' title='bbox 1300 2056 1403 2078; x_wconf 84' lang='lat' dir='ltr'>curam</span> <span class='ocrx_word' id='word_1_385' title='bbox 1431 2057 1522 2088; x_wconf 86' lang='lat' dir='ltr'>agere</span> <span class='ocrx_word' id='word_1_386' title='bbox 1536 2058 1546 2076; x_wconf 76' lang='lat' dir='ltr'><strong><em>z</em></strong></span> 
     </span>
     <span class='ocr_line' id='line_1_35' title="bbox 91 2099 1549 2142; baseline 0.001 -12"><span class='ocrx_word' id='word_1_387' title='bbox 91 2099 282 2140; x_wconf 88' lang='lat' dir='ltr'>procedente</span> <span class='ocrx_word' id='word_1_388' title='bbox 297 2111 369 2131; x_wconf 87' lang='lat' dir='ltr'>vero</span> <span class='ocrx_word' id='word_1_389' title='bbox 395 2104 499 2141; x_wconf 66' lang='lat' dir='ltr'>aetate,</span> <span class='ocrx_word' id='word_1_390' title='bbox 515 2099 548 2131; x_wconf 91' lang='lat' dir='ltr'>in</span> <span class='ocrx_word' id='word_1_391' title='bbox 575 2111 637 2142; x_wconf 88' lang='lat' dir='ltr'>qua</span> <span class='ocrx_word' id='word_1_392' title='bbox 663 2101 768 2131; x_wconf 87' lang='lat' dir='ltr'>anima</span> <span class='ocrx_word' id='word_1_393' title='bbox 788 2100 854 2142; x_wconf 91' lang='lat' dir='ltr'>jam</span> <span class='ocrx_word' id='word_1_394' title='bbox 882 2101 1051 2142; x_wconf 88' lang='lat' dir='ltr'>perficitur,</span> <span class='ocrx_word' id='word_1_395' title='bbox 1067 2100 1302 2132; x_wconf 81' lang='lat' dir='ltr'>exercitationes</span> <span class='ocrx_word' id='word_1_396' title='bbox 1329 2111 1400 2132; x_wconf 87' lang='lat' dir='ltr'>suas</span> <span class='ocrx_word' id='word_1_397' title='bbox 1423 2111 1549 2142; x_wconf 87' lang='lat' dir='ltr'>augere.</span> 
     </span>
     <span class='ocr_line' id='line_1_36' title="bbox 91 2154 1546 2196; baseline 0.001 -12"><span class='ocrx_word' id='word_1_398' title='bbox 91 2164 162 2185; x_wconf 91' lang='lat' dir='ltr'>cum</span> <span class='ocrx_word' id='word_1_399' title='bbox 177 2159 281 2185; x_wconf 87' lang='lat' dir='ltr'>autem</span> <span class='ocrx_word' id='word_1_400' title='bbox 297 2154 375 2186; x_wconf 89' lang='lat' dir='ltr'>vires</span> <span class='ocrx_word' id='word_1_401' title='bbox 389 2165 426 2185; x_wconf 80' lang='lat' dir='ltr'>ex</span> <span class='ocrx_word' id='word_1_402' title='bbox 442 2159 595 2186; x_wconf 84' lang='lat' dir='ltr'>vetustate</span> <span class='ocrx_word' id='word_1_403' title='bbox 610 2154 792 2191; x_wconf 85' lang='lat' dir='ltr'>defecerint,</span> <span class='ocrx_word' id='word_1_404' title='bbox 810 2161 885 2186; x_wconf 86' lang='lat' dir='ltr'>tunc</span> <span class='ocrx_word' id='word_1_405' title='bbox 911 2166 929 2186; x_wconf 91' lang='lat' dir='ltr'>a</span> <span class='ocrx_word' id='word_1_406' title='bbox 953 2155 1097 2186; x_wconf 87' lang='lat' dir='ltr'>civilibus</span> <span class='ocrx_word' id='word_1_407' title='bbox 1122 2155 1369 2196; x_wconf 81' lang='lat' dir='ltr'>militaribusque</span> <span class='ocrx_word' id='word_1_408' title='bbox 1393 2155 1546 2185; x_wconf 87' lang='lat' dir='ltr'>laboribus</span> 
     </span>
     <span class='ocr_line' id='line_1_37' title="bbox 90 2207 1547 2251; baseline 0 -12"><span class='ocrx_word' id='word_1_409' title='bbox 90 2207 181 2239; x_wconf 89' lang='lat' dir='ltr'>liberi</span> <span class='ocrx_word' id='word_1_410' title='bbox 195 2214 341 2250; x_wconf 90' lang='lat' dir='ltr'>tanquam</span> <span class='ocrx_word' id='word_1_411' title='bbox 359 2208 478 2240; x_wconf 87' lang='lat' dir='ltr'>emeriti</span> <span class='ocrx_word' id='word_1_412' title='bbox 505 2214 538 2239; x_wconf 91' lang='lat' dir='ltr'>et</span> <span class='ocrx_word' id='word_1_413' title='bbox 560 2209 713 2240; x_wconf 88' lang='lat' dir='ltr'>immunes</span> <span class='ocrx_word' id='word_1_414' title='bbox 736 2209 774 2240; x_wconf 92' lang='lat' dir='ltr'>ad</span> <span class='ocrx_word' id='word_1_415' title='bbox 804 2214 909 2240; x_wconf 87' lang='lat' dir='ltr'>votum</span> <span class='ocrx_word' id='word_1_416' title='bbox 935 2210 1054 2249; x_wconf 82' lang='lat' dir='ltr'>vivant,</span> <span class='ocrx_word' id='word_1_417' title='bbox 1070 2210 1220 2251; x_wconf 88' lang='lat' dir='ltr'>nulloque</span> <span class='ocrx_word' id='word_1_418' title='bbox 1244 2215 1329 2241; x_wconf 92' lang='lat' dir='ltr'>certo</span> <span class='ocrx_word' id='word_1_419' title='bbox 1358 2209 1459 2240; x_wconf 86' lang='lat' dir='ltr'>officio</span> <span class='ocrx_word' id='word_1_420' title='bbox 1485 2209 1547 2240; x_wconf 85' lang='lat' dir='ltr'>sint</span> 
     </span>
     <span class='ocr_line' id='line_1_38' title="bbox 89 2262 1546 2306; baseline 0.001 -13"><span class='ocrx_word' id='word_1_421' title='bbox 89 2262 217 2300; x_wconf 85' lang='lat' dir='ltr'>astricti,</span> <span class='ocrx_word' id='word_1_422' title='bbox 232 2262 411 2305; x_wconf 84' lang='lat' dir='ltr'>quicunque</span> <span class='ocrx_word' id='word_1_423' title='bbox 426 2262 556 2294; x_wconf 83' lang='lat' dir='ltr'>feliciter</span> <span class='ocrx_word' id='word_1_424' title='bbox 571 2263 682 2294; x_wconf 84' lang='lat' dir='ltr'>victuri</span> <span class='ocrx_word' id='word_1_425' title='bbox 697 2269 781 2300; x_wconf 83' lang='lat' dir='ltr'>sunt,</span> <span class='ocrx_word' id='word_1_426' title='bbox 795 2269 827 2295; x_wconf 91' lang='lat' dir='ltr'>et</span> <span class='ocrx_word' id='word_1_427' title='bbox 842 2270 912 2305; x_wconf 85' lang='lat' dir='ltr'>post</span> <span class='ocrx_word' id='word_1_428' title='bbox 927 2264 1140 2306; x_wconf 87' lang='lat' dir='ltr'>migrationem</span> <span class='ocrx_word' id='word_1_429' title='bbox 1156 2265 1267 2295; x_wconf 77' lang='lat' dir='ltr'>animae</span> <span class='ocrx_word' id='word_1_430' title='bbox 1282 2269 1393 2295; x_wconf 88' lang='lat' dir='ltr'>sortem</span> <span class='ocrx_word' id='word_1_431' title='bbox 1419 2274 1546 2306; x_wconf 86' lang='lat' dir='ltr'>suscep-</span> 
     </span>
     <span class='ocr_line' id='line_1_39' title="bbox 91 2316 1547 2361; baseline 0.001 -15"><span class='ocrx_word' id='word_1_432' title='bbox 91 2316 150 2347; x_wconf 90' lang='lat' dir='ltr'>turi</span> <span class='ocrx_word' id='word_1_433' title='bbox 173 2322 324 2348; x_wconf 79' lang='lat' dir='ltr'>anteactae</span> <span class='ocrx_word' id='word_1_434' title='bbox 354 2317 426 2348; x_wconf 85' lang='lat' dir='ltr'>vitae</span> <span class='ocrx_word' id='word_1_435' title='bbox 451 2318 700 2349; x_wconf 85' lang='lat' dir='ltr'>convenientem.</span> <span class='ocrx_word' id='word_1_436' title='bbox 751 2318 835 2349; x_wconf 78' lang='lat' dir='ltr'>Am.</span> <span class='ocrx_word' id='word_1_437' title='bbox 864 2319 1012 2361; x_wconf 92' lang='lat' dir='ltr'>Prompte</span> <span class='ocrx_word' id='word_1_438' title='bbox 1037 2319 1205 2349; x_wconf 91' lang='lat' dir='ltr'>admodum</span> <span class='ocrx_word' id='word_1_439' title='bbox 1231 2329 1336 2349; x_wconf 87' lang='lat' dir='ltr'>revera</span> <span class='ocrx_word' id='word_1_440' title='bbox 1362 2318 1449 2360; x_wconf 91' lang='lat' dir='ltr'>loqui</span> <span class='ocrx_word' id='word_1_441' title='bbox 1473 2318 1547 2349; x_wconf 86' lang='lat' dir='ltr'>mihi</span> 
     </span>
     <span class='ocr_line' id='line_1_40' title="bbox 91 2369 1542 2415; baseline 0.003 -16"><span class='ocrx_word' id='word_1_442' title='bbox 91 2369 217 2407; x_wconf 84' lang='lat' dir='ltr'>videris,</span> <span class='ocrx_word' id='word_1_443' title='bbox 231 2381 250 2401; x_wconf 90' lang='grc' dir='ltr'>ο</span> <span class='ocrx_word' id='word_1_444' title='bbox 264 2371 417 2402; x_wconf 89' lang='lat' dir='ltr'>Socrates.</span> <span class='ocrx_word' id='word_1_445' title='bbox 440 2372 567 2403; x_wconf 92' lang='lat' dir='ltr'>arbitror</span> <span class='ocrx_word' id='word_1_446' title='bbox 582 2378 685 2403; x_wconf 83' lang='lat' dir='ltr'>autem</span> <span class='ocrx_word' id='word_1_447' title='bbox 703 2373 864 2414; x_wconf 85' lang='lat' dir='ltr'>plurimos,</span> <span class='ocrx_word' id='word_1_448' title='bbox 879 2384 950 2405; x_wconf 92' lang='lat' dir='ltr'>cum</span> <span class='ocrx_word' id='word_1_449' title='bbox 974 2374 1041 2405; x_wconf 90' lang='lat' dir='ltr'>haec</span> <span class='ocrx_word' id='word_1_450' title='bbox 1065 2373 1250 2410; x_wconf 85' lang='lat' dir='ltr'>audiverint,</span> <span class='ocrx_word' id='word_1_451' title='bbox 1266 2373 1439 2415; x_wconf 81' lang='lat' dir='ltr'>promptius</span> <span class='ocrx_word' id='word_1_452' title='bbox 1463 2383 1542 2414; x_wconf 89' lang='lat' dir='ltr'>quo·</span> 
     </span>
     <span class='ocr_line' id='line_1_41' title="bbox 89 2426 1542 2470; baseline 0.002 -16"><span class='ocrx_word' id='word_1_453' title='bbox 89 2434 150 2465; x_wconf 88' lang='lat' dir='ltr'>que</span> <span class='ocrx_word' id='word_1_454' title='bbox 165 2430 400 2466; x_wconf 87' lang='lat' dir='ltr'>repugnaturos,</span> <span class='ocrx_word' id='word_1_455' title='bbox 414 2426 468 2457; x_wconf 87' lang='lat' dir='ltr'>abs</span> <span class='ocrx_word' id='word_1_456' title='bbox 484 2433 515 2457; x_wconf 84' lang='lat' dir='ltr'>te</span> <span class='ocrx_word' id='word_1_457' title='bbox 530 2427 654 2458; x_wconf 89' lang='lat' dir='ltr'>minime</span> <span class='ocrx_word' id='word_1_458' title='bbox 669 2437 853 2469; x_wconf 84' lang='lat' dir='ltr'>persuasos;</span> <span class='ocrx_word' id='word_1_459' title='bbox 875 2433 907 2459; x_wconf 91' lang='lat' dir='ltr'>et</span> <span class='ocrx_word' id='word_1_460' title='bbox 921 2429 952 2458; x_wconf 91' lang='lat' dir='ltr'>in</span> <span class='ocrx_word' id='word_1_461' title='bbox 975 2428 1080 2470; x_wconf 87' lang='lat' dir='ltr'>primis</span> <span class='ocrx_word' id='word_1_462' title='bbox 1105 2427 1369 2470; x_wconf 78' lang='lat' dir='ltr'>Thrasymachum</span> <span class='ocrx_word' id='word_1_463' title='bbox 1396 2427 1427 2458; x_wconf 93' lang='lat' dir='ltr'>id</span> <span class='ocrx_word' id='word_1_464' title='bbox 1455 2432 1542 2458; x_wconf 90' lang='lat' dir='ltr'>actu-</span> 
     </span>
     <span class='ocr_line' id='line_1_42' title="bbox 91 2478 1543 2524; baseline 0.004 -16"><span class='ocrx_word' id='word_1_465' title='bbox 91 2487 158 2508; x_wconf 84' lang='lat' dir='ltr'>rum</span> <span class='ocrx_word' id='word_1_466' title='bbox 173 2478 327 2511; x_wconf 79' lang='lat' dir='ltr'>existimo.</span> <span class='ocrx_word' id='word_1_467' title='bbox 370 2479 427 2512; x_wconf 82' lang='lat' dir='ltr'>So.</span> <span class='ocrx_word' id='word_1_468' title='bbox 449 2479 501 2511; x_wconf 91' lang='lat' dir='ltr'>Ne</span> <span class='ocrx_word' id='word_1_469' title='bbox 516 2486 631 2512; x_wconf 81' lang='lat' dir='ltr'>mutuae</span> <span class='ocrx_word' id='word_1_470' title='bbox 645 2481 725 2512; x_wconf 86' lang='lat' dir='ltr'>inter</span> <span class='ocrx_word' id='word_1_471' title='bbox 740 2493 788 2513; x_wconf 88' lang='lat' dir='ltr'>me</span> <span class='ocrx_word' id='word_1_472' title='bbox 803 2487 836 2513; x_wconf 87' lang='lat' dir='ltr'>et</span> <span class='ocrx_word' id='word_1_473' title='bbox 848 2482 1113 2524; x_wconf 84' lang='lat' dir='ltr'>Thrasymachum</span> <span class='ocrx_word' id='word_1_474' title='bbox 1130 2482 1355 2514; x_wconf 66' lang='lat' dir='ltr'>benevolentias</span> <span class='ocrx_word' id='word_1_475' title='bbox 1380 2482 1543 2514; x_wconf 79' lang='lat' dir='ltr'>insidieris.</span> 
     </span>
     <span class='ocr_line' id='line_1_43' title="bbox 90 2533 1546 2578; baseline 0.003 -16"><span class='ocrx_word' id='word_1_476' title='bbox 90 2542 162 2562; x_wconf 85' lang='lat' dir='ltr'>nam</span> <span class='ocrx_word' id='word_1_477' title='bbox 179 2543 277 2574; x_wconf 90' lang='lat' dir='ltr'>nuper</span> <span class='ocrx_word' id='word_1_478' title='bbox 291 2533 382 2564; x_wconf 91' lang='lat' dir='ltr'>amici</span> <span class='ocrx_word' id='word_1_479' title='bbox 396 2534 501 2565; x_wconf 80' lang='lat' dir='ltr'>effecti</span> <span class='ocrx_word' id='word_1_480' title='bbox 516 2545 631 2576; x_wconf 67' lang='lat' dir='ltr'>summ,</span> <span class='ocrx_word' id='word_1_481' title='bbox 646 2546 704 2567; x_wconf 85' lang='lat' dir='ltr'>nec</span> <span class='ocrx_word' id='word_1_482' title='bbox 720 2547 840 2567; x_wconf 85' lang='lat' dir='ltr'>eramus</span> <span class='ocrx_word' id='word_1_483' title='bbox 855 2542 946 2567; x_wconf 89' lang='lat' dir='ltr'>antea</span> <span class='ocrx_word' id='word_1_484' title='bbox 963 2537 1090 2567; x_wconf 91' lang='lat' dir='ltr'>inimici.</span> <span class='ocrx_word' id='word_1_485' title='bbox 1113 2547 1215 2578; x_wconf 88' lang='lat' dir='ltr'>neque</span> <span class='ocrx_word' id='word_1_486' title='bbox 1230 2547 1302 2567; x_wconf 89' lang='lat' dir='ltr'>vero</span> <span class='ocrx_word' id='word_1_487' title='bbox 1317 2542 1389 2567; x_wconf 80' lang='lat' dir='ltr'>ante</span> <span class='ocrx_word' id='word_1_488' title='bbox 1415 2536 1546 2567; x_wconf 81' lang='lat' dir='ltr'>desiste·</span> 
     </span>
     <span class='ocr_line' id='line_1_44' title="bbox 92 2587 1543 2632; baseline 0.003 -15"><span class='ocrx_word' id='word_1_489' title='bbox 92 2597 171 2622; x_wconf 84' lang='lat' dir='ltr'>mus,</span> <span class='ocrx_word' id='word_1_490' title='bbox 186 2597 279 2629; x_wconf 90' lang='lat' dir='ltr'>quam</span> <span class='ocrx_word' id='word_1_491' title='bbox 293 2587 368 2618; x_wconf 87' lang='lat' dir='ltr'>huic</span> <span class='ocrx_word' id='word_1_492' title='bbox 381 2593 414 2619; x_wconf 91' lang='lat' dir='ltr'>et</span> <span class='ocrx_word' id='word_1_493' title='bbox 428 2587 497 2619; x_wconf 87' lang='lat' dir='ltr'>aliis</span> <span class='ocrx_word' id='word_1_494' title='bbox 511 2590 762 2632; x_wconf 83' lang='lat' dir='ltr'>persuadeamus,</span> <span class='ocrx_word' id='word_1_495' title='bbox 780 2591 827 2622; x_wconf 87' lang='lat' dir='ltr'>vel</span> <span class='ocrx_word' id='word_1_496' title='bbox 844 2591 952 2623; x_wconf 87' lang='lat' dir='ltr'>saltem</span> <span class='ocrx_word' id='word_1_497' title='bbox 968 2601 1095 2632; x_wconf 90' lang='lat' dir='ltr'>agamus</span> <span class='ocrx_word' id='word_1_498' title='bbox 1110 2591 1272 2622; x_wconf 76' lang='lat' dir='ltr'>conserens</span> <span class='ocrx_word' id='word_1_499' title='bbox 1287 2591 1405 2632; x_wconf 91' lang='lat' dir='ltr'>aliquid</span> <span class='ocrx_word' id='word_1_500' title='bbox 1421 2591 1460 2622; x_wconf 89' lang='lat' dir='ltr'>ad</span> <span class='ocrx_word' id='word_1_501' title='bbox 1475 2602 1543 2622; x_wconf 87' lang='lat' dir='ltr'>eam</span> 
     </span>
     <span class='ocr_line' id='line_1_45' title="bbox 90 2640 1541 2687; baseline 0.004 -17"><span class='ocrx_word' id='word_1_502' title='bbox 90 2640 198 2681; x_wconf 85' lang='lat' dir='ltr'>vitam,</span> <span class='ocrx_word' id='word_1_503' title='bbox 211 2640 245 2672; x_wconf 88' lang='lat' dir='ltr'>in</span> <span class='ocrx_word' id='word_1_504' title='bbox 260 2652 354 2683; x_wconf 87' lang='lat' dir='ltr'>quam</span> <span class='ocrx_word' id='word_1_505' title='bbox 379 2652 449 2673; x_wconf 92' lang='lat' dir='ltr'>cum</span> <span class='ocrx_word' id='word_1_506' title='bbox 475 2645 684 2685; x_wconf 81' lang='lat' dir='ltr'>pervenerint,</span> <span class='ocrx_word' id='word_1_507' title='bbox 701 2645 767 2676; x_wconf 78' lang='lat' dir='ltr'>haec</span> <span class='ocrx_word' id='word_1_508' title='bbox 795 2645 881 2676; x_wconf 87' lang='lat' dir='ltr'>dicta</span> <span class='ocrx_word' id='word_1_509' title='bbox 909 2645 1075 2687; x_wconf 89' lang='lat' dir='ltr'>reperient.</span> <span class='ocrx_word' id='word_1_510' title='bbox 1119 2645 1203 2676; x_wconf 84' lang='lat' dir='ltr'>Am.</span> <span class='ocrx_word' id='word_1_511' title='bbox 1225 2645 1326 2676; x_wconf 84' lang='lat' dir='ltr'>Breve</span> <span class='ocrx_word' id='word_1_512' title='bbox 1351 2646 1391 2676; x_wconf 88' lang='lat' dir='ltr'>ad</span> <span class='ocrx_word' id='word_1_513' title='bbox 1419 2651 1541 2687; x_wconf 90' lang='lat' dir='ltr'>tempus</span> 
     </span>
     <span class='ocr_line' id='line_1_46' title="bbox 91 2694 1541 2741; baseline 0.004 -17"><span class='ocrx_word' id='word_1_514' title='bbox 91 2694 206 2726; x_wconf 82' lang='lat' dir='ltr'>dixisti.</span> <span class='ocrx_word' id='word_1_515' title='bbox 251 2695 304 2727; x_wconf 92' lang='lat' dir='ltr'>So.</span> <span class='ocrx_word' id='word_1_516' title='bbox 327 2695 428 2727; x_wconf 91' lang='lat' dir='ltr'>Immo</span> <span class='ocrx_word' id='word_1_517' title='bbox 443 2707 514 2729; x_wconf 86' lang='lat' dir='ltr'>vero</span> <span class='ocrx_word' id='word_1_518' title='bbox 531 2698 569 2728; x_wconf 88' lang='lat' dir='ltr'>ad</span> <span class='ocrx_word' id='word_1_519' title='bbox 586 2698 720 2739; x_wconf 85' lang='lat' dir='ltr'>nullum,</span> <span class='ocrx_word' id='word_1_520' title='bbox 737 2699 763 2729; x_wconf 87' lang='lat' dir='ltr'>si</span> <span class='ocrx_word' id='word_1_521' title='bbox 790 2700 829 2730; x_wconf 88' lang='lat' dir='ltr'>ad</span> <span class='ocrx_word' id='word_1_522' title='bbox 856 2701 1033 2731; x_wconf 79' lang='lat' dir='ltr'>universum</span> <span class='ocrx_word' id='word_1_523' title='bbox 1058 2700 1091 2730; x_wconf 91' lang='lat' dir='ltr'>id</span> <span class='ocrx_word' id='word_1_524' title='bbox 1118 2699 1305 2731; x_wconf 80' lang='lat' dir='ltr'>conferatur.</span> <span class='ocrx_word' id='word_1_525' title='bbox 1327 2700 1411 2741; x_wconf 82' lang='lat' dir='ltr'>quod</span> <span class='ocrx_word' id='word_1_526' title='bbox 1438 2706 1541 2731; x_wconf 89' lang='lat' dir='ltr'>autem</span> 
     </span>
     <span class='ocr_line' id='line_1_47' title="bbox 92 2747 1538 2795; baseline 0.004 -17"><span class='ocrx_word' id='word_1_527' title='bbox 92 2747 181 2778; x_wconf 88' lang='lat' dir='ltr'>multi</span> <span class='ocrx_word' id='word_1_528' title='bbox 196 2749 256 2786; x_wconf 83' lang='lat' dir='ltr'>his,</span> <span class='ocrx_word' id='word_1_529' title='bbox 271 2760 341 2791; x_wconf 83' lang='lat' dir='ltr'>quae</span> <span class='ocrx_word' id='word_1_530' title='bbox 356 2751 439 2782; x_wconf 86' lang='lat' dir='ltr'>dicta</span> <span class='ocrx_word' id='word_1_531' title='bbox 454 2757 538 2787; x_wconf 83' lang='lat' dir='ltr'>sunt,</span> <span class='ocrx_word' id='word_1_532' title='bbox 553 2752 645 2783; x_wconf 89' lang='lat' dir='ltr'>fidem</span> <span class='ocrx_word' id='word_1_533' title='bbox 661 2763 726 2784; x_wconf 86' lang='lat' dir='ltr'>non</span> <span class='ocrx_word' id='word_1_534' title='bbox 740 2759 899 2795; x_wconf 84' lang='lat' dir='ltr'>praestent,</span> <span class='ocrx_word' id='word_1_535' title='bbox 914 2754 993 2784; x_wconf 90' lang='lat' dir='ltr'>nihil</span> <span class='ocrx_word' id='word_1_536' title='bbox 1019 2754 1136 2784; x_wconf 89' lang='lat' dir='ltr'>mirum.</span> <span class='ocrx_word' id='word_1_537' title='bbox 1159 2764 1316 2795; x_wconf 91' lang='lat' dir='ltr'>nunquam</span> <span class='ocrx_word' id='word_1_538' title='bbox 1343 2754 1438 2791; x_wconf 75' lang='lat' dir='ltr'>enini,</span> <span class='ocrx_word' id='word_1_539' title='bbox 1453 2755 1538 2795; x_wconf 90' lang='lat' dir='ltr'>quod</span> 
     </span>
     <span class='ocr_line' id='line_1_48' title="bbox 91 2802 1537 2849; baseline 0.004 -18"><span class='ocrx_word' id='word_1_540' title='bbox 91 2802 185 2832; x_wconf 87' lang='lat' dir='ltr'>modo</span> <span class='ocrx_word' id='word_1_541' title='bbox 199 2802 317 2834; x_wconf 90' lang='lat' dir='ltr'>dictum</span> <span class='ocrx_word' id='word_1_542' title='bbox 331 2808 390 2841; x_wconf 85' lang='lat' dir='ltr'>est,</span> <span class='ocrx_word' id='word_1_543' title='bbox 404 2805 542 2836; x_wconf 87' lang='lat' dir='ltr'>evenisse</span> <span class='ocrx_word' id='word_1_544' title='bbox 558 2806 712 2844; x_wconf 79' lang='lat' dir='ltr'>viderunt,</span> <span class='ocrx_word' id='word_1_545' title='bbox 727 2807 781 2838; x_wconf 87' lang='lat' dir='ltr'>sed</span> <span class='ocrx_word' id='word_1_546' title='bbox 799 2807 872 2838; x_wconf 85' lang='lat' dir='ltr'>talia</span> <span class='ocrx_word' id='word_1_547' title='bbox 887 2807 1029 2849; x_wconf 83' lang='lat' dir='ltr'>quaedam</span> <span class='ocrx_word' id='word_1_548' title='bbox 1046 2808 1138 2838; x_wconf 83' lang='lat' dir='ltr'>verba</span> <span class='ocrx_word' id='word_1_549' title='bbox 1151 2808 1255 2848; x_wconf 86' lang='lat' dir='ltr'>potius</span> <span class='ocrx_word' id='word_1_550' title='bbox 1270 2808 1310 2839; x_wconf 91' lang='lat' dir='ltr'>de</span> <span class='ocrx_word' id='word_1_551' title='bbox 1330 2807 1480 2839; x_wconf 89' lang='lat' dir='ltr'>industria</span> <span class='ocrx_word' id='word_1_552' title='bbox 1505 2808 1537 2838; x_wconf 89' lang='lat' dir='ltr'>in</span> 
     </span>
     <span class='ocr_line' id='line_1_49' title="bbox 91 2853 1539 2900; baseline 0.004 -16"><span class='ocrx_word' id='word_1_553' title='bbox 91 2853 323 2887; x_wconf 79' lang='lat' dir='ltr'>similitudinem</span> <span class='ocrx_word' id='word_1_554' title='bbox 338 2859 493 2898; x_wconf 87' lang='lat' dir='ltr'>quandam</span> <span class='ocrx_word' id='word_1_555' title='bbox 508 2859 693 2900; x_wconf 85' lang='lat' dir='ltr'>composita,</span> <span class='ocrx_word' id='word_1_556' title='bbox 708 2870 772 2891; x_wconf 91' lang='lat' dir='ltr'>non</span> <span class='ocrx_word' id='word_1_557' title='bbox 787 2871 872 2897; x_wconf 87' lang='lat' dir='ltr'>casu,</span> <span class='ocrx_word' id='word_1_558' title='bbox 888 2866 923 2892; x_wconf 91' lang='lat' dir='ltr'>ut</span> <span class='ocrx_word' id='word_1_559' title='bbox 943 2871 1041 2898; x_wconf 88' lang='lat' dir='ltr'>nunc,</span> <span class='ocrx_word' id='word_1_560' title='bbox 1053 2862 1276 2892; x_wconf 88' lang='lat' dir='ltr'>concurrentia.</span> <span class='ocrx_word' id='word_1_561' title='bbox 1301 2861 1396 2892; x_wconf 88' lang='lat' dir='ltr'>virum</span> <span class='ocrx_word' id='word_1_562' title='bbox 1422 2867 1539 2897; x_wconf 76' lang='lat' dir='ltr'>autem,</span> 
     </span>
     <span class='ocr_line' id='line_1_50' title="bbox 90 2909 1537 2958; baseline 0.003 -19"><span class='ocrx_word' id='word_1_563' title='bbox 90 2909 192 2950; x_wconf 80' lang='lat' dir='ltr'>quoad</span> <span class='ocrx_word' id='word_1_564' title='bbox 207 2909 270 2942; x_wconf 82' lang='lat' dir='ltr'>fieri</span> <span class='ocrx_word' id='word_1_565' title='bbox 287 2916 402 2953; x_wconf 85' lang='lat' dir='ltr'>potest,</span> <span class='ocrx_word' id='word_1_566' title='bbox 418 2913 528 2944; x_wconf 85' lang='lat' dir='ltr'>virtute</span> <span class='ocrx_word' id='word_1_567' title='bbox 545 2913 729 2957; x_wconf 80' lang='lat' dir='ltr'>perfectum,</span> <span class='ocrx_word' id='word_1_568' title='bbox 743 2925 779 2948; x_wconf 86' lang='lat' dir='ltr'>ac</span> <span class='ocrx_word' id='word_1_569' title='bbox 794 2926 987 2958; x_wconf 85' lang='lat' dir='ltr'>summopere</span> <span class='ocrx_word' id='word_1_570' title='bbox 1003 2915 1092 2949; x_wconf 79' lang='lat' dir='ltr'>factis</span> <span class='ocrx_word' id='word_1_571' title='bbox 1106 2921 1138 2948; x_wconf 84' lang='lat' dir='ltr'>et</span> <span class='ocrx_word' id='word_1_572' title='bbox 1152 2916 1244 2949; x_wconf 79' lang='lat' dir='ltr'>dictis</span> <span class='ocrx_word' id='word_1_573' title='bbox 1269 2916 1321 2948; x_wconf 81' lang='lat' dir='ltr'>tali</span> <span class='ocrx_word' id='word_1_574' title='bbox 1345 2916 1477 2957; x_wconf 85' lang='lat' dir='ltr'>quadam</span> <span class='ocrx_word' id='word_1_575' title='bbox 1505 2914 1537 2945; x_wconf 79' lang='lat' dir='ltr'>iu</span> 
     </span>
    </p>
   </div>
  </div>
 </body>
</html>
