1840 3225
193 213 273 250 414
775 206 1040 247 PLATONIS
1550 208 1649 261 [895

191 314 275 347 nius.
313 312 452 350 Arnim.
476 311 601 343 Animae
617 309 718 353 gratia
733 310 978 352 disputationem
990 311 1071 342 hanc
1091 309 1229 351 aggressi
1244 319 1360 341 sumus.
1404 309 1482 342 Cu.
1497 309 1654 341 Maxime.

194 367 334 400 Arnen.
347 368 396 399 Sit
408 376 481 407 ergo
496 367 574 397 alter
591 370 702 401 motus,
719 375 781 406 quo
797 365 871 406 quid
888 366 951 397 alia
962 376 1085 407 semper
1099 375 1225 396 movere
1241 370 1346 406 potest
1354 365 1495 406 quidem,
1507 364 1650 405 seipsum

193 432 266 452 vcro
280 432 347 452 non
362 426 483 462 potest:
511 421 602 456 alter,
617 430 679 461 quo
692 419 770 460 quid
785 425 817 450 et
834 430 866 450 se
881 419 982 461 ipsum
999 430 1122 461 semper
1138 425 1170 449 et
1182 419 1244 450 alia
1255 423 1361 460 potest
1368 428 1510 454 movere,
1520 417 1653 460 conjun-

194 476 309 516 gendo,
326 474 544 517 disjungendo,
558 473 703 515 augendo
718 480 750 504 et
765 480 890 505 contra:
921 475 1100 515 generando
1116 480 1270 514 praeterea
1280 480 1312 504 et
1327 471 1567 514 corrumpendo.
1595 473 1652 513 qui

191 534 294 562 motus
322 539 342 560 a
367 529 478 560 ceteris
512 528 656 560 omnibus
683 534 732 559 est
760 527 936 559 distinctus.
984 527 1061 558 Cu.
1097 528 1176 564 Sint,
1207 535 1242 558 ut
1268 528 1326 558 vis.
1372 527 1510 558 Aram«.
1533 525 1651 557 Nonne

190 589 312 615 motum
324 583 412 614 illurn
428 593 547 614 nonum
561 592 726 624 ponemuS,
751 592 813 624 quo
829 582 948 624 aliquid
964 582 1002 613 ab
1019 582 1080 613 aiio
1104 587 1244 613 movetur
1266 587 1299 612 et
1325 581 1389 612 alia
1414 580 1540 612 movet?
1565 579 1652 612 deci-

192 649 277 669 mum
294 648 368 669 vero
379 637 601 669 collocabimus
615 637 717 674 illum,
732 647 795 679 quo
811 642 843 668 et
857 647 890 668 se
906 642 1012 667 movet
1024 642 1058 667 et
1071 637 1152 668 alia:
1177 636 1231 678 qui
1245 641 1329 667 certe
1353 635 1499 666 omnibus
1519 635 1654 666 actioni-

191 693 251 724 bus
265 698 299 724 et
313 692 510 734 passionibus
525 702 559 723 se
587 692 815 728 accommodat.
845 701 1011 732 rerumque
1038 691 1190 727 omnium,
1219 700 1414 732 quaecunque
1440 690 1515 726 sint,
1542 697 1653 720 revera

189 752 292 778 motus
318 751 350 779 et
369 746 586 778 transmutatio
609 745 834 787 nuncupatur?
881 745 957 777 Cn.
980 745 1031 776 Ita
1054 755 1188 786 prorsus.
1231 745 1368 776 Arnen.
1394 745 1500 782 Quem
1523 743 1651 786 potissi·

190 812 274 833 mum
291 811 330 832 cx
345 800 453 833 decem
468 800 606 831 motibus
620 801 732 831 ceteris
747 800 900 836 omnibus,
914 804 1065 841 tanquam
1077 799 1324 831 robustissimum
1345 804 1378 830 et
1389 798 1652 833 efficacissimum,

190 865 410 896 praeponemus
423 855 434 885 .'
479 854 619 886 Necesse
636 860 682 885 est
701 865 775 884 eum
787 864 849 894 quo
862 853 940 895 quid
955 859 988 884 et
1003 864 1037 885 se
1052 858 1086 884 et.
1100 854 1160 884 alia
1176 864 1302 885 movere
1326 858 1441 896 potest,
1467 852 1651 894 longissimo

188 909 356 941 intervallo
366 909 566 950 praecedere:
597 914 717 940 ceteros
731 914 837 939 autem
853 918 960 938 omnes
983 917 1052 938 esse
1075 908 1169 949 longe
1192 908 1390 948 posteriores.
1436 906 1514 938 Cu.
1537 906 1654 938 Probe.

186 962 325 994 Arnen.
347 963 410 994 Sed
425 973 519 994 unum
535 963 585 992 vel
610 962 671 992 duo
694 972 759 992 non
781 967 868 992 recte
889 962 994 992 locata
1018 961 1109 992 aliter
1133 961 1283 1002 ponenda
1309 962 1407 992 suut?
1443 960 1531 993 Cu.
1554 960 1652 997 Quae-

186 1028 258 1048 narn
270 1018 281 1049 ἓ
311 1017 448 1048 Arm-m.
464 1015 560 1053 Quod
573 1016 613 1046 de
625 1021 713 1046 motu
723 1016 847 1046 decimo
861 1015 1009 1052 diximus,
1023 1025 1089 1046 non
1099 1021 1186 1047 recte
1201 1021 1250 1046 est
1263 1016 1394 1046 dictum.
1428 1014 1506 1048 Cm.
1522 1013 1652 1051 Quare?

187 1071 328 1103 Arnim.
350 1071 435 1108 Quia
450 1071 505 1112 qui
520 1069 644 1101 decimo
658 1077 856 1100 enumeratus
871 1076 931 1106 est,
956 1076 1018 1100 tam
1045 1070 1247 1111 generatione
1274 1079 1369 1111 quam
1392 1068 1515 1104 robore,
1539 1077 1653 1098 secun-

172 1125 265 1168 ·dum
275 1125 427 1156 rationem
442 1125 556 1166 primus
571 1129 637 1155 cst:
663 1123 819 1156 secundus
831 1134 916 1160 vero,
932 1134 1027 1165 quem
1038 1134 1123 1155 nono
1138 1123 1271 1154 absurde
1295 1124 1366 1154 loco
1387 1121 1654 1154 enumeravimus.

189 1180 266 1211 ΟΜ.
289 1179 457 1216 Quomodo
472 1180 540 1209 haec
556 1178 635 1209 dicis
649 1179 659 1208 ?
685 1178 891 1214 Arum-,Sim
904 1177 1030 1219 quando
1046 1176 1134 1207 aliud
1149 1177 1188 1207 ab
1202 1178 1265 1207 alio
1275 1182 1429 1212 movetur,
1443 1175 1538 1218 idque
1546 1185 1654 1207 rursu

187 1244 311 1275 semper
325 1234 452 1275 abnuo,
468 1234 567 1264 eritne
583 1233 617 1263 in
634 1233 749 1264 talibus
773 1232 904 1273 aliquid,
933 1232 1016 1272 quod
1039 1231 1138 1272 primo
1159 1231 1345 1261 moveatur?
1369 1236 1402 1261 at
1425 1229 1584 1272 quomodo
1607 1229 1654 1265 id,

187 1299 261 1320 cum
275 1288 315 1318 ab
330 1289 435 1329 aliquo
449 1293 621 1324 moveatur,
637 1297 756 1323 eorum,
772 1297 842 1328 quie
860 1291 1033 1322 moventur,
1049 1286 1185 1326 primum
1201 1285 1282 1315 erit?
1307 1290 1392 1316 certe
1407 1283 1604 1326 impossibile
1620 1283 1652 1314 id

186 1348 246 1374 cst.
268 1343 324 1373 sed
340 1341 467 1383 quando
483 1342 602 1382 aliquid
617 1352 650 1372 se
662 1342 761 1382 ipsum
776 1350 907 1371 movens
920 1339 1007 1370 aliud
1023 1349 1149 1381 quoque
1162 1338 1318 1370 movebit:
1343 1337 1485 1380 illudque
1499 1336 1598 1374 aliud,
1622 1342 1655 1368 et

186 1397 231 1428 sic
253 1397 403 1438 deinceps
429 1396 563 1436 plurima
582 1396 809 1426 movebuntur:
837 1393 934 1435 [895]
959 1404 998 1424 an
1017 1393 1102 1424 aliud
1126 1393 1221 1424 totius
1247 1398 1348 1424 motus
1368 1388 1560 1434 principium
1583 1392 1653 1428 erit,

187 1460 282 1492 quam
297 1450 428 1481 mutatio
440 1449 520 1490 ejus,
541 1449 626 1490 quod
651 1459 685 1479 se
708 1449 809 1489 ipsum
836 1447 958 1479 movit?
1005 1447 1082 1479 CLI.
1105 1447 1239 1489 Egregie
1263 1447 1380 1478 dictum
1407 1447 1453 1484 id,
1479 1451 1512 1477 et
1540 1456 1655 1477 eonce-

187 1504 328 1536 dendum
341 1510 400 1535 est.
443 1503 579 1535 Arnim.
603 1503 757 1534 Praeterea
774 1503 818 1535 sic
833 1512 893 1533 nos
908 1503 994 1544 ipsos
1008 1502 1246 1543 interrogemus,
1270 1509 1302 1532 et
1323 1501 1385 1542 ipsi
1406 1500 1499 1532 nobis
1522 1510 1654 1541 respon-

188 1560 336 1591 deamus:
368 1558 396 1589 si
409 1558 518 1599 quovis
532 1556 627 1588 modo
644 1557 787 1588 universa
801 1556 893 1588 simul
910 1557 1063 1593 steterint,
1080 1561 1113 1587 ut
1127 1555 1254 1597 plurimi
1271 1556 1383 1586 talium
1402 1554 1523 1586 audent
1536 1554 1654 1590 dicere,

187 1624 278 1655 quem
296 1612 411 1643 motum
426 1612 622 1653 potissimum
636 1622 674 1642 ex
689 1611 836 1642 omnibus
852 1610 984 1652 primum
999 1610 1033 1641 in
1044 1611 1121 1652 ipsis
1145 1610 1209 1641 fieri
1230 1619 1402 1640 asseremus
1415 1609 1426 1640 ?
1471 1608 1556 1639 Eum
1579 1618 1653 1650 pro-

185 1668 281 1704 fecto,
293 1677 356 1709 quo
370 1666 445 1708 quid
461 1676 495 1696 se
511 1667 612 1706 ipsum
629 1671 746 1696 movet.
768 1671 873 1696 motus
885 1665 971 1695 enim
986 1664 1172 1705 dependens
1187 1664 1227 1694 ab
1243 1664 1318 1700 alio,
1329 1673 1394 1694 non
1408 1663 1498 1705 prius
1522 1663 1654 1699 incidet,

188 1732 280 1763 quam
297 1721 359 1752 alia
369 1719 513 1762 quaedam
529 1720 607 1761 ipsis
618 1719 767 1750 inciderit
775 1720 976 1760 permutatio.
1021 1718 1221 1760 Quapropter
1234 1718 1361 1749 initium
1376 1718 1515 1748 omniurn
1540 1716 1653 1748 motio-

187 1785 262 1807 num
276 1775 473 1817 primumque
489 1779 619 1810 motum,
635 1774 689 1815 qui
713 1778 745 1804 et
768 1774 802 1804 in
827 1773 980 1804 stantibus
1005 1773 1106 1804 factus
1131 1773 1171 1803 sit
1197 1777 1231 1803 et
1249 1773 1284 1802 in
1308 1772 1356 1803 his
1381 1782 1452 1814 quae
1475 1777 1653 1807 moventur,

187 1829 282 1861 modo
294 1829 379 1865 insit,
390 1829 479 1860 illurn
493 1828 584 1860 fateri
598 1838 730 1859 necesse
745 1833 804 1864 est,
820 1837 882 1869 quo
897 1827 974 1870 quid
999 1838 1032 1858 se
1055 1828 1157 1869 ipsum
1180 1832 1298 1863 movet,
1324 1831 1358 1857 et
1376 1827 1457 1858 hanc
1482 1836 1551 1858 esse
1572 1827 1654 1857 anti-

187 1884 368 1926 quissimam
380 1883 517 1914 omniurn
536 1883 847 1924 potentissimamque
865 1883 1080 1918 mutationem,
1097 1882 1271 1912 secundam
1283 1891 1358 1912 vero
1379 1881 1478 1918 iliam,
1494 1890 1557 1922 qua
1573 1879 1652 1921 quid

188 1939 228 1969 ab
241 1939 304 1970 alio
320 1943 456 1969 mutatur
470 1942 503 1969 et
517 1937 581 1968 alia
594 1942 711 1968 movet.
755 1936 929 1968 Verissime
952 1937 1052 1967 dicis:
1084 1940 1253 1977 postquam
1274 1936 1438 1976 hucusque
1461 1934 1653 1976 disputando

188 1992 383 2028 devenimus,
412 1992 474 2023 hoc
502 2001 628 2033 quoque
654 1993 911 2033 respondeamus.
956 1991 1033 2022 Cm.
1059 1990 1245 2028 Quidnam?
1291 1988 1430 2020 Arnen.
1452 1988 1486 2020 Si
1516 1989 1653 2030 primum

189 2051 310 2077 motum
336 2046 369 2076 in
378 2050 501 2076 terreno
514 2045 565 2076 vel
581 2045 728 2086 aquatico
738 2046 790 2076 vel
804 2045 898 2086 igneo
913 2054 1054 2087 corpore,
1071 2045 1136 2076 sive
1160 2044 1298 2086 simplici
1321 2054 1375 2075 seu
1403 2042 1515 2080 mixto,
1538 2041 1654 2073 videri-

188 2110 268 2136 mus,
281 2109 373 2141 quam
388 2100 491 2130 inesse
506 2099 565 2140 ipsi
580 2100 760 2140 passionem
775 2098 940 2130 dicemus?
986 2098 1065 2130 Car.
1087 2099 1240 2140 Nunquid
1255 2108 1358 2140 rogaS,
1378 2098 1404 2128 si
1422 2097 1524 2128 vivere
1547 2097 1653 2138 ipsum

188 2153 359 2185 dicendum
373 2153 426 2190 sit,
440 2153 524 2194 quod
538 2163 557 2183 a
572 2163 604 2184 se
625 2153 695 2194 ipso
710 2154 877 2184 movetur?
924 2152 1064 2184 Arnen.
1087 2153 1128 2184 Id
1152 2153 1267 2194 ipsum.
1313 2152 1392 2184 Cu.
1415 2151 1535 2184 Vivere
1557 2155 1655 2182 certe.

189 2207 327 2239 Amms.
350 2206 438 2244 Quid
451 2207 547 2236 vero?
572 2217 643 2238 cum
657 2207 795 2237 animam
811 2216 879 2237 esse
893 2206 924 2237 in
944 2207 1050 2247 aliquo
1064 2207 1248 2243 viderimus,
1267 2216 1344 2236 num
1368 2205 1409 2237 ob
1436 2204 1524 2236 aliud
1545 2204 1651 2236 vivere

186 2263 292 2304 ipsum
306 2271 401 2303 quam
425 2261 465 2292 ob
493 2261 564 2296 hoc,
591 2261 794 2301 putabimus?
841 2260 918 2291 Cu.
942 2261 994 2291 Ob
1017 2261 1078 2292 hoc
1103 2261 1221 2302 ipsum.
1265 2260 1404 2290 Amas.
1426 2258 1569 2291 Attende
1596 2268 1653 2300 per

186 2316 312 2353 Jovem,
325 2315 464 2351 obsecro,
477 2314 618 2355 nunquid
634 2315 713 2345 velis
738 2314 799 2345 tria
823 2314 856 2345 in
877 2325 909 2345 re
934 2314 1074 2355 qualibet
1097 2314 1290 2356 intelligere.
1337 2313 1413 2346 Cu.
1437 2313 1510 2352 Quo
1533 2313 1652 2355 pacto?

189 2369 329 2401 Arnen.
360 2369 468 2400 Unum
498 2368 704 2399 substantiam
732 2368 844 2410 ipsam,
874 2379 972 2398 unum
1003 2369 1188 2400 substantia:
1211 2369 1378 2405 rationem,
1403 2378 1503 2400 unum
1530 2377 1654 2410 quoque

188 2434 304 2456 nomen
333 2423 456 2465 ipsum:
493 2422 754 2464 interrogationes
779 2422 876 2453 etiam
906 2421 946 2453 de
971 2423 1058 2453 omni
1074 2433 1106 2454 re
1136 2422 1214 2453 duas
1239 2432 1320 2454 esse.
1374 2421 1454 2454 Cu.
1483 2421 1653 2460 Quomodo

190 2478 290 2509 duas?
336 2477 474 2508 Aruer-⁷.
498 2476 593 2513 Quod
619 2476 771 2508 videlicet
793 2486 1020 2518 nonnunquam
1044 2478 1171 2508 nomine
1195 2477 1286 2508 nobis
1310 2477 1473 2518 proposito
1495 2476 1652 2508 rationem

191 2533 293 2573 ipsam
309 2541 494 2573 quaeramus,
515 2540 740 2572 nonnunquam
765 2531 920 2562 rationem
947 2532 1083 2562 assecuti
1103 2541 1221 2562 nomen
1245 2530 1314 2572 jam
1336 2530 1574 2572 investigemus.
1595 2529 1653 2562 sed

190 2587 375 2617 volumusne
389 2587 450 2616 hoc
463 2586 578 2616 iterum
592 2586 720 2616 dicere?
766 2585 842 2618 Cu.
865 2586 1046 2622 Quidnam?
1092 2586 1231 2617 Amen.
1253 2583 1414 2626 Bipartita
1438 2584 1599 2616 distinctio
1620 2590 1653 2616 et

191 2640 225 2670 in
247 2640 316 2671 aliis
337 2641 415 2671 etin
429 2650 559 2670 numero
583 2640 747 2682 reperitur.
771 2645 805 2671 et
824 2640 856 2670 in
874 2650 1005 2671 numero
1029 2640 1074 2670 sie
1098 2639 1200 2670 diviso
1223 2649 1337 2671 nomen
1362 2638 1492 2680 quidem
1514 2647 1571 2680 par
1591 2643 1654 2674 est,

190 2694 270 2725 ratio
295 2701 411 2730 autam,
437 2704 585 2725 numerus
609 2694 643 2725 in
670 2694 732 2725 duo
762 2694 896 2736 aequalia
925 2694 1103 2725 divisibilis.
1148 2694 1226 2726 Cm.
1252 2693 1360 2726 Certe.
1402 2690 1543 2723 Arni-:110
1575 2691 1652 2723 Tale

190 2748 311 2790 aliquid
327 2748 409 2780 dico.
455 2748 571 2779 Nonne
587 2748 672 2780 idem
685 2749 717 2779 in
730 2755 863 2790 ,utroque
878 2749 1102 2790 significamus,
1117 2749 1184 2780 sive
1197 2757 1317 2780 nomen
1336 2746 1532 2789 interrogati,
1553 2746 1653 2778 ratio-

192 2813 279 2840 nem,
301 2803 367 2834 sive
392 2803 545 2834 rationem
560 2804 753 2845 interrogati,
768 2814 887 2836 nomen
902 2803 1094 2835 reddamus?
1117 2801 1376 2845 quandoquidem
1386 2810 1482 2832 unam
1497 2800 1650 2832 eandem·

191 2869 251 2899 que
268 2869 332 2890 rem
345 2858 473 2888 nomine
489 2857 616 2898 quidem
631 2869 750 2899 parem,
766 2859 884 2890 ratione
900 2868 972 2889 vero
986 2869 1150 2890 numerum
1167 2859 1199 2890 in
1218 2857 1282 2888 duo
1301 2855 1433 2898 oequalia
1459 2854 1651 2888 divisibilem

190 2912 396 2954 appellamus.
442 2911 517 2944 Chr,
542 2911 630 2944 Idem
656 2913 792 2946 omnino.
837 2914 973 2945 Amas.
999 2913 1060 2952 Bai
1077 2924 1148 2945 vero
1165 2912 1258 2948 illius,
1275 2911 1325 2942 cui
1342 2919 1459 2942 nomen
1475 2916 1522 2942 est
1535 2908 1652 2943 anima,
