1840 3225
284 224 360 262 180
864 222 1128 262 PLATONIS
1634 227 1729 278 [511

281 324 352 356 bilis
367 325 546 358 sectionem.
591 325 703 357 GLAu.
727 326 801 364 Quo
816 328 934 368 pactu?
978 327 1036 359 So.
1058 325 1164 359 Unum
1178 325 1306 368 quidem
1329 325 1426 368 ipsius
1451 337 1549 369 genus
1572 332 1632 368 est,
1647 328 1732 370 quod

279 378 409 420 inquirit
422 380 554 418 animus,
571 380 617 411 his
633 385 724 411 utens
747 380 833 411 velut
857 381 1055 422 imaginibus,
1072 391 1141 422 quae
1165 379 1248 421 prius
1273 379 1374 411 divisa
1397 386 1481 419 sunt,
1495 381 1673 423 compulsus
1695 392 1735 412 ex

279 433 549 475 suppositionibus
564 444 627 465 non
650 434 690 465 ad
715 434 914 476 principium,
930 436 984 466 sed
1011 435 1049 465 ad
1076 434 1168 466 finem
1196 435 1373 476 procedere.
1394 434 1524 466 alterum
1550 446 1635 476 vero,
1649 437 1735 478 quod

279 487 437 529 excogitat
464 488 585 520 animus
615 499 653 520 ex
682 489 899 531 suppositione
925 490 1098 532 procedens
1134 490 1174 520 ad
1212 487 1398 530 principium
1426 499 1490 520 non
1517 489 1712 531 suppositum
1725 499 1736 527 ;

279 550 338 572 nec
353 541 538 584 imaginibus
553 547 654 582 utens,
669 543 780 584 quibus
795 543 834 574 ad
850 554 948 584 genus
964 543 1091 574 alterum
1111 543 1156 574 uti
1171 542 1317 583 solemus,
1330 543 1384 574 sed
1397 542 1473 585 ipsis
1496 543 1659 585 speciebus
1680 553 1736 584 per

276 594 360 637 ipsas
375 596 587 637 progrediens.
632 596 746 628 Gmu.
769 596 863 628 Haud
880 597 966 633 satis,
981 607 1052 638 quae
1068 596 1159 633 dicis,
1175 595 1328 638 intelligo.
1372 596 1427 627 So.
1455 596 1496 628 At
1510 597 1592 629 enim
1611 597 1733 629 facilius

278 660 334 691 per
347 650 414 682 haec
428 650 595 693 intelliges.
616 651 746 682 arbitror
760 656 790 681 te
806 661 869 681 non
885 651 990 688 latere,
1007 651 1092 692 quod
1108 650 1161 692 qui
1177 651 1259 682 circa
1282 651 1482 692 geometriam
1505 658 1538 683 et
1562 651 1735 683 arithmeti-

277 714 346 736 cam
362 709 394 735 et
408 709 509 736 cetera
524 705 645 747 generis
661 705 729 746 ejus
743 711 911 742 versantur,
926 711 1110 747 supponunt
1124 705 1250 747 quidem
1268 715 1323 746 par
1336 711 1368 736 et
1384 705 1483 748 impar
1507 710 1539 737 et
1562 706 1674 747 figuras
1697 715 1735 737 ac

278 763 338 790 tres
352 759 471 800 species
485 759 666 801 angulorum
683 765 714 791 et
728 760 837 790 11011110
853 759 965 790 similia
978 759 1009 789 in
1025 759 1343 801 argumentationibus
1369 759 1501 801 singulis
1517 771 1524 790 :
1549 765 1582 791 et
1604 760 1653 791 his
1675 770 1732 801 po-

277 811 356 850 sitis,
371 818 518 855 tanquam
532 814 661 845 cuilibet
676 813 858 853 manifestis,
870 814 1019 844 rationem
1035 814 1074 845 de
1100 814 1147 845 his
1173 814 1289 844 nullam
1316 814 1500 855 exigendam
1525 819 1660 856 putant:
1685 818 1733 844 at-

277 876 339 908 que
353 866 426 898 hinc
440 867 629 909 incipientes
643 868 682 898 ad
697 867 757 898 alia
767 866 833 908 jam
849 867 1057 905 descendunt,
1073 873 1105 899 et
1119 869 1157 899 ad
1176 867 1252 898 illud
1270 868 1393 900 tandem
1421 868 1619 910 perveniunt,
1643 867 1730 910 quod

275 921 468 963 quaerebant.
513 920 628 953 GLAU.
653 921 780 952 Prorsus
793 921 828 952 id
843 921 928 952 novi.
970 921 1026 954 So.
1050 921 1216 953 Enimvero
1231 928 1264 953 et
1277 922 1356 953 illud
1374 922 1469 965 nosti,
1482 923 1567 964 quod
1583 927 1615 953 et
1638 932 1733 964 supra

275 974 368 1006 dictis
383 974 547 1016 speciebus
563 979 703 1011 utuntur,
719 975 822 1016 deque
837 975 896 1006 illis
912 975 1002 1006 verba
1018 976 1156 1007 faciunt:
1181 986 1358 1018 quanquam
1373 986 1437 1007 non
1453 977 1492 1008 ad
1517 987 1570 1008 eas
1595 981 1731 1008 mentem

275 1028 425 1070 dirigunt,
440 1029 492 1060 sed
510 1029 550 1059 ad
566 1028 618 1059 illa
643 1029 758 1070 potius,
773 1039 903 1070 quorum
923 1029 983 1060 ista
1007 1030 1169 1061 simulacra
1195 1036 1279 1067 sunt,
1293 1031 1333 1062 ad
1356 1030 1603 1072 quadrangulum
1628 1030 1732 1072 ipsum

273 1082 421 1115 videlicet
435 1083 600 1126 ipsumque
616 1083 820 1123 diametrum
842 1094 905 1114 non
921 1084 961 1114 ad
975 1084 1048 1121 ista,
1062 1095 1132 1126 quae
1148 1084 1297 1115 scribunt.
1318 1090 1352 1116 et
1373 1085 1404 1115 in
1426 1084 1495 1116 aliis
1510 1085 1620 1116 eodem
1636 1084 1730 1116 modo

272 1138 438 1179 speciebus
462 1138 589 1179 quidem
614 1138 712 1175 hisce,
727 1148 804 1179 quas
828 1138 1009 1169 describunt
1032 1138 1239 1181 figurantque,
1255 1149 1383 1180 quarum
1409 1144 1442 1170 et
1465 1139 1579 1170 umbrae
1604 1143 1677 1170 sunt
1699 1143 1732 1170 et

273 1191 306 1223 in
321 1192 410 1234 aquis
426 1192 586 1233 imagines,
603 1197 751 1233 tanquam
767 1191 955 1233 imaginibus
970 1192 1154 1234 quibusdam
1170 1197 1311 1234 utuntur,
1326 1193 1508 1224 affectantes
1528 1192 1584 1223 illa
1605 1191 1732 1234 conspi-

270 1257 352 1283 cere,
368 1257 438 1288 quae
462 1247 559 1289 [511]
583 1257 645 1278 non
660 1247 749 1278 aliter
763 1257 855 1288 quam
867 1246 1057 1287 cogitatione
1073 1246 1300 1288 percipiuntur.
1343 1247 1461 1278 Guu.
1483 1245 1568 1278 Vera
1584 1245 1731 1288 loqueris.

271 1300 330 1332 So.
353 1300 444 1332 Hanc
460 1301 580 1342 generis
595 1300 800 1342 intelligibilis
825 1301 960 1342 speciem
983 1311 1077 1342 supra
1101 1301 1255 1337 dicebam,
1270 1301 1312 1332 ad
1340 1300 1430 1342 cujus
1454 1299 1727 1342 investigat-ionem

271 1355 344 1396 cogi
366 1356 503 1388 animum
529 1355 799 1396 suppositionibus
826 1354 886 1392 uti,
903 1356 940 1385 ad
966 1355 1156 1396 principium
1181 1366 1245 1386 non
1270 1360 1408 1391 euntem,
1423 1359 1533 1396 utpote
1556 1354 1611 1396 qui
1636 1363 1730 1395 supra

271 1409 502 1452 suppositiones
525 1410 692 1441 ascendere
717 1414 866 1451 nequeat,
887 1414 1051 1451 utaturque
1077 1410 1265 1451 imaginibus
1291 1409 1352 1446 his,
1377 1419 1447 1450 quae
1469 1419 1508 1440 ex
1532 1407 1731 1439 inferioribus

270 1469 342 1495 sunt
366 1464 404 1495 ad
430 1464 620 1505 superiorum
645 1463 880 1495 similitudinem
903 1470 1102 1506 comparatae,
1118 1469 1212 1506 atque
1237 1463 1281 1494 ita
1303 1462 1451 1505 opinione
1477 1466 1639 1504 conceptae
1663 1462 1731 1492 dis-

270 1518 440 1559 tinctaeque
455 1523 540 1554 sunt,
554 1518 643 1559 quasi
658 1518 697 1548 ad
713 1518 768 1548 illa
783 1518 946 1560 perspicue
962 1518 1134 1550 conferant.
1180 1518 1296 1549 GLAu.
1318 1517 1465 1559 Intelligo
1491 1517 1636 1558 equidem
1661 1516 1726 1547 dici

268 1573 323 1603 abs
340 1578 382 1614 te,
397 1572 482 1614 quod
497 1571 528 1602 in
544 1572 713 1613 geometria
727 1577 759 1602 et
774 1572 841 1603 aliis
867 1571 936 1612 ejus
960 1572 1112 1613 germanis
1139 1572 1256 1603 artibus
1281 1571 1347 1602 fieri
1374 1572 1465 1602 solet.
1508 1571 1566 1602 So.
1586 1569 1726 1601 Alteram

267 1625 470 1668 intelligibilis
487 1632 605 1666 partem
620 1626 658 1656 ad
675 1625 754 1656 illud
771 1626 880 1657 referre
896 1637 944 1656 me
960 1626 1050 1666 scito,
1064 1627 1149 1668 quod
1165 1626 1233 1667 ipsa
1248 1626 1326 1657 ratio
1344 1636 1398 1668 per
1423 1624 1656 1657 demonstrandi
1680 1624 1727 1655 sa-

267 1680 415 1712 cultatem
431 1680 569 1721 attingit,
583 1680 657 1710 dum
674 1679 905 1721 suppositiones
920 1690 983 1710 non
999 1691 1055 1722 pro
1072 1679 1233 1721 principiis
1248 1680 1353 1716 habet,
1369 1680 1424 1711 sed
1439 1688 1543 1710 revera
1566 1688 1622 1720 pro
1649 1688 1723 1720 sup·

269 1734 476 1777 positionibus
490 1734 616 1776 accipit,
632 1739 779 1775 tanquam
796 1734 941 1775 gradibus
969 1734 1154 1775 quibusdam
1169 1739 1201 1765 et
1226 1733 1423 1765 adminiculis
1447 1738 1548 1770 utens,
1562 1742 1726 1774 quousque

267 1789 305 1820 ad
323 1782 413 1825 illud,
427 1788 511 1830 quod
528 1798 590 1818 non
606 1788 802 1829 supponitur,
818 1788 856 1818 ad
874 1787 1061 1829 principium
1080 1787 1224 1818 videlicet
1240 1787 1368 1818 veniens
1384 1787 1533 1827 universi,
1547 1787 1650 1829 ipsum
1676 1792 1728 1818 at-

267 1842 379 1884 tingat,
395 1847 427 1873 et
442 1853 543 1873 rursus
558 1843 713 1873 adhaereat
735 1841 810 1878 illis,
824 1852 895 1883 quae
924 1841 1082 1882 principio
1107 1841 1235 1877 haereut,
1251 1846 1344 1882 atque
1371 1841 1414 1870 ita
1438 1841 1478 1870 ad
1504 1840 1597 1871 finem
1624 1848 1724 1882 usque

266 1897 439 1938 perveniat,
454 1896 540 1927 nullo
556 1906 677 1938 prorsus
692 1895 831 1927 sensibili
845 1900 950 1932 utens,
965 1896 1017 1926 sed
1032 1895 1110 1937 ipsis
1125 1895 1300 1936 speciebus,
1315 1905 1369 1936 per
1382 1894 1467 1936 ipsas
1491 1899 1585 1935 atque
1610 1895 1651 1925 ad
1676 1895 1725 1936 ip·

265 1961 314 1982 sas
344 1951 553 1992 progrediens.
600 1950 713 1981 Gmu.
737 1949 886 1991 Intelligo
912 1949 1038 1980 tandem
1054 1961 1061 1979 :
1097 1958 1275 1990 quanquam
1310 1947 1435 1979 minime
1464 1947 1661 1985 sufficienter,
1689 1953 1724 1979 nt

265 2014 424 2046 cuperem.
448 2004 562 2035 videris
577 2004 658 2035 enirn
674 2004 751 2034 mihi
766 2013 911 2045 magnum
935 2014 1015 2044 opus
1041 2013 1224 2044 proponere.
1270 2002 1387 2033 moliris
1412 2001 1539 2044 quidem
1563 2001 1724 2038 disserere,

265 2064 384 2100 partem
409 2059 492 2090 illam
519 2069 588 2089 vere
615 2057 792 2089 exsistentis
820 2062 852 2088 et
875 2057 1081 2098 intelligibilis
1107 2058 1239 2099 generis,
1253 2067 1346 2099 quam
1373 2066 1427 2098 per
1449 2055 1723 2087 demonstrationis

264 2112 426 2144 scientiam
441 2112 645 2154 speculamur,
658 2112 711 2142 illa
725 2122 792 2142 esse
808 2111 978 2147 clariorem,
995 2121 1087 2153 quam
1103 2122 1140 2142 ex
1161 2111 1223 2142 illis
1247 2109 1397 2147 scientiis,
1410 2119 1481 2151 que
1507 2114 1587 2141 artes
1611 2109 1722 2151 appel-

264 2167 378 2203 lantur,
395 2166 614 2207 investigamus
628 2176 636 2195 t
660 2166 692 2196 in
708 2166 819 2207 quibus
835 2176 889 2207 pro
906 2165 1065 2207 principiis
1081 2165 1312 2206 suppositiones
1327 2165 1479 2195 habentur
1493 2174 1501 2194 :
1525 2169 1558 2194 et
1581 2163 1634 2204 qui
1660 2163 1721 2194 ista

265 2221 472 2258 considerant,
489 2220 678 2261 cogitatione
693 2226 856 2261 coguntur,
872 2230 934 2249 non
950 2220 1090 2250 sensibus
1105 2219 1228 2250 intueri.
1274 2218 1433 2254 Quoniam
1450 2227 1520 2248 vero
1537 2217 1576 2247 nd
1603 2216 1720 2258 princi-

265 2274 350 2316 pium
367 2285 429 2305 non
444 2275 628 2309 ascendunt,
643 2273 696 2305 sed
713 2285 749 2304 ex
765 2273 1030 2315 suppositionibus
1044 2273 1208 2314 indagant,
1223 2271 1414 2303 intellectum
1430 2271 1512 2302 circa
1527 2271 1594 2302 haec
1608 2270 1721 2302 habere

265 2329 322 2360 tibi
337 2339 533 2370 nequaquam
547 2328 702 2364 videntur,
718 2328 790 2359 licet
805 2338 874 2359 cum
892 2328 1047 2370 principio
1064 2327 1271 2369 intelligibilia
1285 2327 1358 2357 sint·
1404 2325 1529 2357 Videris
1542 2329 1645 2356 autern
1661 2324 1720 2355 mi·

262 2382 296 2414 hi
311 2382 564 2424 gcometricarum
581 2387 613 2413 et
627 2382 770 2413 similium
786 2393 882 2413 rerum
898 2383 1037 2413 habitum
1060 2382 1283 2424 cogitationem
1312 2380 1416 2422 potius
1441 2379 1600 2421 appellare
1624 2388 1718 2421 quam

263 2436 467 2473 intellectum,
483 2436 570 2477 quasi
585 2436 733 2477 cogitatio
749 2436 829 2467 inter
854 2436 1035 2477 opinionem
1059 2442 1092 2467 et
1117 2436 1310 2467 intellectum
1337 2435 1473 2466 medium
1501 2438 1617 2465 teneat.
1661 2432 1721 2464 So.

263 2491 457 2522 Sufficienter
471 2491 638 2521 admodum
655 2490 830 2532 percepisti.
876 2490 984 2532 Atque
999 2491 1038 2521 ad
1054 2491 1108 2521 has
1123 2497 1255 2531 quatuor
1271 2489 1486 2531 proportiones
1509 2492 1643 2530 quatuor
1665 2487 1719 2518 iti-

262 2545 334 2576 dem
363 2545 457 2575 animi
484 2544 665 2576 affectiones
695 2544 821 2586 accipe:
848 2544 1084 2584 intelligentiam
1111 2544 1237 2585 quidem
1267 2544 1308 2574 ad
1334 2552 1509 2584 supremum
1533 2542 1647 2582 ipsum,
1674 2541 1716 2571 ad

262 2599 433 2630 secundum
449 2599 682 2640 cogitationem,
698 2599 737 2629 ad
755 2599 877 2630 tertium
895 2598 1000 2635 fidem,
1016 2599 1055 2629 ad
1072 2604 1257 2640 postremum
1275 2607 1345 2629 vero
1371 2595 1623 2628 assimilationem
1649 2594 1715 2625 sive

262 2652 526 2694 imaginationem.
571 2652 649 2684 Haec
666 2658 814 2694 praeterea
827 2652 958 2683 invicem
973 2651 1098 2683 alternae
1114 2652 1232 2682 ratione
1249 2650 1455 2693 proportionis
1470 2648 1590 2686 ordina,
1609 2653 1646 2680 ut
1670 2648 1716 2678 ita

263 2708 331 2738 haec
345 2707 516 2739 claritatem
532 2707 730 2748 participent,
746 2706 1006 2748 quemadmodum
1022 2705 1087 2743 illa,
1102 2706 1183 2737 circa
1198 2717 1268 2748 quae
1283 2710 1366 2741 sunt,
1383 2704 1555 2736 veritatem.
1598 2702 1715 2736 Guiv.

261 2756 409 2802 intelligo
426 2761 584 2802 equidem,
599 2765 641 2798 et,
657 2761 741 2802 quod
760 2761 850 2799 dicis,
865 2760 1017 2792 admitto:
1041 2765 1074 2791 et
1090 2765 1123 2791 ut
1133 2759 1237 2801 jubes,
1253 2760 1298 2792 ita
1312 2758 1458 2801 dispono.
