1840 3225
214 223 290 261 372
806 216 1070 257 PLA'rON1s
1570 219 1667 270 [803

215 337 378 364 venustum
389 337 493 364 autem
506 332 742 374 modestumque
761 331 858 374 magis
871 331 997 363 feminis
1021 342 1088 363 esse
1113 331 1374 367 accommodatus,
1400 337 1433 362 et
1457 330 1668 373 disputatione

214 386 455 418 asseverandum
470 391 502 417 et
518 387 637 427 legibus
652 385 868 418 sanciendum.
894 385 990 427 [803]
1008 391 1102 427 atque
1125 386 1200 417 ordo
1222 386 1352 427 quidem
1372 386 1425 417 hic
1445 386 1498 417 sit.
1520 385 1674 427 deinceps

216 439 423 476 declaremus,
446 451 507 481 quo
524 439 615 472 modo
641 441 707 471 haec
736 445 769 471 et
797 440 909 482 quibus
940 439 1091 471 tradenda
1122 440 1352 482 aperiendaque
1382 441 1456 477 sint,
1486 444 1519 470 et
1545 439 1672 481 quando

218 493 350 534 agenda.
373 494 638 534 quemadmodum
662 505 733 527 vero
756 495 882 526 navium
911 494 998 525 faber
1025 494 1181 525 carinulas
1206 494 1338 535 primurn
1365 493 1406 524 ad
1429 493 1518 524 navis
1542 493 1673 524 formam

220 547 379 588 supponit,
405 548 449 578 sic
477 558 535 589 ego
557 549 634 579 mihi
654 548 756 579 facere
778 548 897 579 videor.
919 558 989 578 narn
1018 548 1092 578 dum
1124 548 1194 578 vitae
1226 558 1318 579 conor
1343 548 1456 588 figuras
1483 547 1674 587 distinguere

218 600 388 632 secundum
404 601 574 632 animorum
587 607 725 638 naturas,
741 602 887 633 formulas
899 601 1047 644 quasdam
1064 602 1152 642 quasi
1169 601 1324 632 carinulas
1335 601 1421 643 jacio
1437 606 1482 636 ut,
1499 610 1560 642 qua
1573 599 1626 630 via
1641 604 1675 629 et

217 655 338 685 ratione
351 655 440 697 hujus
457 656 527 686 vitae
544 666 656 687 navem
671 666 728 697 per
742 657 808 687 haec
834 657 929 686 maria
942 656 1064 687 ducturi
1084 656 1190 691 simus,
1213 663 1298 687 recte
1325 655 1543 696 conspiciatur.
1564 655 1674 684 huma-

218 718 268 738 nae
283 708 411 749 quidem
428 720 476 740 res
491 720 601 751 magno
625 711 730 741 studio
753 711 856 751 dignae
878 721 942 741 non
959 715 1040 740 sunt.
1063 710 1189 740 studere
1212 715 1318 740 tamen
1346 719 1476 740 necesse
1496 713 1560 739 est:
1589 705 1674 748 quod

218 761 441 793 infortunatum
455 764 598 794 dixerim.
621 769 785 805 postquam
800 774 872 794 vero
888 764 937 794 hic
955 774 1070 799 sumus,
1096 764 1122 794 si
1147 763 1238 794 modo
1264 763 1399 805 quodam
1417 762 1619 795 convenienti
1640 760 1675 792 id

218 815 396 853 fecerimus,
413 817 488 847 satis
502 818 605 849 forsan
627 818 717 849 nobis
741 818 799 848 erit
820 818 948 849 factum.
972 817 1027 848 sed
1048 817 1123 859 quid
1153 817 1265 853 dicam,
1289 823 1375 848 recte
1401 817 1539 848 fortassis
1562 815 1675 857 aliquis

220 875 350 911 quaeret.
409 870 486 901 cm.
522 871 625 902 Recte
656 871 834 902 admodum.
894 871 1031 902 Amas.
1065 872 1198 913 Oportet
1225 872 1331 913 igitur,
1360 871 1420 907 aio,
1455 871 1537 912 quod
1567 868 1673 900 studio

221 923 352 964 dignum
380 929 439 961 est,
468 925 606 955 studiose
637 925 770 956 sectari:
800 935 863 955 non
890 925 989 966 digna
1014 935 1086 955 vero
1115 935 1327 966 nequaquam.
1350 934 1385 955 ac
1415 923 1523 954 Deum
1547 922 1678 964 quidem

219 978 304 1007 omni
319 977 411 1008 beato
426 978 530 1009 studio
546 979 685 1020 dignum,
701 979 859 1010 hominem
884 990 969 1015 vero,
995 980 1076 1010 sicut
1099 979 1192 1009 etiam
1220 988 1313 1019 supra
1339 977 1483 1013 diximus,
1510 977 1573 1008 Dei
1601 976 1677 1007 ludo

219 1040 286 1060 esse
300 1030 416 1067 fictum,
434 1038 527 1073 atque
542 1033 575 1062 id
588 1043 660 1063 vere
675 1033 771 1074 ipsius
786 1034 939 1074 optimum
954 1043 1033 1064 esse.
1058 1033 1100 1064 ita
1124 1033 1218 1074 igitur
1243 1032 1372 1063 affectos
1397 1032 1540 1062 homines
1568 1040 1679 1062 conse-

220 1089 360 1124 quenter,
377 1090 410 1115 et
424 1096 525 1117 mares
537 1091 569 1116 et
580 1086 724 1123 feminas,
738 1087 852 1117 versari
878 1087 1011 1117 inludis
1034 1097 1129 1128 quam
1154 1086 1370 1127 pulcherrimis
1392 1090 1547 1126 oportere,
1570 1089 1678 1114 contra

220 1147 315 1178 quam
330 1139 423 1169 modo
438 1140 622 1180 cogitantes.
666 1141 742 1172 Cn.
765 1141 836 1178 Quo
853 1141 970 1182 pacto?
1016 1140 1155 1171 Arnim.
1177 1139 1271 1171 Nunc
1297 1145 1380 1170 certe
1407 1139 1510 1169 studia
1532 1137 1678 1169 ludorum

222 1192 321 1232 gratia
346 1194 509 1234 sequenda
527 1204 593 1224 esse
624 1194 753 1225 ducunt.
789 1205 861 1225 nam
893 1205 955 1225 rem
986 1195 1132 1224 bellicam
1162 1198 1274 1234 putant
1303 1193 1407 1224 studio
1435 1192 1564 1233 dignam
1591 1191 1681 1232 pacis

221 1245 320 1285 gratia
335 1246 414 1277 bene
431 1246 657 1287 disponendam
673 1258 751 1284 esse,
768 1259 837 1279 curu
859 1248 893 1278 in
918 1248 1000 1278 bello
1023 1258 1082 1278 nec
1104 1247 1197 1278 ludus
1218 1248 1321 1278 inesse
1348 1247 1459 1282 soleat,
1485 1256 1588 1286 neque
1615 1247 1678 1276 dis-

222 1299 339 1339 ciplina
352 1300 470 1331 ratione
484 1300 579 1342 digna
593 1302 684 1332 fuerit
694 1313 842 1343 unquam,
857 1312 917 1332 nec
931 1302 972 1332 sit
986 1301 1091 1338 modo,
1104 1312 1206 1342 neque
1222 1301 1324 1331 futura
1336 1302 1387 1331 sit.
1408 1311 1467 1330 nos
1488 1306 1589 1330 autem
1606 1310 1676 1330 eam

223 1351 423 1394 disciplinam
438 1355 541 1386 studio
557 1355 767 1396 dignissimam
781 1356 971 1391 arbitramur,
988 1366 1050 1396 qua
1061 1355 1203 1385 homines
1225 1354 1359 1385 instituti
1381 1363 1473 1395 quarn
1497 1353 1676 1394 longissime

222 1409 318 1446 atque
332 1407 448 1447 optime
464 1408 587 1450 inpace
605 1409 699 1439 vitam
715 1416 819 1450 agant.
843 1420 911 1451 quae
939 1414 1045 1440 autem
1068 1408 1197 1439 ludendi
1213 1409 1248 1439 in
1263 1409 1329 1439 vita
1353 1413 1438 1438 recta
1464 1407 1505 1438 sit
1529 1407 1619 1443 ratio,
1647 1413 1680 1438 et

223 1459 331 1499 quales
347 1461 415 1491 ludi
432 1462 465 1491 in
495 1463 655 1493 sacrificiis
679 1464 820 1494 canendo
846 1464 1052 1504 saltandoque
1084 1462 1255 1493 adhibendi
1280 1462 1354 1498 sint,
1379 1466 1412 1492 ut
1440 1467 1473 1492 et
1503 1461 1559 1491 Dii
1587 1461 1680 1492 nobis

220 1513 391 1545 reddantur
407 1516 544 1557 propitii,
558 1521 589 1547 et
618 1517 723 1548 hostes
746 1517 916 1547 fundantur
937 1517 969 1547 in
995 1527 1110 1558 pugna,
1137 1522 1169 1547 et
1194 1527 1269 1558 quas
1296 1516 1489 1557 potissimum
1512 1525 1562 1546 res
1583 1521 1679 1546 cantu

219 1570 252 1597 et
268 1568 434 1599 saltatione
450 1569 565 1600 imitati
590 1571 657 1601 haec
688 1576 818 1612 utraque
843 1572 998 1612 consequi
1023 1572 1190 1607 valeamus,
1216 1571 1400 1612 quibusdam
1428 1569 1518 1611 quasi
1539 1569 1678 1600 formulis

221 1622 447 1662 praesignatum
462 1629 520 1659 est,
537 1628 570 1654 et
581 1625 651 1661 viae,
668 1635 724 1666 per
737 1635 815 1666 quas
830 1625 977 1661 eundum,
995 1630 1159 1656 constratae
1176 1630 1258 1655 sunt.
1281 1635 1342 1666 qua
1357 1634 1432 1654 sane
1447 1624 1478 1654 in
1493 1633 1526 1654 re
1549 1624 1678 1654 creden-

222 1674 299 1705 dum
312 1681 359 1706 est
372 1677 500 1717 poetam
515 1677 596 1708 bene
612 1678 776 1715 cecinisse,
789 1690 860 1710 cum
871 1679 934 1710 ait:
963 1679 1058 1720 [804]
1087 1678 1275 1714 Telemache,
1288 1678 1352 1710 alia
1373 1678 1497 1719 quidem
1521 1679 1556 1708 tu
1578 1680 1681 1709 niente

218 1729 374 1767 versabis,
389 1732 452 1762 alia
468 1732 526 1763 tibi
540 1733 661 1763 dcemon
677 1734 832 1773 suggerit.
854 1743 915 1765 non
929 1733 1012 1765 enim
1028 1737 1058 1765 te
1074 1737 1149 1774 puto
1166 1734 1233 1765 sine
1247 1733 1372 1764 numine
1395 1731 1517 1763 Divum
1535 1731 1680 1771 genitum

219 1786 254 1814 et
267 1785 433 1816 nutritura.
457 1786 517 1816 hoc
544 1786 648 1826 ipsum
678 1787 821 1817 alumnos
847 1798 970 1828 quoque
999 1793 1121 1817 nostros
1146 1786 1284 1828 cogitare
1308 1790 1440 1827 oportet,
1469 1789 1503 1816 et
1521 1785 1680 1826 superiora

223 1836 351 1877 quidem
373 1839 562 1870 sufficienter
593 1840 678 1871 dicta
705 1841 905 1879 existimare3
932 1846 965 1872 et
994 1841 1021 1872 si
1046 1850 1109 1882 qua
1137 1841 1262 1876 desunt,
1291 1839 1476 1870 Daemonem
1511 1838 1678 1880 Deumque

224 1900 347 1931 sperare
363 1892 423 1922 sibi
436 1899 665 1934 suggesturum,
679 1894 791 1935 quibus
807 1895 928 1925 scilicet
942 1895 1101 1926 sacrificiis
1115 1894 1307 1935 choreisque,
1333 1899 1365 1923 et
1391 1893 1528 1934 quando,
1552 1898 1585 1924 et
1610 1903 1679 1934 quae

225 1945 351 1975 numina
368 1946 507 1978 ludendo
523 1949 648 1989 placare
670 1948 816 1984 debeant,
844 1949 1018 1980 secundum
1042 1948 1167 1979 modum
1189 1954 1307 1979 naturae
1333 1947 1489 1978 viventes:
1522 1957 1595 1978 cum
1618 1945 1682 1988 ipsi

223 2007 272 2028 res
285 1999 429 2040 quaedam
453 2001 539 2031 mirae
570 2001 641 2037 sint,
667 2007 703 2032 ut
728 2003 892 2043 plurimum
920 2003 1059 2034 veritatis
1090 2013 1200 2044 pamm
1227 2001 1405 2043 participes.
1451 2001 1547 2032 Meo.
1568 1999 1682 2032 Genus

225 2050 394 2089 hominum,
410 2054 534 2094 hospes,
549 2055 674 2095 penitus
691 2055 868 2096 parvifacis.
912 2056 1050 2088 ATHEN.
1074 2056 1146 2086 Non
1164 2055 1294 2091 mireris,
1319 2054 1375 2085 sed
1402 2055 1538 2095 ignosce,
1557 2064 1577 2084 o
1602 2053 1680 2084 Me-

225 2104 311 2143 gille.
335 2116 406 2136 nam
422 2108 547 2138 eumad
561 2109 665 2138 Deum
681 2110 874 2151 respexerim
890 2116 1123 2151 commotusque
1150 2110 1273 2148 fuerim,
1299 2109 1360 2139 ista
1384 2107 1456 2140 dixi.
1480 2117 1580 2148 genus
1604 2117 1680 2147 ergo

224 2162 373 2195 nostrum,
389 2160 415 2190 si
427 2161 484 2191 tibi
496 2162 540 2192 sic
556 2162 672 2203 placet,
688 2173 750 2193 non
766 2164 839 2199 vile,
853 2165 908 2194 sed
924 2165 1029 2204 aliquo
1051 2164 1180 2204 dignum
1206 2162 1309 2193 studio
1327 2162 1378 2193 sit.
1400 2166 1472 2202 post
1494 2162 1562 2192 haec
1589 2171 1678 2202 gym-

224 2212 382 2243 nasiorum
394 2214 664 2256 doctrinarumque
680 2216 806 2256 publica
833 2218 966 2248 aedifieia
991 2217 1144 2258 tripartito
1171 2216 1202 2246 in
1230 2215 1335 2246 media
1362 2215 1436 2245 urbe
1466 2215 1570 2246 locata
1593 2219 1680 2245 sunt.

223 2264 299 2297 foris
328 2277 451 2308 quoque
478 2279 626 2311 equorum
654 2271 816 2312 gymnasia
839 2271 872 2300 in
893 2271 1061 2301 surburbiis
1084 2270 1228 2300 similiter
1253 2269 1419 2310 tripartite,
1455 2268 1524 2299 loca
1549 2268 1680 2309 insuper

226 2320 331 2361 ampla
346 2322 500 2358 ordinata,
515 2323 568 2353 ubi
578 2323 728 2364 juventus
744 2324 783 2354 ad
800 2334 901 2354 arcum
918 2330 951 2354 et
963 2325 1095 2354 telorum
1104 2324 1224 2366 jactum
1239 2323 1408 2353 instruatur
1423 2326 1678 2362 exerceaturque.

224 2373 308 2413 quod
324 2375 351 2405 si
366 2374 398 2405 in
415 2377 621 2417 superioribus
632 2388 696 2408 non
712 2378 897 2409 sufficienter
921 2378 960 2408 de
989 2377 1036 2408 his
1059 2385 1106 2408 est
1129 2377 1259 2418 dictum,
1287 2386 1370 2407 nunc
1393 2380 1426 2405 et
1448 2384 1588 2405 sermone
1611 2374 1679 2406 dic-

225 2429 292 2456 tum
306 2426 347 2457 sit
362 2433 394 2458 et
420 2428 488 2469 lege
512 2430 686 2461 sancitum:
717 2431 902 2471 illorumque
926 2431 1062 2461 omniurn
1088 2431 1245 2472 peregrini
1269 2428 1408 2471 magistri
1432 2427 1534 2470 pretio
1558 2427 1679 2458 condu-

224 2479 329 2515 cendi,
356 2482 420 2522 qui,
443 2482 510 2513 illic
537 2483 723 2520 habitantes,
747 2490 778 2516 et
803 2484 843 2515 ad
867 2496 930 2516 rem
955 2485 1124 2516 militarem
1151 2490 1184 2515 et
1203 2484 1244 2515 ad
1266 2484 1429 2519 musicam,
1445 2482 1606 2513 venientes
1628 2481 1678 2512 in-

222 2532 363 2565 stituant.
387 2544 424 2566 ac
447 2546 511 2566 non
534 2537 605 2568 illos
618 2543 751 2574 tantum,
767 2549 845 2580 quos
859 2544 1005 2580 parentes
1024 2539 1189 2574 voluerint,
1204 2543 1325 2579 oportet
1346 2536 1489 2573 discere
1511 2545 1588 2576 quos
1602 2545 1675 2566 vero

223 2587 396 2625 noluerint,
426 2589 605 2631 disciplinas
634 2592 742 2623 missas
769 2592 892 2624 facere:
932 2594 998 2628 sed,
1030 2599 1062 2623 ut
1094 2592 1216 2627 dicitur,
1243 2592 1303 2623 viri
1331 2599 1449 2625 omneS,
1479 2588 1582 2629 quoad
1609 2588 1676 2620 fieri

223 2646 339 2681 potest,
364 2648 396 2673 et
424 2644 522 2684 pueri,
556 2650 664 2686 utpote
693 2646 746 2687 qui
780 2647 916 2677 civitatis
940 2646 1039 2687 magis
1066 2652 1138 2676 sunt
1167 2656 1259 2688 quam
1289 2645 1472 2686 genitorum,
1497 2642 1675 2673 necessario

223 2694 358 2726 discant.
379 2699 489 2727 eadem
503 2708 626 2740 quoque
642 2700 682 2730 de
699 2701 917 2742 feminis,quae
946 2706 978 2731 et
1002 2700 1040 2731 de
1064 2701 1219 2735 masculis,
1244 2700 1291 2730 lex
1315 2707 1382 2729 mea
1408 2697 1538 2728 sauciet.
1560 2695 1674 2727 eadem

221 2748 307 2778 enim
325 2749 364 2779 ab
379 2751 516 2792 utrisque
533 2754 673 2784 volumus
700 2755 846 2786 exerceri.
870 2765 971 2796 neque
997 2755 1125 2786 verebor
1149 2754 1253 2785 dicere
1277 2757 1451 2793 equestrem
1473 2749 1673 2791 disciplinam

219 2806 314 2843 atque
329 2805 554 2846 gymnasticam
569 2807 614 2838 ita
634 2809 826 2846 mulieribus,
845 2815 879 2839 ut
901 2809 982 2844 viris,
998 2809 1159 2839 honestam
1182 2817 1260 2838 esse.
1285 2808 1342 2836 hoc
1358 2805 1440 2835 enim
1457 2814 1495 2834 ex
1518 2803 1673 2834 veteribus

223 2855 329 2887 audivi
345 2858 470 2895 fabulis,
486 2859 642 2902 fidemque
658 2863 801 2894 adhibeo.
826 2863 939 2894 nostris
950 2864 1044 2894 etiam
1060 2862 1249 2904 temporibus
1271 2870 1334 2891 non
1353 2859 1476 2900 ignoro,
1497 2867 1566 2888 esse
1591 2855 1675 2889 circa

220 2908 357 2942 Pontum
372 2911 533 2945 innumera
542 2914 705 2947 mulierum
728 2917 835 2952 millia,
858 2917 1150 2959 Sauromatidasque
1175 2914 1287 2950 vocari.
1303 2913 1416 2955 quibus
1437 2922 1499 2944 non
1523 2921 1671 2953 equorum
