1840 3225
174 251 253 288 454
652 248 874 288 INCERTI
907 249 1180 288 AUCTORIS
1548 250 1648 302 [979

174 353 226 383 uni
243 352 430 387 conferatur,
446 352 605 392 pulchrius
619 352 757 393 aspicere
769 354 870 394 possis
886 363 980 394 quam
999 353 1062 384 diei
1089 354 1202 384 lucem.
1225 352 1310 384 unde
1335 359 1367 383 et
1390 361 1518 384 noctem
1541 354 1653 385 oculo-

174 417 241 437 rum
256 406 358 438 officio
383 406 519 438 vicissim
542 401 736 443 consideres,
755 407 808 437 ubi
826 408 960 437 maxima
982 412 1112 448 apparet
1137 406 1315 437 diversitas.
1338 417 1411 437 nam
1436 406 1462 437 si
1486 407 1649 439 revolvere

173 461 234 491 ista
254 471 319 491 non
342 460 479 500 desinas,
506 461 624 491 multas
641 466 752 491 noctes
771 466 805 491 et
831 461 943 491 multos
966 461 1034 492 dies
1059 460 1192 498 videbis,
1216 461 1330 502 quibus
1352 461 1464 492 coelum
1490 470 1650 502 nunquam

172 518 276 547 cessat
290 514 405 545 docere
420 514 563 545 homines
577 524 675 546 unum
691 519 786 555 atque
814 513 898 553 duo;
929 520 963 546 ut
989 515 1086 545 etiam
1112 515 1166 556 qui
1191 515 1392 546 tardissimus
1419 521 1481 551 est,
1505 514 1581 546 hinc
1604 514 1653 546 uti

172 577 305 599 numero
320 567 432 599 diseat.
444 567 487 598 sic
503 567 586 598 enim
603 574 635 598 et
646 568 703 598 tria
713 573 746 598 et
760 573 894 609 quatuor
905 574 938 599 et
953 570 1053 599 mulla
1070 569 1203 609 quilibet
1219 570 1389 605 cernendo,
1405 569 1473 599 haec
1484 568 1653 610 intelliget.

171 622 229 653 sed
255 623 296 653 de
326 621 374 653 his
396 631 493 653 unam
522 621 614 653 Deus
638 623 743 653 lunam
771 623 927 659 formavit,
956 634 1025 664 quae
1054 624 1149 653 modo
1176 623 1276 654 minor
1300 623 1397 653 modo
1427 621 1526 663 major
1551 632 1652 664 appa-

171 676 269 712 rienS‚
285 676 332 707 ita
347 676 487 717 quotidie
500 676 585 707 varia
602 675 643 707 ad
659 675 839 717 quindecim
856 687 956 718 usque
974 678 1042 707 dies
1059 688 1094 708 ac
1110 684 1219 708 noctes
1230 678 1379 708 cernitur.
1403 677 1453 708 hic
1469 683 1576 708 autem
1591 676 1653 707 cir·

172 731 275 761 cuitus
289 735 348 767 est,
373 732 399 761 si
414 731 485 772 quis
495 735 595 761 totum
610 730 760 762 circulum
777 730 811 761 in
827 741 922 761 unum
946 731 1088 762 conferre
1113 732 1259 763 voluerit.
1281 741 1388 772 quare,
1414 737 1448 761 ut
1466 730 1513 761 ita
1533 731 1650 766 dicam,

170 785 350 815 tardissima
387 784 482 815 etiam
519 784 681 821 animalia,
710 784 827 826 quibus
857 790 1001 816 naturam
1035 785 1175 826 aliquam
1205 785 1296 816 Deus
1327 784 1428 821 dedit,
1465 791 1501 815 ut
1526 785 1652 825 possint

171 838 307 876 discere,
337 849 505 869 numerum
532 839 743 880 perciperent.
766 839 799 869 in
811 839 860 869 his
874 839 973 880 igitur
987 844 1021 870 et
1036 839 1078 869 ad
1092 841 1160 870 haec
1174 849 1284 881 usque,
1299 839 1511 881 quodcunque
1533 838 1651 869 animal

170 892 315 923 discendi
342 898 536 934 potestatem
559 893 662 929 habet,
690 893 938 934 unumquodque
965 903 1022 934 per
1038 894 1193 935 seipsum
1209 892 1440 924 considerando
1466 893 1505 923 ad
1536 903 1648 923 nume—

170 947 306 977 randum
325 946 473 978 idoneum
489 947 626 977 maxime
637 947 756 977 factum
784 952 844 978 est.
871 947 968 988 [979]
994 946 1053 977 sed
1076 957 1240 977 numerum
1269 957 1395 978 omnem
1421 946 1463 978 ad
1485 957 1650 978 numerum

170 1001 311 1032 conferre
341 1001 445 1042 majus
460 1011 538 1042 opus
548 1006 597 1032 est
611 1012 618 1030 ε
643 1006 738 1042 atque
754 999 867 1031 iccirco
882 1001 1002 1037 lunam,
1014 1008 1049 1031 ut
1059 1001 1206 1038 diximus,
1228 1002 1324 1032 modo
1335 1007 1532 1032 crescentem
1556 999 1652 1031 modo

170 1054 408 1086 decrescentem
441 1055 527 1086 fecit.
564 1055 636 1086 hinc
666 1065 793 1085 menses
832 1054 874 1085 ad
900 1065 1014 1085 annum
1046 1055 1224 1097 constituit,
1261 1065 1488 1096 numemmque
1523 1064 1652 1086 omnem

168 1108 252 1139 felici
266 1110 399 1150 quadam
417 1108 544 1139 fortuna
557 1109 689 1140 conferri
707 1109 748 1139 ad
761 1119 927 1140 numerum
941 1109 1061 1140 docuit.
1084 1110 1157 1141 hinc
1181 1115 1263 1140 terra
1276 1109 1453 1140 foecundior
1468 1108 1552 1140 sacta
1575 1115 1651 1140 con-

169 1163 258 1204 cipit,
278 1163 461 1204 fructusque
477 1164 516 1194 ad
543 1163 727 1194 alimentum
752 1161 936 1194 animalium
965 1164 1103 1194 omnium
1130 1164 1224 1205 parit.
1246 1174 1318 1195 cum
1346 1170 1377 1194 et
1400 1164 1539 1194 suaviter
1561 1163 1650 1194 venti

168 1217 246 1247 fiant
271 1222 303 1247 et
327 1217 441 1248 imbres
452 1218 487 1247 in
499 1223 590 1248 terrae
606 1218 760 1258 gremium
775 1217 941 1248 salubriter
953 1217 1108 1249 defluunt.
1125 1228 1160 1249 ac
1175 1218 1200 1249 si
1217 1218 1293 1260 quid
1309 1218 1384 1248 mali
1398 1218 1498 1249 iuliis
1522 1216 1651 1254 accidit,

168 1281 231 1301 non
246 1270 353 1302 divina
368 1273 528 1312 culpanda
540 1277 653 1302 natura
670 1277 729 1308 est,
753 1272 811 1302 sed
838 1273 985 1309 humana,
1011 1283 1083 1313 quae
1109 1271 1226 1312 injuste
1251 1272 1350 1302 vitam
1368 1281 1455 1302 suam
1480 1271 1650 1303 distribui«.

168 1326 257 1356 nobis
276 1332 382 1356 autem
406 1326 445 1356 de
466 1326 589 1368 legibus
617 1326 714 1356 modo
746 1327 957 1357 scribentibus
981 1333 1098 1363 cetera,
1129 1337 1199 1368 quae
1225 1326 1406 1357 hominibus
1425 1325 1548 1367 optima
1573 1325 1650 1362 sint,

168 1380 273 1410 facilia
301 1380 430 1422 cognitu
444 1391 513 1411 esse
529 1379 687 1417 videntur,
708 1385 742 1411 et
756 1380 932 1421 quemlibet
946 1391 1038 1422 posse
1055 1381 1260 1416 sufficienter,
1276 1391 1346 1422 quae
1362 1381 1403 1410 de
1429 1380 1467 1410 iis
1489 1379 1650 1419 dicuntur,

166 1434 359 1475 intelligere,
381 1445 418 1466 ac
443 1440 595 1475 praeterea
617 1435 733 1471 facere,
760 1439 929 1475 postquam
946 1435 1021 1475 quid
1039 1434 1162 1465 confert
1176 1440 1210 1465 et
1229 1435 1305 1475 quid
1322 1444 1388 1464 non
1415 1433 1546 1470 confert,
1577 1443 1649 1474 per-

167 1488 324 1529 spexerit:
343 1495 458 1525 cetera,
480 1489 621 1529 inquam,
645 1488 739 1518 nobis
763 1488 829 1518 visa
848 1494 930 1524 sunt,
946 1494 979 1518 et
1001 1487 1096 1518 modo
1115 1487 1259 1518 videntur
1288 1498 1351 1518 non
1375 1488 1506 1518 nimium
1529 1488 1648 1518 ardua:

166 1553 229 1583 quo
251 1550 358 1573 autem
379 1549 472 1583 pacto
498 1542 639 1573 homines
663 1542 738 1572 boni
766 1541 952 1578 efficiantur,
981 1542 1108 1582 penitus
1138 1541 1373 1573 difficillimum.
1396 1542 1517 1582 reliqua
1541 1552 1649 1572 rursus

167 1597 248 1627 bona
265 1597 413 1638 possibile
430 1605 488 1632 est,
502 1601 535 1627 ut
550 1596 676 1633 dicitur,
688 1601 720 1626 et
734 1606 797 1625 non
813 1594 943 1626 arduum
966 1595 1140 1636 possidere,
1168 1606 1247 1637 opes
1273 1602 1432 1636 quatenus
1463 1601 1589 1637 oportet
1614 1600 1648 1627 et

167 1657 325 1692 quatenus
335 1662 399 1681 non
418 1663 426 1690 3
456 1656 489 1681 et
502 1661 616 1692 corpus
632 1650 726 1692 quale
741 1649 834 1680 decet
848 1656 880 1679 et
895 1650 987 1690 quale
1013 1659 1076 1680 non
1094 1649 1199 1681 decet.
1224 1650 1364 1680 animum
1379 1660 1506 1691 quoque
1529 1651 1647 1681 bonum

166 1706 279 1736 habere
296 1711 439 1746 oportere
455 1705 587 1746 quisque
603 1705 728 1735 fatetur.
744 1704 901 1745 quomodo
918 1703 1015 1733 etiam
1028 1703 1126 1734 bonus
1139 1703 1264 1734 futurus
1279 1704 1329 1740 sit,
1342 1704 1550 1745 interrogatus
1560 1705 1647 1745 quis-

167 1770 228 1800 que
245 1760 289 1790 ita
300 1759 516 1801 responderet,
535 1759 567 1789 Si
580 1759 697 1799 justus,
711 1757 892 1788 moderatus
904 1757 1057 1799 fortisque
1068 1759 1118 1795 sit,
1132 1764 1299 1800 ceteraque
1313 1759 1502 1800 hujusmodi.
1518 1759 1647 1800 sapien-

167 1819 231 1844 tem
246 1823 371 1854 quoque
393 1815 530 1844 animum
547 1823 617 1844 esse
634 1812 749 1843 debere
761 1813 832 1853 quis
842 1812 961 1853 neget?
979 1824 1048 1853 quae
1062 1823 1133 1843 vero
1146 1813 1301 1853 sapientia
1315 1812 1529 1854 comparanda
1543 1813 1594 1848 sit,
1611 1821 1647 1846 ut

166 1878 268 1909 nuper
277 1868 491 1904 disseruimus,
505 1868 609 1898 nullos
625 1866 665 1898 de
682 1867 787 1897 multis
802 1867 880 1897 inter
893 1877 926 1897 se
938 1867 1105 1897 convenire
1116 1867 1329 1908 cognovimus.
1347 1877 1430 1897 nunc
1442 1877 1516 1908 ergo
1533 1873 1646 1908 praeter

165 1932 287 1958 omnes,
303 1932 381 1963 quas
397 1932 489 1963 snpra
505 1921 709 1958 narravimus,
725 1921 899 1963 sapientias
915 1931 977 1951 non
994 1921 1088 1951 vilem
1106 1920 1263 1962 quandam
1279 1922 1319 1951 ad
1342 1922 1402 1951 hoc
1423 1921 1530 1961 ipsum
1557 1921 1645 1951 inve—

166 1976 281 2012 nimus,
293 1982 339 2012 ut,
353 1976 484 2017 quijam
501 1976 585 2006 dicta
599 1975 759 2011 didicerit,
772 1976 899 2016 sapiens
921 1975 1076 2005 videatur.
1101 1981 1201 2005 utrum
1227 1985 1302 2005 vero
1327 1975 1456 2016 sapiens
1479 1974 1643 2017 bonusque

164 2031 217 2071 sit,
234 2031 290 2071 qni
306 2031 373 2061 haec
398 2030 520 2066 didicit,
545 2030 667 2060 ratione
694 2031 911 2070 quaerendum.
956 2029 1034 2061 Cu.
1057 2030 1143 2060 Scite
1168 2029 1299 2060 nimium
1312 2029 1439 2060 locutus
1451 2039 1496 2065 cs,
1518 2030 1645 2070 hospes,

165 2095 235 2115 cum
252 2084 420 2115 affirmares
435 2094 547 2125 mag-na
562 2089 592 2114 te
606 2085 646 2114 de
663 2083 784 2124 magnis
797 2083 967 2114 dicturum.
1013 2083 1153 2115 Arum<-
1177 2083 1272 2114 Ceite
1286 2093 1349 2114 non
1366 2093 1462 2124 parva
1474 2089 1549 2114 sunt
1564 2084 1644 2119 haec,

162 2138 314 2174 oClinia,
331 2143 375 2174 et,
392 2139 474 2179 quod
492 2137 595 2178 majus
608 2145 666 2173 est,
693 2138 820 2178 penitus
847 2148 931 2168 vera.
976 2138 1054 2169 Cm.
1080 2137 1129 2168 Ita
1156 2148 1244 2173 sanc,
1271 2148 1290 2168 o
1321 2138 1447 2178 hospes.
1472 2137 1572 2168 labori
1601 2148 1642 2168 ne

164 2193 281 2230 cedas3
311 2192 398 2233 quin,
415 2198 452 2222 ut
481 2191 616 2232 coepisti,
647 2191 862 2232 progrediare.
909 2191 1048 2222 Arni-m.
1072 2191 1166 2222 Dabo
1196 2201 1322 2232 operam
1337 2202 1343 2220 :
1374 2190 1432 2222 sed
1460 2201 1518 2221 vos
1543 2191 1641 2222 etiam

164 2247 263 2277 labori
292 2245 446 2277 audiendi
477 2256 517 2276 ne
547 2245 681 2276 cedatis.
735 2244 813 2275 CLr.
846 2245 898 2275 Sic
927 2245 1032 2284 utique
1063 2245 1215 2275 faciemus
1231 2257 1238 2274 ι
1265 2252 1300 2275 ut
1329 2255 1388 2285 ego
1414 2255 1471 2286 pro
1496 2245 1640 2285 utrisque

162 2300 384 2342 respondeam.
429 2298 569 2330 Arnim.
594 2300 707 2330 Probe.
733 2298 830 2340 [980]
855 2309 951 2340 quare
968 2299 1061 2328 altius
1075 2298 1295 2339 repetendum,
1321 2305 1353 2329 et
1367 2300 1469 2339 primo
1496 2299 1638 2340 quidem,

161 2356 185 2385 si
203 2366 265 2397 quo
282 2355 373 2386 modo
389 2364 563 2395 possumuS,
580 2364 642 2384 uno
659 2354 783 2393 nomine
801 2351 1132 2393 comprehendendum
1147 2351 1283 2388 videtur,
1308 2362 1454 2393 quamam
1477 2362 1515 2383 ea
1538 2353 1640 2384 facul-

164 2417 212 2440 tas
229 2410 278 2446 sit,
295 2419 390 2451 quam
405 2409 595 2450 sapientiam
610 2418 678 2439 esse
692 2407 887 2438 arbitramur.
911 2407 957 2437 sin
980 2407 1080 2437 minus
1106 2407 1139 2436 id
1155 2406 1221 2437 fieri
1247 2413 1362 2447 potest,
1378 2408 1490 2438 saltem
1506 2407 1639 2438 alterum

161 2464 396 2499 declarandum,
412 2473 557 2504 quasnam
572 2468 603 2493 et
618 2468 694 2503 quot
718 2467 789 2492 sunt
810 2470 904 2498 artes,
932 2461 1046 2502 quibus
1074 2461 1188 2491 habilis
1213 2462 1387 2502 sapientem
1413 2472 1501 2492 more
1527 2468 1638 2492 nostro

161 2518 321 2549 hominem
337 2517 545 2558 appellamus.
590 2516 667 2547 Cu.
692 2516 756 2547 Dic
766 2516 844 2558 jam.
890 2515 1027 2546 A-rues.
1050 2515 1146 2546 Omni
1164 2516 1295 2546 crimine
1312 2516 1496 2557 legumlator
1506 2515 1639 2552 carebit,

160 2572 186 2602 si
200 2572 307 2602 melius
323 2572 362 2602 de
380 2571 454 2602 Diis
468 2581 563 2612 quam
578 2570 673 2611 prisci
689 2570 814 2605 sentiat,
831 2576 863 2600 et
879 2570 999 2610 optima
1014 2581 1088 2601 usus
1105 2570 1272 2611 disciplina
1287 2570 1376 2600 Deos
1405 2570 1529 2611 hymnis
1553 2570 1639 2600 colat

160 2625 418 2666 beatitudineque
434 2625 573 2661 extollat,
590 2630 685 2665 atque
700 2624 745 2654 ita
761 2624 896 2655 feliciter
908 2624 1001 2654 vivat.
1048 2624 1125 2656 Cu.
1151 2623 1250 2655 Recte
1273 2630 1319 2661 tu,
1345 2624 1472 2664 hospes,
1492 2623 1636 2664 quando-

160 2680 289 2722 quidem
305 2679 377 2709 finis
391 2678 441 2710 hic
457 2679 565 2720 legum
580 2678 637 2708 tibi
652 2678 831 2720 propositus
846 2684 904 2715 cst,
921 2686 954 2708 ut
972 2678 1031 2710 Dei
1049 2679 1138 2709 cultu
1161 2687 1193 2709 et
1216 2679 1291 2709 vitae
1316 2677 1453 2719 puritate
1479 2676 1635 2718 optimum

160 2740 254 2775 atque
283 2733 525 2774 pulcherrimum
554 2733 674 2763 exitum
703 2732 916 2773 consequaris.
989 2733 1129 2763 Arnim.
1168 2731 1338 2769 Quomodo
1368 2742 1446 2772 ergo
1483 2731 1637 2767 dicemus,

158 2787 287 2820 Clinia?
312 2797 352 2816 an
367 2786 455 2816 Deos
469 2787 487 2815 h
490 2786 596 2827 ymnis
613 2796 801 2827 magnopere
819 2786 1050 2821 honorabimus,
1064 2786 1384 2827 supplicabimusque,
1399 2791 1434 2816 ut
1446 2790 1636 2826 sequentem

159 2843 198 2872 dc
214 2841 277 2872 illis
291 2839 534 2881 disputationem
545 2840 663 2880 optime
676 2848 707 2870 vt
723 2841 930 2881 pulcher-»ime
948 2841 1178 2881 transiganms’.
1215 2840 1300 2871 itane
1316 2850 1355 2870 an
1371 2839 1463 2870 aliter
1474 2839 1633 2880 agendum

162 2896 293 2928 censes?
339 2895 415 2926 Cu.
440 2894 487 2925 Ita
500 2904 636 2935 prorsus.
661 2895 728 2931 scd,
745 2906 764 2926 o
781 2895 826 2925 vir
842 2895 926 2931 fulix,
945 2894 1017 2926 Diis
1032 2895 1093 2925 tide
1110 2894 1216 2926 habita
1232 2893 1439 2937 precibusque
1464 2893 1636 2935 praemissis
