1840 3225
201 233 296 283 853]
345 283 348 287 ⁴
632 232 704 270 DE
742 230 972 269 LEGfflus
1005 230 1104 270 Lis.
1136 231 1205 269 ix.
1590 230 1666 268 393

195 337 298 378 primo
312 347 384 368 vero
401 337 452 368 die
464 337 579 368 mensis
595 336 747 377 cujusque
763 335 847 366 cives
864 344 1034 376 eorumque
1051 335 1185 365 ministri
1201 333 1419 365 duodecimam
1436 332 1530 363 tritici
1545 338 1667 374 partem

193 390 361 422 emendam
384 390 556 433 peregrinis
581 395 767 431 proponant,
799 394 966 429 emantque
1007 389 1162 430 peregrini
1187 399 1241 430 pro
1264 387 1382 419 mensis
1404 387 1499 418 totius
1527 392 1667 428 tempore

193 445 333 476 triticum
356 451 389 476 et
415 445 541 481 similia,
567 455 636 485 qua?
652 445 753 485 primo
768 443 835 474 foro
850 442 1029 474 venduntur
1046 455 1053 473 :
1079 443 1203 474 decimo
1218 452 1292 474 vero
1307 443 1360 473 die
1376 441 1519 474 venditio
1533 441 1666 483 emptio-

192 508 255 539 que
271 500 372 529 mensi
386 499 543 530 sufficiens
556 503 709 529 statuatur
723 509 730 528 :
755 497 907 539 vigesimo
922 497 1017 528 tertio
1033 497 1216 528 animalium
1231 496 1382 533 venditio,
1400 496 1512 538 quibus
1521 495 1665 528 homines

191 557 300 593 egent,
322 553 641 595 supellectiliumque,
666 558 700 583 ut
722 552 798 583 corii
819 552 1018 594 vestiumque
1035 562 1071 583 ac
1089 551 1251 587 similium,
1268 551 1333 581 fiat.
1355 560 1486 581 necesse
1500 555 1602 580 autem
1617 555 1667 581 est

191 607 369 647 peregrinos
397 606 501 637 omnia
528 617 547 637 a
573 606 805 647 possidentibus
829 617 943 643 emere,
967 617 1008 637 ne
1033 605 1222 647 cauponatio
1237 605 1270 635 in
1285 605 1390 636 tritico
1406 610 1438 634 et
1451 605 1568 635 hordeo
1582 604 1666 636 circa

189 660 322 691 farinam
337 670 373 691 ac
389 665 495 691 cetera
509 660 659 691 alimenta
672 661 737 691 ulla
751 660 817 691 fiat.
839 671 898 692 nec
912 660 1034 692 civibus
1047 670 1106 691 nec
1121 660 1220 691 servis
1233 669 1340 690 eorum
1355 658 1524 700 cauponari
1535 658 1664 690 omnino

188 714 294 750 liceat,
318 714 349 744 in
373 715 607 755 peregrinorum
631 720 734 745 tamen
758 714 826 745 foro
849 714 1013 756 peregrino
1038 714 1144 754 liceat,
1167 713 1332 755 opificibus
1354 722 1521 754 eorumque
1545 712 1654 750 servis,

190 770 298 799 vinum
324 768 490 810 cibumque
517 774 708 799 commutare
741 778 778 799 ac
808 769 959 804 vendere,
982 778 1155 809 carnesque
1185 773 1291 798 coctas
1305 767 1470 798 similiter:
1495 777 1565 808 quae
1580 777 1627 797 res
1644 777 1663 797 a

190 822 331 863 plurimis
343 822 532 864 cauponatio
549 823 738 853 nominatur.
761 823 924 853 materiam
940 833 1015 853 vero
1033 823 1114 864 ignis
1130 822 1304 853 universam
1322 821 1464 863 quotidie
1481 821 1664 862 peregrinus

183 876 234 913 iis,
250 876 305 918 qui
320 877 353 907 in
367 877 450 918 agris
462 877 495 908 id
512 883 634 913 curant,
647 887 750 908 emere
769 877 877 918 possit,
892 876 1064 918 ceterisque
1081 876 1265 918 peregrinis,
1282 881 1373 917 prout
1387 875 1475 911 velit,
1491 880 1524 905 et
1534 875 1660 916 quando

183 930 272 967 velit,
299 932 482 962 revendere.
506 936 678 962 ceterarum
704 930 840 962 omnium
870 940 970 961 rerum
1001 938 1033 962 et
1059 930 1316 972 supellectilium,
1343 930 1458 971 quibus
1481 929 1609 966 utimur,
1627 929 1660 960 in

182 986 339 1016 communi
361 986 428 1017 foro
452 985 593 1017 venditio
609 986 663 1017 fiat
678 986 711 1016 in
729 985 805 1016 locis
822 984 1058 1016 determinatis:
1084 984 1138 1015 ubi
1155 985 1259 1025 legum
1277 984 1423 1016 custodes
1447 993 1657 1024 censoresque

184 1049 247 1070 una
276 1050 348 1071 curn
375 1039 519 1070 aedilibus
547 1040 650 1071 locum
677 1039 870 1081 designarint
887 1043 920 1069 et
934 1039 1037 1080 pretia
1051 1039 1218 1070 venalibus
1234 1038 1450 1080 imposuerint.
1475 1037 1525 1068 hic
1537 1037 1656 1068 nummi

185 1099 415 1125 commutentur
438 1094 530 1125 rebus
547 1105 585 1125 ac
613 1104 662 1125 res
683 1094 830 1125 nummis.
854 1098 1025 1125 commutet
1045 1098 1148 1124 autem
1175 1092 1392 1135 unusquisque
1409 1103 1465 1134 per
1481 1103 1514 1123 se
1538 1092 1657 1133 ipsum,

183 1148 305 1178 nemini
331 1149 544 1180 committens.
569 1148 656 1191 quod
672 1149 698 1179 si
715 1148 916 1184 commiserit,
933 1148 999 1179 sive
1015 1147 1169 1189 receperit
1185 1148 1251 1178 sive
1265 1157 1341 1183 non,
1357 1147 1500 1188 quiescat
1516 1151 1655 1188 oportet.

184 1201 283 1244 [850]
307 1202 425 1234 nullum
451 1203 536 1233 enim
561 1203 840 1234 commutationum
868 1202 977 1233 talium
988 1202 1146 1244 judicium
1171 1207 1228 1233 est.
1253 1202 1280 1232 si
1304 1201 1381 1243 quid
1397 1211 1472 1231 vero
1490 1200 1653 1231 venditum

183 1261 387 1298 emptumque
411 1257 510 1298 pluris
531 1256 701 1288 minorisve
725 1263 788 1294 est,
802 1267 898 1299 quam
912 1257 962 1287 lex
975 1256 1117 1298 jusserit,
1133 1267 1197 1297 qua
1209 1266 1313 1287 rerum
1327 1255 1486 1286 venalium
1502 1264 1657 1285 mensurae

180 1315 213 1340 et
227 1311 328 1351 pretia
343 1311 515 1342 constituta
530 1316 612 1347 sunt,
629 1312 713 1352 apud
731 1312 838 1352 legum
850 1312 996 1342 custodes
1009 1311 1082 1352 plus
1094 1311 1174 1341 illud
1197 1310 1409 1342 conscribatur
1421 1314 1454 1339 et
1465 1309 1654 1340 contrarium

179 1365 336 1395 deleatur.
357 1365 470 1396 eadem
498 1365 569 1407 ipsa
599 1365 638 1396 de
662 1366 896 1407 conscfiptione
925 1366 1087 1401 bonorum,
1115 1375 1184 1406 quae
1211 1365 1250 1395 ab
1277 1364 1392 1395 incolis
1416 1363 1654 1406 peregrinisque

177 1418 388 1460 possidentur,
404 1420 498 1450 fiant:
516 1420 674 1461 liceatque
688 1419 789 1450 cuivis
804 1425 890 1450 certa
906 1419 1088 1451 conditione
1103 1420 1143 1450 ad
1158 1420 1268 1450 urbem
1282 1419 1423 1460 migrare,
1439 1425 1472 1448 et
1485 1419 1544 1449 hoc
1553 1417 1610 1455 ita,
1621 1423 1656 1448 ut

177 1477 273 1503 artem
298 1472 433 1515 aliquam
457 1479 603 1505 exerceat
623 1484 682 1504 nec
707 1474 809 1515 plures
822 1485 918 1516 quam
933 1485 1033 1505 annos
1046 1474 1160 1516 viginti
1174 1484 1192 1505 a
1209 1474 1260 1505 die
1277 1472 1515 1514 conscriptionis
1530 1482 1653 1514 perma-

177 1532 263 1558 neat.
285 1538 349 1570 quo
373 1529 407 1559 in
434 1534 573 1570 tempore
600 1527 762 1559 incolendi
787 1528 921 1570 vectigal
946 1529 1069 1559 solvere
1098 1529 1222 1559 nullum
1237 1534 1376 1570 cogatur,
1391 1528 1450 1558 nisi
1465 1527 1653 1569 frugalitatis

175 1582 379 1623 exemplum3
401 1593 462 1614 nec
483 1583 654 1624 emptionis
674 1582 932 1625 venditionisque
960 1583 1059 1625 gratia
1087 1583 1196 1614 aerario
1224 1583 1395 1624 quicquam
1419 1581 1543 1613 debeat.
1581 1592 1651 1613 cum

178 1640 284 1666 autem
312 1636 428 1678 viginti
458 1637 532 1667 anni
557 1637 661 1667 exacti
686 1637 813 1673 fuerint,
841 1638 976 1677 accipiat
995 1647 1061 1667 rem
1084 1647 1174 1668 suam
1188 1643 1221 1667 et
1233 1637 1336 1668 abeat.
1360 1636 1445 1678 quod
1461 1636 1488 1666 si
1500 1646 1650 1677 magnum

176 1689 303 1732 aliquod
320 1690 506 1721 beneficium
521 1691 604 1721 intra
619 1691 732 1732 viginti
748 1701 848 1722 annos
863 1692 985 1722 civitati
999 1691 1177 1728 contulerit,
1194 1691 1331 1732 velitque
1347 1692 1420 1733 plus
1436 1690 1582 1731 temporis
1598 1695 1653 1721 aut

175 1744 272 1775 etiam
303 1755 359 1786 per
380 1746 477 1776 vitam
499 1745 532 1776 in
556 1745 684 1776 civitate
702 1755 838 1783 manere,
854 1746 908 1776 fiat
923 1745 992 1782 sibi,
1009 1745 1094 1787 quod
1108 1745 1248 1787 petierit,
1263 1751 1427 1786 ratumque
1444 1745 1607 1780 habeatur,
1624 1744 1651 1775 si

177 1798 272 1829 modo
293 1799 426 1830 consilio
441 1799 648 1841 concionique
672 1800 872 1841 persuaserit.
896 1800 1070 1832 incolarum
1082 1805 1189 1831 autem
1203 1800 1286 1837 filiis,
1303 1800 1330 1830 si
1344 1799 1406 1841 ipsi
1419 1809 1544 1841 quoque
1558 1798 1651 1841 opifi-

177 1863 229 1884 ces
257 1853 330 1890 sint,
357 1859 432 1895 post
456 1854 600 1896 quintum
626 1853 784 1885 decimum
810 1854 913 1885 aetatis
939 1865 1056 1886 annum
1083 1855 1129 1885 ita
1153 1854 1283 1886 coloniae
1312 1860 1436 1896 tempus
1452 1853 1595 1894 incipiat,
1614 1858 1651 1884 ut

173 1907 284 1949 viginti
307 1914 417 1949 postea
440 1914 586 1940 maneant
607 1919 727 1939 annos:
754 1909 881 1946 deinde,
904 1920 967 1950 quo
990 1909 1102 1946 velint,
1127 1909 1386 1950 proficiscantur;
1410 1913 1454 1944 et,
1477 1907 1502 1938 si
1518 1917 1646 1938 manere

173 1961 341 1999 voluerint,
365 1968 522 1999 maneant,
548 1968 714 2005 postquam
741 1963 884 1994 similiter
898 1964 1118 2004 persuaserint.
1140 1964 1194 2005 qui
1209 1968 1314 1995 autem
1329 1961 1460 1999 recedit,
1475 1962 1574 1993 oblita
1589 1962 1646 1993 de-

177 2016 359 2059 scriptione,
375 2028 445 2059 quae
459 2017 517 2048 sibi
532 2016 617 2059 apud
632 2017 828 2059 magistratus
839 2023 905 2050 erat
921 2018 1111 2060 conscripta,
1127 2018 1173 2049 sic
1186 2017 1287 2049 abeat.

779 2274 915 2328 LIB.
960 2276 1060 2325 IX.

176 2402 274 2443 [853]
288 2403 308 2435 J
313 2414 432 2435 umen
444 2415 514 2436 vero
524 2407 550 2437 si
559 2414 629 2448 post
640 2410 708 2442 haec
718 2410 927 2452 superioribus
938 2409 1113 2440 actionibus
1123 2405 1344 2439 convenientia
1353 2405 1535 2441 reddantur,
1550 2409 1643 2435 natu-

175 2457 248 2488 ralis
265 2457 372 2499 utique
399 2459 595 2491 serendarum
621 2463 724 2505 legum
739 2466 815 2496 ordo
832 2464 1015 2496 servabitur.
1039 2463 1096 2493 sed
1112 2463 1152 2492 de
1161 2461 1291 2503 judiciis
1306 2460 1435 2501 quidem
1446 2459 1642 2500 agriculturae

171 2511 388 2553 similibusque
419 2513 539 2544 dictum
555 2521 603 2545 est
618 2527 624 2545 :
650 2517 690 2547 de
715 2518 860 2549 maximis
874 2528 949 2548 vero
961 2517 1091 2559 judiciis
1107 2521 1139 2547 et
1152 2515 1312 2557 judicibus
1327 2513 1485 2555 sigillatim
1504 2513 1643 2543 nondum

171 2565 315 2597 diximus.
338 2568 379 2598 de
406 2568 454 2598 his
479 2578 553 2609 ergo
579 2569 731 2613 deinceps
747 2572 898 2604 dicemus.
943 2572 1020 2603 Cir.
1044 2571 1158 2602 Probe.
1204 2570 1342 2600 Arum.
1365 2568 1473 2609 Turpe
1491 2565 1646 2608 quodam-

170 2620 263 2651 modo
278 2621 377 2651 videri
391 2627 497 2663 potest
508 2623 594 2664 leges
610 2624 649 2655 de
663 2626 843 2668 hujusmodi
851 2627 953 2663 rebus,
965 2626 1074 2668 quales
1085 2624 1287 2655 tractabimus
1298 2623 1346 2653 illi
1358 2621 1479 2653 civitati
1491 2621 1640 2656 tribuere,

171 2685 265 2715 quam
281 2674 415 2706 dicimus
429 2682 513 2708 recte
530 2689 561 2708 se
577 2680 704 2711 omnino
719 2681 758 2711 ad
772 2681 895 2711 virtutis
910 2680 1138 2721 possessionem
1156 2679 1340 2709 habituram.
1364 2687 1439 2707 nam
1462 2676 1513 2706 cui
1528 2676 1639 2706 absur-

172 2727 245 2758 dum
261 2738 325 2760 non
341 2730 493 2768 videatur,
509 2732 536 2762 si
550 2733 618 2774 quis
630 2734 664 2764 in
681 2734 809 2765 civitate
826 2735 872 2765 ita
886 2735 1027 2765 instituta
1043 2732 1298 2775 putetliominem
1308 2731 1546 2773 nequissimum,
1561 2729 1642 2759 sicut

173 2781 206 2811 in
232 2782 313 2823 aliis,
339 2783 535 2816 nasciturum
552 2798 557 2816 :
583 2787 663 2818 adeo
686 2793 721 2819 ut
744 2799 823 2829 opus
852 2789 892 2819 sit
913 2789 1019 2829 legum
1033 2787 1128 2817 minis
1143 2787 1226 2818 hunc
1242 2786 1425 2828 praevenire,
1441 2794 1481 2814 ne
1497 2784 1569 2814 talis
1585 2783 1640 2812 fiat

170 2845 250 2866 neve
262 2837 329 2867 -tale
344 2838 421 2879 quid
440 2841 663 2879 committatur,
679 2848 712 2874 et
728 2843 894 2874 commissa
915 2842 1026 2884 positis
1048 2842 1172 2883 legibus
1193 2840 1381 2882 puniantur:
1407 2837 1495 2880 quasi
1517 2836 1640 2878 possint

169 2889 203 2919 in
228 2890 286 2921 hac
308 2902 432 2933 quoque
458 2895 619 2936 republica
641 2897 874 2939 flagitiosissimi
900 2897 1041 2928 homines
1056 2895 1186 2937 reperiri
1204 2895 1214 2925 ?
1239 2905 1345 2925 verum
1365 2892 1514 2934 quoniam
1530 2899 1592 2920 non
1610 2893 1645 2918 ut

171 2943 262 2990 pri-sci
279 2944 496 2986 legumlator-es
512 2951 639 2991 agimus,
655 2952 718 2993 qui,
736 2963 805 2984 cum
819 2952 959 2984 Deorum
973 2951 1031 2983 filii
1043 2955 1160 2988 essent,
1173 2949 1330 2985 heroibus,
1343 2947 1397 2989 qui
1411 2951 1443 2977 et
1459 2943 1519 2986 ipsi
1531 2954 1549 2978 ε
1566 2942 1640 2973 Diis

259 2999 347 3035 Ριαι.
368 3000 424 3033 Tr.
914 3006 960 3038 11.
1481 3002 1500 3030 3
1518 2998 1549 3028 D
