1840 3225
166 209 263 259 359]
600 204 674 244 DE
703 200 1012 243 REPUBLICA
1041 200 1142 240 LIB.
1173 200 1227 239 11.
1558 198 1629 236 101

161 316 192 342 et
205 310 393 353 voluptates,
403 319 599 352 quaecunque
612 308 678 340 sine
694 311 884 338 nocumento
897 310 980 342 sunt,
991 310 1023 335 et
1037 315 1107 346 quae
1118 305 1149 334 in
1168 307 1323 345 posterum
1340 301 1416 332 nihil
1429 305 1539 343 praeter
1555 312 1630 343 gau-

163 365 250 395 diurn
265 364 483 395 allaturae=sint
497 373 547 394 eas
572 361 710 392 habenti.
755 360 812 391 So.
836 358 918 389 Mihi
944 368 1018 388 sane
1034 357 1157 388 videtur
1180 367 1247 387 esse
1264 355 1382 397 aliquid
1400 355 1471 386 talc.
1517 354 1630 386 Gmu.

164 418 249 456 Quid
266 418 392 449 autem?
409 423 496 448 estne
511 415 642 457 aliquid,
656 413 740 455 quod
758 417 790 443 et
805 411 906 453 ipsum
921 411 1018 452 gratia
1033 410 1130 452 ipsius
1143 415 1178 440 et
1194 421 1311 447 eorum,
1327 420 1396 451 quae
1413 410 1451 440 ab
1467 419 1504 440 eo
1521 409 1634 444 fluunt,

164 482 302 502 amemus
317 472 328 501 ?
358 469 620 512 quemadmodum
650 477 770 508 sapere,
798 466 913 501 videre,
940 465 1054 495 valere.
1090 465 1157 495 haec
1185 465 1266 494 enim
1298 463 1476 504 hujusmodi
1508 468 1635 504 propter

163 530 328 567 utrumque
345 524 498 565 eligimus.
544 523 601 553 So.
629 521 733 552 Certe.
779 519 894 551 Grau.
916 519 1054 550 Tertium
1071 523 1173 549 autem
1198 518 1315 559 aliquid
1332 518 1420 548 vides
1435 528 1533 558 genus
1548 516 1635 553 boni,

164 579 197 609 in
214 589 276 620 quo
302 584 348 609 est
372 577 517 613 exerceri,
535 575 615 606 male
640 575 796 605 valentem
821 573 932 613 curari,
948 572 1250 613 medicationemque
1275 577 1306 602 et
1325 572 1531 612 pecuniariam
1549 581 1635 602 exer-

163 633 254 663 cere?
279 633 345 663 haec
363 631 471 672 utique
499 629 652 660 laboriosa
676 628 810 659 fatemur
835 638 914 668 esse,
932 627 1078 668 prodesse
1102 632 1205 657 autem
1231 626 1343 656 nobis:
1368 631 1400 656 et
1423 625 1491 666 ipsa
1508 625 1634 666 quidem

166 685 211 716 sui
228 685 326 726 gratia
341 694 500 725 nunquam
517 688 745 724 expeteremus,
762 682 815 713 sed
832 687 969 723 quaestus
985 686 1017 712 et
1031 681 1172 721 aliorum,
1184 691 1254 721 quae
1270 681 1308 710 ab
1324 680 1368 710 eis
1385 679 1636 720 proficiscuntur,

167 738 276 780 gratia.
321 739 376 769 So.
400 738 457 768 Est
472 739 531 768 hoc
550 738 642 780 plane
667 748 764 778 genus
789 737 923 767 tertium.
971 735 1055 772 Quid
1080 736 1170 765 tum?
1217 734 1332 765 Grau.
1355 733 1393 764 In
1410 744 1545 775 quonam
1563 733 1637 763 isto·

166 802 232 823 rum
244 791 399 833 justitiam
419 791 536 833 ponis?
583 791 636 822 So.
660 791 737 821 Mea
753 790 880 831 quidem
897 789 1052 820 sententia
1067 789 1098 819 in
1117 787 1336 829 pulcherrimO,
1355 787 1452 829 [358]
1471 787 1556 828 quod
1574 792 1636 817 tam

164 852 292 888 propter
306 857 339 878 se
354 847 455 889 ipsum
480 856 573 888 quam
599 850 725 886 propter
749 855 786 876 ea
809 855 879 885 quae
903 844 1010 880 efficit,
1027 844 1066 874 ab
1081 854 1119 874 eo
1136 842 1191 884 qui
1208 843 1315 873 beatus
1331 842 1370 872 sit
1385 842 1518 881 futurus,
1543 851 1637 882 expe-

164 900 250 932 titur.
297 900 412 932 Gmu.
437 901 531 931 Haud
559 899 603 930 ita
629 899 733 929 multis
759 898 893 934 videtur,
918 898 972 929 sed
999 897 1143 928 laboriosi
1166 896 1287 937 generis
1302 906 1380 935 esse,
1397 896 1482 936 quod
1509 895 1637 936 quidem

164 959 292 995 propter
318 956 444 996 praemia
468 960 500 985 et
523 956 656 985 honores
681 958 713 984 et
736 953 863 995 gloriam
889 953 928 983 sit
953 952 1178 993 expetendum,
1194 956 1321 992 propter
1345 962 1376 981 se
1401 950 1502 990 ipsum
1532 954 1637 980 autem

166 1013 314 1049 tanquam
339 1008 478 1044 difficile,
507 1007 702 1049 fugiendum.
747 1007 803 1038 So.
826 1006 912 1037 Novi
939 1006 1084 1047 equidem
1113 1005 1193 1036 istuc
1223 1005 1328 1035 multis
1356 1004 1464 1035 videri.
1493 1003 1640 1045 quocirca

163 1061 352 1102 jampridem
380 1073 398 1093 a
424 1062 670 1104 Thrasymacho,
699 1061 788 1102 quasi
813 1061 873 1091 tale
901 1061 1050 1102 quiddam
1075 1060 1126 1095 sit,
1141 1059 1354 1100 vituperatur:
1387 1057 1544 1099 injustitia
1567 1067 1639 1087 vero

166 1115 321 1146 laudatur.
346 1116 400 1146 sed
419 1126 477 1157 ego
500 1116 596 1146 hebes
619 1125 698 1152 sum,
714 1121 749 1145 ut
773 1114 891 1145 videor.
938 1114 1053 1145 Gmu.
1079 1113 1150 1154 Age
1176 1113 1281 1154 itaque.
1305 1118 1337 1143 et
1363 1123 1411 1142 me
1439 1111 1525 1152 audi,
1542 1111 1566 1141 si
1584 1109 1641 1140 tibi

166 1179 292 1211 quoque
320 1170 387 1200 haec
415 1169 590 1200 videantur.
634 1169 886 1211 Thrasymachus
914 1179 1028 1209 nempe
1058 1168 1141 1208 prius
1170 1178 1261 1208 quam
1293 1171 1461 1207 oporteret,
1492 1171 1639 1206 tanquam

167 1233 294 1264 serpens
310 1223 497 1254 carminibus
513 1223 661 1254 delinitus
677 1222 731 1252 abs
748 1227 777 1253 te
794 1222 889 1252 fuisse
905 1222 1040 1253 videtur.
1064 1221 1137 1251 mihi
1154 1226 1258 1251 autem
1276 1221 1414 1250 nondum
1431 1230 1469 1250 ex
1485 1219 1641 1250 sententia

167 1276 391 1307 demonstratio
419 1277 577 1318 utriusque
601 1277 717 1307 evenit.
739 1276 834 1317 cupio
863 1276 945 1306 enim
971 1275 1090 1311 audire,
1115 1275 1190 1316 quid
1215 1275 1255 1305 sit
1281 1279 1445 1315 utrumque
1461 1279 1493 1304 et
1515 1274 1640 1314 qualem

169 1329 229 1359 vim
253 1330 367 1361 habeat
383 1330 483 1371 ipsum
510 1331 681 1361 secundum
698 1341 730 1361 se
746 1330 849 1371 ipsum
864 1330 1014 1360 exsistens
1031 1330 1061 1359 in
1077 1328 1182 1359 animo
1199 1340 1206 1359 ;
1234 1328 1358 1369 praeniia
1375 1338 1446 1358 vero
1462 1333 1493 1358 et
1508 1338 1578 1368 quae
1601 1338 1640 1359 ex

167 1383 244 1424 ipsis
259 1384 458 1424 proveniunt,
476 1383 609 1416 mittere.
653 1384 704 1415 Sic
721 1383 816 1425 igitur
841 1384 966 1424 faciam,
983 1384 1056 1414 siet
1082 1382 1139 1413 tibi
1168 1383 1282 1424 placet.
1309 1382 1466 1412 renovabo
1493 1381 1640 1423 equidem

167 1436 390 1480 Thrasymacbi
407 1438 590 1477 orationem,
607 1443 639 1469 et
655 1439 786 1479 primum
804 1438 917 1474 dicam,
934 1438 1026 1479 quale
1043 1437 1119 1478 quid
1132 1437 1287 1478 justitiam
1303 1447 1373 1467 esse
1387 1436 1494 1467 dicant
1509 1441 1541 1466 et
1556 1436 1642 1466 unde

167 1497 303 1522 exortam
328 1491 423 1523 fuisse
451 1492 560 1524 velint.
587 1493 726 1523 secundo
758 1492 827 1522 loco
855 1503 974 1528 omnes,
993 1492 1173 1533 quicunque
1194 1491 1350 1532 justitiam
1377 1490 1501 1530 colunt,
1527 1489 1641 1519 invitos

167 1546 400 1585 quodammodo
416 1556 484 1576 eam
502 1545 602 1587 sequi,
619 1551 766 1586 tanquam
791 1556 854 1576 rem
878 1546 1100 1585 necessariam,
1115 1546 1169 1575 sed
1195 1556 1256 1575 non
1281 1545 1406 1575 bonam.
1424 1545 1515 1574 tertio
1532 1543 1640 1574 merito

166 1599 200 1629 id
218 1609 320 1640 agere.
345 1600 442 1629 multo
457 1609 530 1640 ergo
553 1599 662 1630 melior
685 1599 796 1640 injusti
823 1600 886 1630 vita
902 1610 994 1641 quam
1016 1599 1106 1641 justi,
1122 1605 1157 1630 ut
1182 1599 1319 1629 tradunt.
1364 1598 1449 1629 Mihi
1465 1598 1604 1639 quidem,
1622 1607 1641 1628 ο

169 1651 322 1689 Socrates,
353 1663 417 1683 non
447 1653 490 1683 ita
521 1654 654 1686 videtur.
693 1654 818 1695 ambigo
850 1659 954 1684 tamen
985 1654 1181 1695 plerumque,
1210 1654 1285 1695 quia
1312 1653 1470 1684 obtundor
1499 1652 1642 1693 quotidie

168 1705 434 1748 Thrasymachum
450 1707 589 1748 aliosque
605 1708 786 1738 innumeros
809 1708 950 1743 audiens,
967 1709 1138 1738 orationem
1155 1718 1226 1738 vero
1245 1718 1299 1748 pro
1323 1707 1391 1748 ipsa
1402 1705 1540 1747 justitia,
1555 1705 1641 1746 quod

170 1760 280 1790 melior
296 1770 388 1801 quam
410 1760 566 1801 injustitia
580 1761 630 1797 sit,
648 1772 684 1792 ex
699 1761 785 1792 nullo
802 1762 905 1793 adhuc
921 1762 1038 1799 audivi,
1054 1767 1090 1792 ut
1106 1761 1230 1793 vellem.
1253 1771 1399 1802 cuperem
1415 1760 1535 1802 quippe
1547 1759 1643 1800 justi-

170 1814 245 1844 tiam
261 1813 360 1855 ipsam
376 1815 547 1845 secundum
563 1826 594 1846 se
611 1816 708 1856 ipsam
726 1816 832 1846 audire
850 1816 1018 1847 laudatam.
1042 1815 1175 1846 maxime
1189 1826 1260 1846 vero
1277 1826 1313 1846 ex
1328 1821 1358 1846 te
1374 1816 1434 1846 hoc
1451 1825 1498 1845 me
1514 1815 1645 1845 arbitror

170 1869 359 1900 auditurum.
407 1869 608 1911 Quapropter
623 1870 726 1901 dicam
743 1870 848 1907 latius,
865 1870 1011 1911 injustam
1033 1871 1128 1900 vitam
1145 1870 1297 1909 laudans3
1322 1870 1521 1910 dicendoque
1538 1874 1642 1900 osteu-

170 1923 242 1952 dam
259 1922 330 1961 tibi,
345 1933 481 1964 quonam
499 1924 629 1955 maxime
647 1925 739 1954 modo
756 1925 864 1955 audire
890 1929 920 1954 te
948 1925 1038 1955 velim
1055 1924 1283 1965 vituperantem
1299 1924 1426 1965 quidem
1444 1924 1641 1965 injustitiam,

166 1975 323 2017 justitiam
340 1987 411 2007 vero
437 1977 630 2009 laudantem.
654 1978 708 2009 sed
736 1978 821 2014 vide,
844 1989 884 2008 an
908 1979 967 2009 hoc
995 1978 1051 2009 tibi
1067 1978 1203 2019 placeat.
1249 1978 1305 2009 So.
1329 1978 1469 2009 Maxime
1491 1978 1641 2009 omnium.

171 2031 211 2061 de
228 2040 290 2071 qua
315 2030 397 2060 enim
422 2041 454 2062 re
477 2031 546 2071 quis
564 2042 647 2062 sanae
671 2032 782 2063 mentis
807 2033 954 2063 libentius
970 2038 1002 2063 et
1025 2032 1134 2063 audiat
1149 2037 1180 2063 et
1196 2032 1306 2063 dicat?
1353 2032 1466 2063 Grau.
1491 2031 1644 2062 Praeclare

173 2083 320 2125 loqueris.
368 2083 533 2115 Enimvero
549 2086 632 2127 quod
659 2087 789 2127 primum
816 2088 856 2117 de
881 2088 940 2118 hoc
965 2086 1068 2118 dicere
1091 2086 1249 2127 pollicitus
1265 2085 1420 2127 sum‚jam
1447 2086 1533 2126 audi,
1549 2086 1642 2127 quale

171 2137 211 2168 sit
226 2142 257 2169 et
273 2138 358 2169 unde
382 2138 422 2170 sit
444 2144 510 2169 orta
531 2138 667 2180 justitia.
712 2139 835 2171 Natura
856 2141 983 2182 quidem
1008 2141 1119 2172 dicunt
1144 2140 1289 2182 injuriam
1313 2140 1415 2171 facere
1431 2141 1546 2171 bonurn
1562 2150 1642 2181 esse,

170 2191 285 2233 injuria
309 2197 412 2223 autern
438 2193 518 2224 affici
543 2194 680 2225 malum:
707 2195 761 2225 sed
786 2195 878 2236 longe
904 2195 973 2236 plus
997 2195 1070 2226 mali
1086 2205 1152 2226 esse
1168 2195 1198 2225 in
1223 2195 1372 2236 patiendo
1386 2193 1533 2235 injuriam
1549 2204 1644 2236 quam

171 2245 245 2275 boni
262 2245 293 2276 in
310 2246 486 2280 inferendo.
509 2249 709 2289 quamobrem
738 2254 902 2291 postquam
934 2250 1067 2280 vicissim
1084 2249 1227 2291 injuriam
1244 2254 1276 2280 et
1292 2249 1452 2280 intulerint
1467 2254 1498 2279 et
1513 2259 1644 2290 accepe-

169 2298 242 2336 rint,
259 2305 291 2330 et
307 2305 472 2343 utrumque
496 2303 698 2344 gustaverint,
715 2303 769 2344 qui
783 2309 945 2345 nequeunt
959 2304 1055 2335 vitare
1081 2303 1177 2346 [359]
1204 2304 1293 2340 illud,
1310 2304 1342 2334 id
1359 2304 1522 2345 consequi,
1539 2313 1644 2344 operae

173 2352 306 2393 pretium
322 2354 387 2386 fore
403 2356 534 2393 ducunt,
558 2362 592 2387 ut
608 2356 651 2387 ita
667 2357 798 2388 invicem
816 2363 1018 2400 componant,
1035 2363 1070 2388 ut
1085 2369 1187 2399 neque
1204 2358 1309 2389 inferri
1325 2368 1427 2399 neque
1443 2357 1545 2398 accipi
1573 2367 1646 2397 pos-

171 2406 211 2436 sit
226 2406 350 2447 injuria.
373 2408 508 2450 hincque
525 2410 634 2441 volunt
658 2411 809 2452 originem
833 2412 977 2443 habuisse
1004 2412 1088 2454 leges
1110 2412 1425 2453 constitutionesque,
1439 2417 1470 2441 et
1486 2410 1646 2440 nominata

174 2469 241 2490 esse
258 2467 414 2502 praecepta
429 2462 531 2503 legum
561 2464 699 2505 legitima
714 2470 808 2506 atque
820 2465 919 2506 justa.
965 2465 1057 2497 Hanc
1073 2466 1181 2507 itaque
1200 2465 1333 2507 justitiae
1359 2465 1507 2505 originem
1524 2469 1557 2494 et
1571 2465 1645 2495 sub-

171 2513 316 2543 stantiam
341 2525 407 2545 esse
433 2516 556 2553 volunt,
577 2528 646 2559 quae
674 2519 776 2550 media
801 2520 1034 2561 quodammodo
1061 2520 1101 2550 sit
1127 2520 1278 2561 optimum
1304 2519 1384 2550 inter
1407 2524 1440 2549 et
1464 2518 1644 2559 pessimum,

171 2567 299 2607 quaudo
315 2568 443 2608 quidem
459 2569 611 2610 optimum
628 2576 675 2602 est
690 2572 801 2603 inferre
824 2573 968 2614 injuriam
990 2584 1047 2605 nee
1071 2574 1143 2604 dare
1167 2584 1285 2615 poenas,
1304 2572 1470 2614 pessimum
1489 2583 1562 2603 vero
1579 2573 1644 2613 pati

170 2630 230 2650 nec
248 2620 354 2652 ulcisci
374 2632 475 2662 posse.
522 2623 646 2655 Justum
674 2637 747 2666 ergo
771 2627 879 2658 horum
896 2628 926 2658 in
945 2628 1049 2659 medio
1074 2628 1278 2659 constitutum
1302 2627 1395 2658 amari
1413 2637 1475 2657 non
1495 2633 1643 2668 tanquam

172 2673 303 2714 bonurn,
321 2675 373 2705 sed
398 2686 435 2706 ex
453 2676 666 2710 imbecillitate
682 2679 868 2723 injuriandi,
885 2687 1032 2723 tanquam
1056 2682 1236 2723 injuriarum
1253 2682 1480 2713 inferendarum
1499 2683 1645 2713 obstacu-

173 2726 248 2758 lum.
273 2738 343 2759 eum
359 2739 446 2767 sane,
462 2731 517 2772 qui
534 2733 592 2762 hoc
619 2733 740 2764 efficere
767 2735 865 2775 possit
888 2747 1022 2777 vereque
1039 2736 1078 2766 sit
1101 2737 1157 2774 vir,
1174 2747 1243 2767 cum
1271 2736 1332 2767 alio
1350 2736 1466 2778 pacisci
1482 2746 1641 2777 nunquam

173 2780 414 2824 decernereque,
430 2794 470 2815 ne
496 2785 575 2815 ultro
592 2786 730 2828 citroque
748 2788 860 2829 injuria
877 2789 1046 2821 inseratur:
1072 2790 1211 2831 alioquin
1238 2791 1396 2823 insaniret.
1443 2791 1520 2822 Haec
1547 2796 1606 2826 est,
1624 2800 1642 2820 o

176 2833 330 2873 Socrates,
346 2843 452 2867 natura
464 2837 596 2878 justitiae
611 2846 704 2882 atque
717 2842 909 2883 hujusmodi,
926 2851 957 2874 ct
973 2855 1010 2875 ex
1026 2844 1150 2881 talibus,
1168 2851 1202 2875 ut
1217 2845 1332 2882 ferunt,
1348 2845 1522 2886 progenita.
1546 2843 1641 2879 Q1¹0d

175 2892 277 2918 autem
301 2889 522 2931 quijustitiam
550 2900 672 2926 servant
694 2895 785 2927 inviti
810 2897 842 2928 id
866 2903 974 2939 agant,
991 2908 1061 2930 curn
1076 2909 1113 2930 ex
1141 2898 1355 2931 imbecillitate
1371 2898 1515 2939 injuriam
1533 2897 1645 2928 inserte
