1840 3225
204 229 285 267 480
737 230 997 269 EPISTOLA
1030 231 1120 270 VII.
1570 232 1666 283 [327

205 338 347 373 sumptus
363 333 522 373 eroganda
533 334 617 364 cives
633 333 815 364 existiment
828 344 835 364 :
861 333 1036 374 ceterisque
1050 334 1238 375 posthabitIs
1246 334 1401 370 omnibus,
1414 332 1566 364 conviviis
1575 333 1670 364 dum·

205 391 291 418 taxat
316 392 349 417 et
372 388 514 418 venereis
536 387 777 418 oblectamentis
792 387 904 418 obnixe
921 394 1035 428 putent
1049 397 1179 428 operam
1191 387 1451 428 impendendam.
1474 396 1603 418 necesse
1619 391 1669 417 est

205 439 385 481 hujusmodi
409 441 554 472 civitates
578 441 673 472 modo
698 442 732 472 in
760 441 960 483 tyrannidem
982 442 1077 472 modo
1101 442 1132 471 in
1147 451 1319 482 paucorum
1333 441 1509 482 potentiam
1523 441 1619 472 modo
1634 440 1667 470 in

206 495 392 534 popularem
417 500 535 525 statum
561 495 685 532 mutari,
709 505 814 536 neque
838 505 978 536 unquam
1003 496 1188 536 quiescere:
1216 495 1311 536 justae
1340 505 1414 526 vero
1442 494 1667 536 aequabifisque

205 548 439 587 gubernationis
466 560 532 586 eos,
555 550 607 591 qui
629 550 662 580 in
689 550 738 579 his
765 549 944 579 civitatibus
969 555 1118 590 potentes
1133 554 1218 584 sunt,
1233 559 1273 580 ne
1288 559 1404 580 nornen
1420 549 1550 590 quidem
1564 549 1669 590 ipsum

204 602 313 633 audire
339 604 435 633 velle.
458 604 525 634 haec
553 614 612 645 ego
637 614 699 634 uua
715 613 786 634 cum
800 603 1008 644 superioribus
1022 603 1084 633 illis
1101 603 1306 634 considerans
1321 603 1491 645 Syracusas
1505 602 1668 644 profectus

203 665 285 691 sum,
316 656 394 687 forte
421 658 548 698 quidem
576 658 703 688 fortuna
731 658 876 699 quadam.
898 658 1021 688 videtur
1051 662 1155 688 autem
1185 657 1317 699 alicujus
1343 667 1451 688 eorum
1480 666 1587 698 opera,
1614 656 1670 697 qui

204 719 298 750 supra
337 721 396 741 nos
435 718 517 748 sunt,
546 713 736 753 principium
766 718 842 743 tunc
871 712 968 743 fuisse
999 711 1110 742 datum
1141 711 1297 748 omnibus,
1327 722 1398 752 quae
1427 721 1530 752 nuper
1568 710 1671 741 Dioni

203 763 427 806 Syracusisque
458 767 675 807 contigerunt:
701 777 738 798 ac
767 777 887 801 vereor,
917 777 957 797 ne
985 766 1127 807 pluribus
1156 765 1298 807 insuper,
1329 765 1355 795 si
1383 775 1438 796 vos
1465 765 1544 795 mihi
1582 774 1667 796 nunc

201 816 314 848 iterum
356 820 536 851 consulenti
568 831 769 863 nequaquam
807 820 1034 851 assentiamini.
1081 819 1179 861 [327]
1226 819 1490 860 quemadmodum
1516 828 1592 850 vero
1619 818 1668 849 di-

202 881 270 901 cam
312 873 451 904 omnium
490 875 587 905 fuisse
626 875 817 916 principium
858 874 1086 915 profectionem
1128 879 1202 904 tunc
1234 873 1409 914 Syracusas
1436 883 1550 908 meam,
1581 872 1666 902 acci—

201 925 280 966 pite.
313 937 372 967 vgo
399 938 472 958 cum
500 928 609 958 Dione
639 934 713 959 tunc
733 929 851 970 juvene
882 937 966 958 eram
991 927 1153 968 fre-quem,
1185 931 1218 956 et
1244 936 1314 968 quae
1337 926 1518 957 hominibus
1546 926 1668 967 optima

200 978 267 1009 fore
298 980 480 1016 arbitrabar,
511 982 625 1021 quibus
653 987 797 1022 poteram
838 982 1012 1011 rationibus
1042 980 1212 1011 suadebam
1243 985 1277 1010 et
1302 986 1338 1010 ut
1370 980 1490 1010 faceret
1521 980 1669 1010 consule-

201 1031 283 1062 bam.
318 1033 375 1064 sed
405 1034 451 1064 his
482 1034 628 1065 dicendis
655 1035 761 1067 videor
791 1036 927 1065 latenter
955 1040 986 1065 et
1002 1040 1118 1074 praeter
1132 1034 1340 1064 intentionem
1355 1039 1430 1064 tunc
1446 1043 1548 1064 meam
1562 1038 1669 1075 tyran-

200 1086 285 1117 nidis
300 1087 435 1124 ruinam,
451 1099 522 1128 quae
538 1094 648 1120 secuta
664 1094 722 1125 est,
742 1088 911 1129 paravisse.
956 1087 1041 1118 Dion
1057 1089 1143 1118 enim
1166 1098 1237 1118 curn
1261 1093 1345 1118 esset
1366 1088 1518 1119 acerrimo
1541 1087 1669 1128 ingenio

201 1150 272 1170 cum
287 1140 328 1171 ad
343 1147 448 1173 cetera
463 1143 569 1173 omnia
583 1149 648 1174 turn
662 1143 703 1174 ad
718 1154 768 1178 ea,
781 1153 852 1183 quoe
869 1148 942 1172 tuuc
959 1142 1145 1173 dicebantur
1161 1152 1179 1173 a
1193 1153 1256 1178 me,
1269 1141 1492 1183 perdiscenda,
1514 1142 1560 1172 ita
1582 1142 1670 1173 cele-

199 1193 276 1224 n'ter
302 1205 338 1225 ac
362 1197 568 1227 vehementer
591 1197 648 1227 illa
662 1196 807 1237 arripuit,
823 1201 859 1227 ut
875 1206 968 1226 nemo
987 1206 1027 1226 ex
1053 1196 1197 1226 omnibus
1212 1196 1396 1237 juvenibus,
1421 1205 1502 1237 quos
1529 1205 1667 1237 unquam

200 1249 414 1280 convenerim.
436 1260 472 1281 ac
493 1251 648 1292 reliquam
663 1251 758 1282 vitam
774 1250 888 1281 ducere
903 1250 1014 1280 statuit
1037 1251 1138 1280 multo
1152 1251 1363 1291 praestantius,
1383 1259 1478 1291 quam
1499 1249 1554 1280 alii
1578 1249 1672 1280 multi

198 1300 381 1333 Italicorum
395 1309 491 1345 atque
506 1305 696 1342 Siculorum,
712 1306 859 1336 virtutem
871 1305 976 1345 potius
990 1314 1087 1344 quam
1103 1304 1298 1344 voluptatem
1314 1304 1508 1346 deliciasque
1521 1308 1672 1334 sectatus.

198 1353 306 1396 itaque
321 1356 462 1389 infensus
477 1359 602 1390 vivebat
616 1359 692 1395 illis,
708 1361 762 1401 qui
778 1360 810 1390 in
826 1359 999 1401 tyrannicis
1016 1358 1168 1388 institutis
1182 1358 1342 1398 degebant
1358 1369 1364 1387 :
1381 1364 1477 1398 atque
1493 1358 1552 1388 hoc
1566 1366 1668 1398 usque

198 1409 237 1438 ad
256 1409 408 1452 Dionysii
420 1418 565 1443 mortem.
589 1420 700 1454 postea
713 1424 788 1444 vero
804 1412 1029 1444 animadvertit
1051 1423 1119 1442 earn
1143 1412 1344 1448 sententiam,
1367 1421 1459 1452 quarn
1481 1412 1552 1452 ipse
1574 1411 1672 1442 rectis

199 1469 388 1504 conceperat
398 1466 585 1502 rationibus,
599 1477 662 1497 non
680 1466 712 1496 in
728 1477 760 1497 se
783 1477 846 1497 uno
861 1466 972 1501 solum,
988 1475 1096 1496 verum
1109 1466 1204 1496 etiam
1220 1465 1251 1495 in
1272 1465 1344 1496 aliis
1369 1465 1568 1503 quibusdam,
1592 1465 1672 1496 licet

199 1525 261 1547 non
276 1518 395 1555 multis,
411 1521 559 1551 exsistere
574 1532 580 1551 :
604 1521 638 1552 in
654 1531 784 1562 quorum
806 1529 938 1550 numero
951 1519 1145 1561 Dionysium
1155 1519 1324 1561 juniorem,
1342 1518 1417 1550 Diis
1430 1519 1513 1549 bene
1528 1518 1673 1560 juvanti-

200 1570 271 1607 bus,
287 1573 431 1612 sperabat
444 1574 521 1605 fore.
545 1576 629 1616 quod
646 1576 673 1606 si
689 1575 859 1610 accideret,
875 1581 908 1604 et
933 1574 986 1604 ille
1014 1573 1082 1614 ipse
1109 1578 1142 1603 et
1167 1573 1262 1604 ceteri
1289 1573 1478 1615 Syracusani
1503 1572 1671 1604 mirificam

197 1624 383 1657 felicitatem
397 1628 662 1660 nanciscerentur.
686 1634 877 1670 quapropter
889 1627 1015 1659 censuit
1029 1637 1079 1657 me
1096 1637 1188 1668 quarn
1205 1627 1369 1658 celerrime
1396 1626 1564 1669 Syracusas
1579 1636 1672 1657 acce—

200 1678 274 1710 dere
291 1680 417 1717 debere,
432 1682 540 1713 horum
557 1683 674 1714 socium
688 1684 928 1724 adjutoremque
943 1682 1084 1712 futurum
1099 1692 1105 1710 :
1145 1681 1296 1711 memoria
1306 1685 1431 1717 tenens,
1453 1690 1547 1722 quarn
1576 1681 1671 1712 facile

199 1732 320 1764 dudum
334 1745 407 1766 mea
419 1746 525 1767 secum
537 1738 734 1768 consuetudo
744 1738 846 1778 ipsum
857 1737 890 1767 in
903 1736 1114 1778 cupiditatem
1121 1735 1194 1765 vitae
1204 1735 1421 1776 pulcherrimae
1429 1740 1526 1776 atque
1540 1735 1670 1776 optimae

198 1787 399 1819 traduxisset.
429 1800 521 1830 quarn
535 1790 742 1832 cupiditatem
756 1792 783 1821 si
806 1792 838 1821 in
852 1790 1019 1833 Dionysio,
1042 1796 1077 1820 ut
1092 1799 1257 1831 aggressus
1271 1794 1351 1826 erat,
1378 1788 1557 1830 perficeret,
1580 1798 1670 1830 mag-

197 1849 269 1870 nam
286 1852 372 1886 spem
388 1843 533 1881 habebat,
551 1844 668 1886 absque
683 1845 820 1876 caedibus
831 1852 865 1876 et
879 1844 1032 1886 sanguine
1048 1849 1080 1874 et
1094 1844 1212 1885 absque
1230 1843 1279 1879 iis,
1292 1853 1362 1884 quae
1384 1853 1468 1874 nunc
1481 1847 1669 1879 evenerunt,

198 1895 302 1932 malis,
325 1907 430 1928 veram
453 1898 580 1929 vivendi
603 1899 758 1930 rationem
783 1909 820 1930 ac
843 1899 967 1930 beatam
990 1898 1083 1929 vitam
1114 1898 1146 1928 in
1172 1898 1320 1928 universa
1345 1896 1403 1927 illa
1429 1895 1561 1938 regione
1593 1905 1670 1926 con-

197 1948 327 1981 stituere
356 1961 463 1992 posse.
486 1952 554 1983 haec
579 1951 666 1984 Dion
691 1958 776 1984 recte
802 1953 1006 1984 considerans
1030 1952 1191 1994 Dionysio
1212 1952 1320 1987 suasit,
1336 1955 1372 1981 ut
1385 1960 1437 1981 me
1460 1954 1607 1981 vocaret:
1637 1955 1673 1981 et

197 2002 267 2044 ipse
291 2015 415 2045 quoque
441 2007 571 2047 rogavit,
596 2013 631 2037 ut
653 2007 803 2038 accedere
825 2007 947 2038 cunctis
975 2006 1165 2048 posthabitis
1187 2005 1378 2041 festinarem,
1403 2004 1588 2046 priusquam
1612 2003 1675 2034 ulli

199 2057 253 2087 alii
270 2057 426 2100 Dionysio
441 2060 649 2097 adhaerenteS‚
663 2061 820 2103 neglectis
834 2061 963 2102 optimis
978 2061 1051 2091 vitae
1073 2060 1235 2096 institutis,
1259 2058 1301 2089 ad
1320 2058 1383 2089 alia
1402 2058 1492 2088 illurn
1519 2057 1669 2088 deflecte-

197 2115 279 2143 rent.
295 2112 540 2144 cohortationem
564 2115 694 2156 insuper
709 2115 856 2156 precibus
879 2115 1006 2156 longam
1029 2114 1186 2155 adjunxit.
1208 2112 1381 2154 quodnam,
1406 2111 1522 2153 inquit,
1543 2115 1670 2152 tempus

197 2164 285 2194 aliud
293 2164 360 2204 jam
375 2172 594 2208 exspectamus
608 2168 648 2199 ad
661 2169 818 2209 agendum
834 2168 1052 2209 opportunius,
1068 2177 1163 2208 quam
1178 2167 1262 2208 quod
1277 2176 1362 2197 nunc
1385 2165 1477 2196 uobis
1491 2169 1540 2195 est
1560 2165 1669 2195 divina

198 2218 331 2259 quadam
354 2220 479 2251 fortuna
503 2222 711 2252 concessum?
746 2222 891 2252 narrabat
917 2227 1070 2262 praeterea
1093 2219 1345 2261 magnitudinem
1370 2218 1494 2260 imperii
1517 2217 1670 2260 Dionysii

197 2281 251 2312 per
264 2272 391 2304 Italiam
407 2280 499 2315 atque
514 2275 665 2311 Siciliam,
690 2275 822 2317 ejusque
848 2275 882 2305 in
902 2275 951 2304 his
971 2275 1050 2315 ipsis
1076 2273 1154 2304 locis
1172 2273 1358 2314 potentiam,
1384 2271 1482 2312 [328]
1501 2270 1668 2312 juventam

198 2336 320 2367 quoque
336 2332 429 2368 atque
444 2328 653 2369 cupiditatem
669 2328 736 2370 ejus
747 2330 785 2360 ad
802 2329 1009 2370 philosophiae
1032 2333 1065 2358 et
1091 2327 1270 2368 disciplinae
1292 2326 1397 2356 studia
1423 2325 1665 2356 vehementissi-

198 2389 290 2411 mam.
315 2382 392 2422 quin
408 2382 504 2413 etiam
519 2393 614 2424 quam
637 2383 784 2423 propensi
808 2383 911 2413 forent
934 2382 1000 2423 ejus
1021 2381 1188 2412 necessarii
1212 2385 1306 2422 atque
1332 2379 1498 2410 domestici
1525 2389 1595 2410 curn
1625 2379 1667 2409 ad

196 2443 277 2470 eam,
294 2445 388 2475 quam
401 2437 577 2475 suaderem,
601 2436 802 2478 disciplinam
811 2437 885 2467 vitae
900 2435 1126 2477 recipiendam,
1149 2436 1256 2476 ipsum
1271 2443 1397 2475 quoque
1414 2433 1610 2475 Dionysium
1624 2431 1666 2463 ad

198 2487 258 2518 hoc
275 2499 442 2529 provocare
458 2490 576 2521 idonei.
598 2491 707 2533 itaque
729 2491 754 2522 si
771 2500 910 2531 unquam
925 2491 1012 2526 alias,
1022 2496 1053 2520 et
1064 2500 1149 2520 nunc
1162 2494 1247 2520 certe
1260 2489 1426 2519 maximam
1437 2485 1548 2518 adesse
1562 2495 1665 2528 spem,

196 2542 327 2573 eosdem
338 2543 404 2574 fore
419 2549 451 2574 et
466 2545 670 2586 philosophos
694 2550 728 2576 et
751 2554 935 2586 magnarum
960 2544 1120 2585 principes
1147 2543 1320 2574 civitatum.
1343 2542 1397 2572 ille
1419 2541 1517 2583 igitur
1538 2541 1586 2571 his
1613 2550 1665 2571 me

195 2595 367 2628 rationibus
381 2598 513 2640 aliisque
529 2600 652 2640 generis
667 2598 812 2641 ejusdem
828 2598 991 2640 permultis
1007 2598 1244 2628 adhortabatur.
1267 2607 1327 2638 ego
1348 2606 1433 2632 veru,
1447 2605 1508 2637 quo
1534 2594 1664 2626 tandem

195 2649 328 2682 affectus
335 2651 489 2692 juvenum
499 2655 647 2684 evasurus
659 2660 751 2689 esset,
765 2653 980 2683 formidabam.
998 2652 1104 2683 talium
1118 2652 1200 2682 enim
1215 2651 1406 2692 cupiditates
1416 2655 1450 2680 et
1458 2649 1585 2680 veloces
1594 2653 1667 2679 sunt

195 2710 228 2735 et
243 2714 326 2746 saepe
339 2706 463 2737 sibimet
478 2708 640 2739 contrariae
653 2707 863 2749 perferuntur.
892 2706 1029 2737 Dionem
1044 2713 1147 2737 tamen
1161 2712 1272 2736 natura
1282 2713 1410 2746 gravem
1421 2712 1486 2735 tum
1496 2707 1589 2733 aetate
1597 2702 1664 2745 jam

196 2758 274 2789 satis
288 2764 443 2790 maturum
458 2771 526 2792 esse
537 2762 686 2793 sciebam.
704 2763 809 2802 itaque
822 2762 973 2803 cogitanti
990 2760 1224 2802 ambigentique
1237 2759 1326 2795 mihi,
1337 2763 1441 2789 uta-um
1453 2755 1593 2788 eundum
1607 2765 1664 2798 pa·

194 2813 390 2854 rendumque
405 2814 482 2844 soret
497 2825 609 2850 necne,
622 2816 718 2846 subiit
733 2817 859 2846 tandein
877 2815 1013 2847 eundum
1038 2825 1107 2845 esse
1121 2820 1216 2855 atque
1230 2812 1423 2854 parendum:
1444 2817 1538 2851 atque
1552 2810 1579 2841 si
1595 2811 1666 2851 quis

196 2877 331 2908 unquam
343 2878 392 2904 ea,
404 2878 474 2909 quae
488 2868 527 2899 de
542 2870 661 2910 legibus
673 2876 706 2901 et
718 2871 879 2911 republica
893 2870 1095 2910 cogitaverat,
1105 2868 1256 2910 perficere
1269 2867 1356 2902 velit,
1368 2875 1452 2896 nunc
1464 2866 1528 2896 fore
1539 2870 1664 2896 tentan-

196 2922 271 2953 dum
288 2933 295 2959 ;
320 2922 438 2964 quippe
455 2929 522 2954 eum
546 2923 729 2964 judicarem,
745 2925 770 2954 si
790 2924 843 2955 uni
868 2923 1028 2954 duintaxat
1046 2922 1283 2964 per-suasissem,
1308 2930 1356 2950 me
1371 2920 1453 2950 bona
1475 2919 1666 2950 sufficienter
