1840 3225
228 217 304 253 252
819 214 1083 253 PLA'I'ONIS
1230 228 1233 229 ⁷
1610 219 1678 269 [48

225 321 330 362 rimus,
343 326 374 352 et
386 326 469 352 recta
478 320 595 352 ratione
607 320 778 350 secundum
791 324 930 350 naturam
945 319 1068 360 praediti
1090 318 1279 359 singulorum
1290 319 1428 351 ordinem
1444 322 1685 363 perceperimus,

226 376 443 407 conversiones
456 375 531 414 Dei,
543 385 614 416 quae
626 373 692 405 sine
704 373 768 404 ullo
779 384 878 404 errore
889 380 1034 415 aguntur,
1059 373 1224 410 imitemur,
1236 379 1328 415 atque
1338 375 1377 405 ad
1393 385 1497 406 carum
1508 377 1684 419 exemplum

227 429 433 461 discursiones
457 435 570 460 nostrae
598 427 796 470 cogitationis
813 437 904 468 vagas
927 433 957 457 et
981 427 1125 458 erraticas
1141 437 1375 469 componamus.
1421 428 1543 461 Vocem
1560 441 1686 472 quoque

227 485 432 525 auditumque
445 483 586 525 ejusdem
600 483 642 513 rei
656 483 753 523 gratia
765 482 854 512 Deos
871 482 997 512 dedisse
1009 482 1098 512 nobis
1112 482 1267 514 existimo.
1290 493 1360 513 nam
1375 483 1412 513 ad
1429 484 1494 515 haec
1506 485 1576 525 ipsa.
1586 495 1685 515 sermo

227 539 374 580 pertinet,
390 538 621 580 plurimumque
634 537 784 567 conducit
802 548 809 573 3
835 536 996 577 omnisque
1013 535 1137 565 musicae
1151 536 1235 566 vocis
1252 547 1324 567 usus
1340 538 1508 568 harmoniae
1524 538 1622 579 gratia
1639 543 1688 570 est

227 594 370 625 tributus.
394 593 480 634 atqui
502 599 534 624 et
545 591 715 626 harmonia,
740 601 811 632 quae
827 591 980 620 motiones
996 591 1090 620 habet
1105 590 1215 620 anima:
1232 598 1344 620 nostrae
1357 591 1596 622 discursionibus
1611 603 1688 623 con-

226 658 316 688 gruas
343 652 436 689 atque
459 651 619 688 cognatas,
645 645 766 676 homini
792 645 959 686 prudenter
985 644 1085 674 Musis
1102 644 1200 675 utenti
1218 655 1281 674 non
1294 645 1331 675 ad
1347 645 1543 687 voluptatem
1561 647 1689 678 rationis

226 708 396 743 expertem,
413 707 448 732 ut
462 711 547 731 nunc
560 701 692 736 videtur,
709 704 755 729 est
772 699 855 728 utilis
870 710 876 727 z
914 699 966 728 scd
985 708 1002 728 a
1018 696 1122 727 Musis
1136 697 1209 727 ideo
1228 698 1300 727 data
1315 703 1372 734 est,
1389 703 1422 728 ut
1438 709 1492 740 per
1506 709 1573 730 eam
1590 699 1687 731 disso-

226 762 352 787 nantem
377 755 537 787 circuitum
565 754 675 784 animae
700 763 922 794 componamus
940 758 972 782 et
987 751 1027 782 ad
1043 758 1228 782 concentum
1245 751 1303 782 sibi
1319 763 1487 794 congruum
1500 753 1688 795 redigamus,

226 811 388 852 rhythmus
408 819 533 850 quoque
560 808 597 837 ad
624 808 682 838 hoe
707 807 830 837 videtur
851 816 917 837 esse
942 806 1083 842 tributus,
1102 811 1136 835 ut
1150 805 1286 836 habitum
1304 806 1334 836 in
1351 807 1438 837 nobis
1453 807 1688 839 immoderatum

228 864 386 905 gratiaque
408 868 561 894 carentem
585 861 742 902 aptissime
760 865 977 901 temperemus,
1024 858 1184 889 Hactenus
1198 869 1293 900 opera
1307 861 1427 897 mentis,
1450 862 1560 902 paucis
1575 872 1688 903 excep-

225 918 275 954 tis,
295 918 505 949 tractavimus.
529 921 653 957 oportet
674 919 778 945 autem
789 915 828 945 de
845 914 891 944 his
906 923 1046 955 quoque,
1062 924 1144 954 quae,
1160 916 1326 944 necessitas
1338 915 1468 951 invehit,
1479 916 1594 946 dicere.
1611 915 1687 957 [48]

228 971 335 1004 mundi
352 972 433 1002 enim
458 970 550 1011 hujus
573 969 731 1010 generatio
746 979 782 999 ex
810 967 1008 998 necessitatis
1027 967 1200 1008 mentisque
1224 973 1304 998 coetu
1330 969 1428 999 mixta.
1449 974 1508 1000 est.
1531 979 1602 1000 nam
1618 979 1688 1000 cum

227 1037 315 1057 mens
348 1024 524 1056 necessitati
540 1023 760 1059 dominaretur,
770 1027 934 1065 propterea
950 1022 1034 1064 quod
1050 1021 1268 1063 persuadendo
1284 1032 1350 1053 earn
1367 1024 1405 1054 ad
1423 1022 1557 1064 optimos
1572 1028 1608 1053 ut
1620 1022 1691 1064 plu·

226 1080 338 1112 rimum
349 1090 448 1110 rerum
466 1083 595 1109 eventus
612 1078 786 1118 induceret,
798 1077 929 1118 ipsaque
943 1077 1002 1107 hac
1018 1076 1136 1106 ratione
1152 1077 1265 1107 cedens
1279 1076 1411 1118 sapienti
1429 1077 1620 1118 persuasioni
1634 1088 1689 1119 pa-

226 1139 319 1174 reret,
330 1131 537 1173 mundihujus
548 1131 672 1162 exordia
684 1131 901 1162 constiterunt.
913 1135 1036 1173 oportet
1044 1130 1140 1171 igitur
1151 1121 1234 1166 eum,
1245 1131 1297 1172 qui
1312 1131 1419 1161 mundi
1431 1131 1689 1162 constitutionem

227 1198 298 1218 vere
309 1192 482 1218 narraturus
492 1187 561 1222 erit,
582 1187 718 1218 erraticae
730 1196 855 1228 quoque
866 1195 967 1216 causae
982 1185 1117 1227 speciem
1135 1195 1191 1226 pro
1204 1191 1323 1215 naturae
1337 1184 1435 1226 ipsius
1451 1186 1601 1216 instinctu
1614 1185 1687 1217 mis-

227 1252 308 1272 cere.
332 1241 417 1282 quod
431 1241 476 1271 ita
490 1241 653 1271 commode
668 1241 732 1276 fiet,
750 1241 775 1270 si
793 1241 900 1271 horum
915 1240 1052 1281 ipsorum
1065 1239 1265 1270 convenienti
1279 1239 1433 1281 principio
1444 1245 1580 1282 sumpto,
1593 1239 1636 1271 sic
1649 1239 1690 1271 de

228 1297 286 1332 his,
303 1295 564 1338 quemadmodum
581 1296 620 1326 de
636 1295 854 1336 superioribus,
871 1295 909 1325 ab
924 1294 992 1336 ipsa
1008 1305 1108 1324 rursus
1121 1293 1239 1334 origine
1256 1294 1450 1326 disseramus.
1464 1299 1603 1325 naturam
1616 1305 1690 1336 ergo

227 1356 260 1382 et
272 1350 431 1392 passiones
442 1350 535 1391 ignis,
549 1360 650 1391 aquae,
662 1349 742 1381 aeris
754 1355 847 1391 atque
858 1357 956 1385 terrae,
972 1349 1204 1390 generationem
1215 1348 1284 1379 coeli
1297 1348 1519 1389 praecedentes,
1544 1349 1689 1381 conside·

228 1415 340 1436 remus,
361 1403 466 1435 nullus
476 1404 614 1445 prefecto
626 1405 664 1434 ad
675 1404 735 1434 hoc
745 1414 843 1445 usque
855 1408 978 1444 tempus
987 1413 1091 1434 eorum
1103 1402 1333 1443 generationem
1344 1401 1483 1433 ostendit
1495 1414 1502 1432 ε
1529 1401 1583 1434 sed
1600 1403 1690 1444 quasi

228 1464 337 1489 notum
353 1458 402 1495 sit,
427 1458 502 1500 quid
518 1458 558 1488 sit
573 1458 652 1499 ignis
665 1464 698 1489 et
710 1458 838 1499 reliqua,
854 1459 899 1489 sic
914 1458 954 1488 de
970 1457 1030 1487 illis
1041 1457 1133 1488 verba
1149 1457 1289 1492 facimus,
1321 1467 1422 1498 eaque
1436 1457 1544 1487 mundi
1557 1457 1688 1498 primor-

228 1513 281 1543 dia
297 1512 524 1549 constituimus,
546 1523 615 1543 cum
630 1523 688 1543 nec
704 1512 892 1554 syllabarum
909 1511 1045 1553 quidem,
1064 1512 1177 1542 nedum
1193 1511 1431 1548 elementorum,
1463 1510 1564 1541 vicem
1581 1515 1690 1542 tenere

229 1567 313 1608 apud
342 1566 481 1597 homines
509 1567 620 1597 mentis
637 1577 762 1608 quoquo
781 1567 871 1598 modo
887 1572 1048 1608 compotes
1066 1565 1213 1596 debeant.
1247 1575 1302 1596 nos
1317 1576 1391 1596 vero
1406 1564 1440 1595 in
1456 1565 1600 1606 praesenti
1613 1565 1689 1595 nihil

229 1621 269 1651 de
296 1620 451 1662 principio
466 1620 689 1657 universorum,
709 1621 773 1652 sive
788 1621 964 1663 principiis,
982 1620 1045 1651 sive
1062 1619 1344 1661 quomodocunque
1357 1619 1445 1650 aliter
1457 1619 1490 1650 id
1503 1619 1690 1661 appelletur,

227 1675 396 1705 dicendum
411 1681 566 1715 putamus.
598 1675 649 1706 cui
662 1675 789 1716 quidem
806 1674 1011 1716 disputationi
1024 1674 1100 1704 nihil
1118 1674 1203 1704 aliud
1219 1673 1444 1715 impedimento
1457 1678 1515 1709 est,
1530 1672 1590 1703 nisi
1605 1673 1689 1714 quod

228 1728 353 1760 difficile
369 1729 409 1759 sit
424 1729 568 1770 praesenti
580 1729 762 1770 disputandi
774 1730 880 1766 modo,
898 1739 967 1771 quse
984 1730 1023 1759 de
1039 1729 1088 1759 his
1105 1728 1258 1763 videntur,
1281 1728 1461 1769 exprimere.
1485 1737 1587 1768 neque
1597 1727 1692 1768 igitur

228 1793 281 1814 vos
294 1782 326 1812 id
335 1781 565 1824 exspectabitis,
578 1794 680 1824 neque
697 1794 755 1824 ego
767 1785 842 1813 mihi
856 1783 1047 1824 persuadebo
1062 1788 1143 1813 recte
1157 1793 1205 1812 me
1221 1788 1341 1812 tantum
1358 1792 1438 1823 opus
1449 1781 1574 1823 aggredi
1586 1791 1690 1823 posse.

227 1837 313 1878 qnod
333 1842 435 1867 autern
449 1838 488 1867 ab
501 1838 590 1868 initio
606 1837 681 1872 dixi,
695 1837 972 1867 verisimilitudinis
988 1836 1047 1866 vim
1063 1836 1262 1871 servabimus,
1286 1835 1541 1877 studebimusque
1563 1836 1597 1866 in
1617 1835 1690 1866 rati-

228 1891 339 1922 onibus
352 1891 565 1920 verisimilibus
577 1891 657 1921 circa
668 1891 734 1921 haec
744 1890 937 1930 assignandis
952 1890 1029 1920 nulli
1046 1891 1156 1920 cedere
1171 1901 1178 1919 ε
1207 1895 1301 1931 atque
1310 1888 1353 1919 ita
1369 1888 1493 1930 singula
1505 1894 1538 1919 et
1547 1890 1690 1920 universa

227 1955 246 1976 a
262 1945 415 1986 principio
430 1954 632 1985 exponemus.
656 1945 748 1975 deum
765 1945 856 1986 igitur
867 1944 960 1975 etiam
976 1955 1071 1979 nunc,
1087 1943 1309 1984 disputationis
1323 1948 1516 1979 servatorem,
1533 1942 1565 1973 in
1582 1943 1688 1984 primis

227 2009 358 2035 oremuS,
373 2004 408 2030 ut
423 2009 479 2030 nos
494 2009 532 2029 ex
548 1999 720 2029 admirabili
737 2004 769 2029 et
785 1999 907 2029 insolita
921 1999 1118 2040 expositione
1132 1998 1172 2028 ad
1189 1997 1385 2028 verisimilem
1401 1997 1571 2028 doctrinam
1583 1997 1688 2028 tradu-

228 2059 280 2084 cat
296 2065 301 2082 :
328 2058 421 2094 atque
432 2053 474 2083 ita
486 2053 620 2084 instituti
633 2052 877 2094 disputationem
894 2052 1097 2083 exordiamur.
1121 2053 1174 2083 sed
1198 2052 1278 2082 hanc
1290 2052 1330 2082 de
1346 2051 1489 2082 universo
1501 2050 1688 2093 disputatio-

226 2117 298 2137 nem
315 2107 353 2137 ab
368 2107 509 2148 ampliori
521 2107 686 2142 divisione,
713 2117 804 2147 quam
818 2117 922 2147 supra,
949 2107 1110 2137 ducamus.
1146 2111 1220 2136 tunc
1236 2105 1318 2135 enim
1335 2105 1411 2135 duas
1424 2105 1454 2134 in
1472 2104 1592 2146 species
1606 2104 1690 2136 facta

227 2160 338 2191 divisio
362 2166 410 2192 est
425 2173 434 2200 ;
456 2171 539 2192 nunc
564 2161 684 2192 tertium
702 2171 798 2201 genus
813 2161 1003 2191 addendum.
1043 2161 1105 2190 duo
1122 2160 1247 2190 enimin
1264 2158 1472 2200 superioribus
1483 2157 1688 2195 sufficiebant,

227 2224 323 2244 unum
334 2214 459 2255 quidem
471 2213 653 2254 exemplaris
664 2213 743 2248 loco,
754 2223 874 2254 semper
888 2213 967 2243 idem
984 2213 1111 2254 solaque
1123 2213 1331 2253 intelligentia
1341 2211 1665 2253 comprehendendum
1679 2222 1686 2240 ι

229 2267 305 2309 [49]
332 2268 460 2299 alterum
486 2268 679 2298 simulacrum
704 2267 743 2297 ab
769 2268 829 2298 hoc
846 2267 1013 2308 exemplari
1029 2268 1210 2303 deductum,
1228 2265 1419 2307 generationi
1436 2265 1598 2306 oculisque
1612 2265 1688 2296 sub-

223 2321 356 2363 jectum.
378 2333 448 2353 cum
463 2331 533 2352 vero
546 2322 608 2352 duo
631 2322 698 2352 ltaec
715 2321 853 2352 sufficere
871 2327 1064 2362 putaremus,
1084 2321 1204 2351 tertium
1218 2332 1281 2350 non
1298 2319 1511 2362 adjunximus.
1535 2329 1619 2350 nunc
1630 2329 1686 2350 au-

228 2381 290 2406 tem
307 2386 416 2417 cogere
431 2386 486 2405 nos
505 2375 582 2406 ratio
608 2375 741 2411 videtur,
771 2380 805 2405 ut
817 2374 972 2405 difficilem
988 2380 1019 2405 ct
1031 2374 1190 2405 obscuram
1212 2374 1345 2416 speciem
1361 2373 1516 2405 declarare
1529 2383 1687 2404 conemur.

228 2440 320 2471 quam
335 2430 426 2471 igitur
441 2430 513 2465 vim,
526 2439 658 2470 quamve
675 2434 812 2459 naturam
829 2429 941 2459 habere
953 2428 1126 2469 putandum
1142 2429 1152 2458 ?
1177 2430 1256 2459 hanc
1273 2429 1389 2470 utique,
1403 2427 1612 2470 generationis
1627 2427 1687 2458 ho·

228 2495 295 2514 rum
307 2484 445 2516 omnium
458 2483 686 2524 receptaculum
702 2488 732 2513 et
743 2482 832 2524 quasi
846 2483 997 2513 nutricem
1011 2493 1080 2513 esse
1090 2506 1097 2513 .
1118 2482 1203 2524 quod
1215 2482 1357 2523 quamvis
1370 2493 1438 2513 vere
1453 2481 1585 2518 dicatur,
1608 2491 1686 2522 pau·

228 2539 259 2569 lo
276 2546 378 2570 tamen
393 2538 531 2579 apertius
543 2544 590 2568 est
602 2537 781 2568 dicendum.
816 2538 945 2568 arduum
962 2536 995 2567 id
1009 2537 1146 2577 quidem,
1164 2548 1200 2568 eo
1218 2537 1360 2572 maxime,
1373 2536 1458 2577 quod
1473 2535 1514 2567 ad
1536 2534 1628 2575 hujus
1640 2535 1684 2567 rei

228 2592 522 2623 demonstrationem
532 2591 670 2622 dubitare
684 2591 767 2632 prius
778 2601 904 2622 necesse
921 2598 967 2622 est
982 2597 1014 2621 et
1030 2592 1182 2632 inquirere
1198 2592 1238 2622 de
1253 2591 1318 2632 igni
1333 2595 1366 2622 et
1380 2589 1517 2631 reliquiS,
1534 2599 1604 2630 quae
1619 2588 1684 2619 ele·-

227 2651 332 2677 menta
353 2651 511 2681 vocantur,
537 2646 611 2687 quid
633 2647 759 2676 istorum
782 2656 892 2687 aquam
921 2646 1024 2687 potius
1039 2657 1130 2687 quam
1149 2647 1266 2687 ignem,
1282 2650 1336 2676 aut
1352 2645 1456 2677 aerem
1470 2643 1573 2685 potius
1588 2653 1684 2684 quam

228 2706 349 2736 tertam,
374 2706 428 2731 aut
442 2708 558 2731 certum
575 2699 692 2742 aliquid
710 2711 803 2731 unum
818 2700 917 2742 magis
931 2711 1022 2742 quam
1036 2706 1149 2731 cuncta
1167 2710 1274 2731 vocare
1291 2703 1441 2740 oporteat.
1465 2697 1592 2728 difficile
1607 2707 1684 2728 sane

229 2759 345 2786 certum
362 2753 480 2795 aliquid
497 2759 528 2784 et
541 2754 659 2784 firmum
675 2753 713 2785 de
727 2754 793 2784 istis
810 2764 955 2785 asserere.
987 2765 1124 2795 quonam
1137 2754 1230 2795 igitur
1243 2758 1349 2795 pacto,
1365 2758 1398 2784 et
1409 2761 1470 2793 qua
1483 2751 1628 2782 ratione?
1651 2756 1685 2781 et

229 2808 305 2849 quid
320 2807 476 2849 probabile
491 2808 521 2837 in
538 2808 714 2848 hujusmodi
731 2808 931 2849 inquisitione
948 2808 1087 2839 dicemus
1101 2810 1111 2838 ?
1137 2807 1290 2849 principio
1304 2807 1335 2836 id
1349 2815 1470 2847 corpus,
1486 2805 1571 2846 quod
1586 2803 1682 2835 modo

230 2871 342 2903 aquam
357 2861 592 2895 nominavimus,
610 2860 734 2901 quando
751 2861 781 2892 in
800 2861 929 2892 solidam
945 2862 1114 2893 concrescit
1132 2861 1299 2895 materiam,
1323 2859 1401 2901 lapis
1415 2864 1448 2890 et
1463 2864 1542 2890 terra
1557 2857 1623 2889 fieri
1637 2857 1682 2888 vi-

229 2916 318 2946 detur
336 2927 341 2944 :
367 2914 491 2956 quando
509 2925 580 2945 vero
607 2916 751 2956 liquescit
776 2921 806 2947 ct
823 2916 946 2952 diffluit,
963 2916 1086 2957 spiritus
1102 2921 1196 2957 atque
1210 2914 1274 2946 a'er.
1297 2914 1372 2945 item
1383 2912 1439 2946 ae'r
1453 2917 1579 2944 exustus
1600 2910 1680 2953 ignis
