1840 3225
271 260 345 298 142
872 253 1140 292 PLATONIS
1637 254 1731 305 [437

268 364 376 396 eadem
403 366 475 392 sunt
497 358 630 389 invicem
662 356 709 387 vel
741 357 874 390 diversa.
919 357 1036 389 Gmu.
1060 358 1206 394 Quonam
1238 358 1355 398 pacto?
1401 357 1456 389 So.
1481 356 1614 388 Constat
1641 357 1735 398 plane

267 418 350 448 idem
367 414 519 446 contraria
533 413 634 443 facere
651 421 704 441 sen
723 411 786 452 pati
803 411 975 442 secundum
999 411 1080 440 idem
1097 416 1128 441 et
1144 411 1182 441 ad
1197 411 1280 441 idem
1306 410 1395 441 simul
1413 421 1476 440 non
1501 421 1605 451 posse.
1626 421 1736 453 quam-

269 472 374 501 obrem
392 468 415 499 si
433 467 558 510 quando
574 465 760 507 reperiemus
778 465 807 495 in
825 465 898 505 ipsis
915 466 982 495 haec
999 465 1074 500 sieri,
1089 465 1297 504 intelligemus
1310 475 1371 495 non
1390 465 1578 495 unumidem
1591 465 1659 496 baec
1671 475 1738 495 esse

270 525 324 555 sed
339 523 439 564 plura.
485 520 598 552 GLAu.
622 519 711 551 Esto.
753 519 809 549 So.
833 519 1164 559 Animadverte‚quod
1179 519 1262 550 dico.
1309 518 1423 550 GLAu.
1449 518 1526 550 Dic.
1570 518 1626 549 So.
1649 518 1737 549 Stare

269 577 359 609 simul
387 581 480 617 atque
497 574 610 605 moveri
626 572 708 604 idern
725 573 896 604 secundum
923 573 1005 603 idem
1022 572 1163 614 nunquid
1194 573 1324 613 potest?
1369 572 1484 604 Guu.
1507 571 1606 602 Nullo
1629 573 1736 604 modo.

269 631 327 661 So.
350 630 504 660 Praeterea
520 628 586 658 lraec
602 626 783 667 diligentius
799 626 1030 663 confirmemus,
1046 636 1085 656 ne
1108 636 1169 666 qua
1188 626 1430 666 procedentibus
1446 625 1535 656 nobis
1549 625 1736 666 ambiguitas

269 684 348 714 forte
363 682 546 714 suboriatur.
569 681 593 711 si
617 680 685 722 quis
701 679 783 710 enim
810 679 924 710 dixerit
950 679 1108 709 hominem
1136 685 1268 710 stantem
1295 680 1435 720 quidem,
1460 684 1636 710 moventem
1664 690 1735 710 vero

269 748 379 769 manus
394 742 426 767 et
440 740 547 776 caput,
574 734 707 765 eundem
735 739 814 763 stare
842 733 930 763 simul
957 739 1050 774 atque
1066 733 1204 763 moveri:
1229 734 1469 774 haudquaquam
1497 732 1542 763 ita
1564 732 1733 764 dicendum

269 791 478 830 censebimus,
493 789 548 820 sed
572 793 688 830 partem
713 787 840 828 quidem
867 787 935 828 ejus
962 797 1098 827 manere,
1121 793 1239 828 partem
1267 798 1336 817 vero
1363 787 1490 818 moveri.
1515 797 1553 817 an
1578 797 1640 817 non
1666 786 1737 818 ita?

270 846 386 877 Gmu.
410 844 460 875 Ita
475 853 608 884 prorsus.
653 842 708 872 So.
732 841 825 878 Quod
850 841 875 871 si
891 841 1088 871 artificiosius
1111 846 1143 871 et
1157 842 1296 881 argutius
1313 841 1369 871 iste
1385 840 1503 880 luserit,
1518 851 1655 871 asserens
1671 846 1735 871 tur—

269 900 373 930 binem
391 898 593 938 trochumque
610 900 708 925 totum
734 894 846 926 moveri
864 893 952 925 simul
969 900 1002 925 et
1024 900 1114 931 stare,
1130 896 1258 935 quando
1283 895 1313 924 in
1329 894 1439 925 eodem
1461 900 1579 934 puncto
1593 900 1733 926 centrum

268 953 473 992 aculeuuique
488 951 585 991 figens
601 949 786 988 revolvitur3
811 948 858 979 vel
875 949 958 980 aliud
983 950 1148 990 quicquam
1173 949 1280 979 dicens
1303 949 1386 979 idem
1410 958 1513 988 agere,
1537 959 1607 978 cum
1631 949 1734 979 eidem

269 1007 393 1038 affixum
409 1005 528 1036 cardini
550 1003 780 1034 circumfertur:
807 1012 1004 1043 nequaquam
1031 1002 1245 1038 assentiemur,
1269 1002 1342 1042 quia
1358 1012 1420 1032 non
1437 1002 1608 1032 secundnm
1623 1003 1732 1034 eadem

270 1062 316 1092 sui
334 1062 400 1090 luec
417 1064 491 1089 tunc
514 1063 696 1087 moveantur
711 1061 743 1085 et
771 1059 926 1085 maneant.
950 1055 1119 1086 dicendum
1147 1055 1265 1096 quippe
1291 1056 1404 1086 habere
1428 1055 1496 1097 ipsa
1518 1061 1633 1086 rectum
1649 1057 1683 1087 in
1700 1067 1733 1087 se

269 1120 360 1155 atque
377 1112 556 1148 rotundum,
572 1116 605 1141 ct
619 1110 789 1140 secundum
813 1115 930 1140 rectum
946 1109 1074 1150 quidem
1098 1115 1190 1150 stare,
1206 1120 1275 1140 cum
1292 1109 1378 1140 nulla
1394 1120 1430 1140 ex
1446 1115 1535 1151 parte
1550 1110 1710 1141 declinent
1724 1121 1733 1148 ;

268 1168 440 1199 secundum
465 1176 536 1196 vero
562 1164 728 1194 rotundum
756 1163 1001 1194 circummoveri.
1024 1163 1169 1204 quotiens
1192 1168 1307 1199 autem,
1324 1163 1397 1193 dum
1414 1163 1490 1205 quid
1507 1163 1684 1203 revolvitur,
1699 1165 1733 1195 in

269 1227 386 1253 rectum
402 1229 527 1261 quoque
543 1215 718 1253 devehitur,
734 1217 798 1246 sive
816 1216 854 1246 ad
872 1217 1027 1246 dexteram
1041 1216 1107 1246 sive
1119 1217 1157 1246 ad
1171 1217 1338 1257 sinistram,
1351 1217 1484 1248 velante
1497 1217 1544 1248 vel
1557 1224 1648 1254 retro,
1659 1223 1733 1250 tunc

267 1285 419 1318 nusquam
438 1277 607 1315 permanet.
653 1270 768 1302 Gmu.
794 1270 894 1301 Recte
910 1271 1089 1301 admodum.
1136 1270 1192 1301 So.
1216 1271 1320 1308 Quare
1337 1271 1422 1301 nulla
1437 1281 1474 1302 ex
1487 1271 1533 1302 his
1543 1271 1733 1312 objectioni-

267 1332 325 1362 bus
348 1339 405 1359 nos
430 1324 632 1369 perturbabit,
655 1323 915 1364 persuadebitque
940 1324 1024 1364 quod
1049 1323 1131 1354 idem
1148 1324 1337 1364 quandoque
1353 1323 1443 1354 simul
1460 1325 1630 1355 secundum
1646 1325 1730 1356 idem

267 1389 363 1425 atque
388 1383 427 1413 ad
452 1381 536 1412 idem
563 1379 659 1420 [437]
684 1378 837 1409 contraria
864 1378 903 1407 sit
931 1378 976 1408 vel
1004 1383 1077 1418 agat
1106 1379 1153 1408 vel
1186 1379 1332 1419 patiatur.
1377 1378 1494 1409 GLAU.
1515 1378 1573 1409 Me
1602 1379 1728 1419 quidem

266 1438 394 1469 minime
409 1436 467 1466 ista
491 1434 670 1465 movebunt.
717 1431 833 1462 Graiu.
855 1431 1066 1462 Veruntamen
1092 1426 1130 1463 rie
1144 1433 1176 1462 in
1202 1432 1269 1462 istis
1291 1431 1534 1473 objectiunculis
1549 1433 1728 1463 enarrandis

265 1490 505 1533 rejiciendisque
521 1492 628 1528 utpote
643 1485 727 1516 salsis
743 1486 860 1516 diutius
875 1496 1021 1525 cogamur
1043 1486 1198 1521 insistere,
1214 1492 1428 1526 supponentes
1447 1485 1513 1526 jaru
1531 1486 1562 1515 id
1581 1486 1624 1516 ita
1646 1496 1728 1521 esse,

266 1546 396 1576 ulterius
411 1542 654 1585 progrediamur,
680 1540 814 1570 confessi
835 1539 982 1575 invicem,
1007 1540 1031 1570 si
1056 1541 1182 1580 quando
1207 1540 1295 1570 aiiter
1309 1550 1401 1580 quam
1419 1540 1463 1570 sic
1478 1550 1510 1571 se
1527 1541 1639 1571 habere
1662 1540 1729 1572 haec

267 1604 700 1641 appareant,quaecunqueex
714 1594 761 1624 liis
779 1594 947 1629 ducuntur,
957 1593 1020 1625 sore
1031 1594 1143 1623 soluta.
1169 1595 1285 1625 GLAU.
1310 1594 1362 1624 Sic
1384 1593 1527 1624 nimirum
1543 1593 1646 1624 decet.
1668 1594 1725 1625 So.

267 1654 384 1685 Nonne
400 1652 536 1682 adnuere
552 1654 583 1679 et
600 1658 737 1683 renuere,
754 1647 878 1688 aggredi
897 1653 929 1677 ct
942 1647 1112 1686 declinare,
1129 1648 1300 1678 adsciscere
1316 1654 1347 1678 et
1359 1647 1497 1688 rejicere,
1513 1648 1593 1678 inter
1608 1658 1641 1678 se
1653 1658 1729 1678 con-

267 1706 357 1737 traria
369 1715 478 1746 pones,
490 1703 554 1733 sive
567 1701 768 1732 actiones'seu
786 1700 969 1741 passiones?
993 1700 1068 1731 niliil
1085 1702 1166 1731 enim
1184 1701 1322 1732 interest.
1347 1700 1459 1732 (ἐμω.
1476 1701 1648 1733 Contraria.
1671 1702 1728 1733 So.

267 1760 352 1797 Quid
370 1764 472 1789 autem
490 1757 580 1788 haec?
604 1756 730 1795 esurire,
746 1754 843 1793 sitire,
859 1760 891 1785 et
907 1755 1034 1785 omnino
1050 1766 1176 1796 cupere,
1194 1756 1286 1796 velle,
1311 1755 1423 1797 eligere
1439 1767 1546 1787 nonne
1562 1757 1600 1786 ad
1618 1766 1726 1787 eorum

266 1814 386 1855 species
412 1812 535 1847 referes,
561 1820 630 1852 quae
658 1810 750 1839 modo
775 1809 928 1839 diximus?
953 1808 1049 1839 veluti
1072 1820 1193 1850 semper
1218 1810 1374 1850 cupientis
1399 1810 1534 1840 animam
1558 1820 1664 1840 nonne
1679 1810 1729 1840 vel

266 1866 394 1908 aggredi
420 1865 506 1896 dices
531 1862 622 1899 illud,
649 1863 734 1904 quod
761 1862 904 1903 appetit3
929 1862 976 1893 vel
1005 1863 1190 1899 adsciscere,
1218 1865 1303 1905 quod
1330 1864 1388 1894 sibi
1413 1865 1523 1894 adesse
1548 1863 1656 1903 eligit3
1678 1863 1729 1894 vel

266 1928 421 1963 quatenus
433 1919 503 1949 vult
528 1917 646 1958 aliquid
664 1917 720 1947 sibi
739 1916 865 1957 porrigi,
888 1917 1024 1947 adnuere
1050 1923 1082 1948 et
1108 1917 1184 1947 illud
1214 1918 1252 1947 ad
1280 1929 1312 1948 se
1335 1918 1465 1954 trahere,
1489 1916 1621 1947 ama-ntis
1644 1928 1727 1948 more

266 1974 496 2016 generationem
511 1971 610 2012 ipsius
623 1970 843 2000 affectantem?
892 1969 1006 2001 GLAu.
1033 1970 1198 2011 Equidem.
1243 1971 1298 2002 So.
1322 1972 1407 2008 Quid
1422 1982 1504 2008 vero,
1515 1970 1612 2008 nolle,
1624 1981 1729 2012 asper-

265 2029 343 2065 nari,
361 2026 529 2068 negligere,
546 2035 608 2055 non
624 2034 749 2064 cupere,
766 2034 870 2054 nonne
895 2023 925 2053 iu
944 2023 1104 2065 rejiciendi
1122 2025 1354 2066 repellendique
1377 2026 1513 2066 speciem
1531 2031 1563 2056 et
1577 2025 1608 2055 in
1622 2025 1727 2056 omnia

264 2081 326 2112 illis
342 2079 494 2112 contraria
510 2079 674 2109 reseremus
689 2077 700 2107 ἓ
745 2076 860 2107 (Ξωιυ.
885 2077 1028 2113 Quidni?
1073 2079 1128 2109 So.
1153 2079 1232 2110 Cum
1245 2080 1310 2110 haec
1323 2079 1364 2109 ita
1380 2090 1412 2110 se
1429 2079 1576 2120 habeant,
1590 2079 1726 2119 speciem

265 2135 400 2176 aliquam
417 2133 623 2175 cupiditatum
639 2142 705 2162 esse
721 2131 873 2167 dicemus,
889 2137 921 2161 ct
937 2132 1200 2163 manifestissimas
1215 2133 1352 2163 omnium
1367 2133 1494 2163 aliarum
1506 2132 1728 2174 cupiditatum,

263 2190 346 2220 sitim
361 2193 393 2220 et
408 2187 544 2218 samem?
591 2185 706 2216 Graiu.
730 2185 882 2215 Dicemus
899 2185 1017 2226 utique.
1061 2186 1117 2217 So.
1142 2186 1182 2216 Et
1197 2188 1276 2217 lianc
1291 2187 1417 2227 quidem
1430 2193 1533 2227 potus,
1545 2186 1627 2216 illam
1640 2186 1726 2217 cibi?

261 2242 379 2274 GLAu.
401 2241 450 2272 Ita
465 2245 524 2271 est.
568 2239 625 2270 So.
648 2238 814 2279 Nunquid,
830 2239 862 2269 iu
879 2245 1028 2280 quantum
1047 2239 1115 2270 sitis
1130 2245 1188 2276 est,
1201 2240 1334 2281 alicujus
1347 2245 1497 2281 praeterea
1509 2240 1666 2281 cupiditas
1677 2246 1726 2271 est

263 2295 388 2326 alterius
416 2304 508 2336 quam
538 2292 628 2334 cujus
655 2303 711 2322 nos
738 2292 881 2329 dicimus,
907 2298 999 2333 potus
1022 2293 1141 2324 scilicet
1167 2299 1199 2324 et
1228 2293 1316 2324 sitis?
1362 2293 1477 2326 Grau.
1512 2293 1617 2334 Hujus
1642 2295 1724 2324 dun-

263 2354 348 2380 taxat
378 2349 455 2379 sitis.
500 2347 556 2378 So.
580 2346 732 2387 Nunquid
757 2338 866 2376 calidae
883 2347 1020 2387 potionis
1037 2347 1083 2378 vel
1102 2347 1233 2388 frigidae,
1250 2347 1298 2378 vel
1320 2347 1425 2378 multae
1441 2347 1488 2377 vel
1515 2348 1646 2388 paucae?
1668 2348 1718 2378 vel

262 2409 294 2434 et
327 2403 359 2433 in
387 2412 487 2443 pauco
517 2401 617 2442 qualis
642 2400 804 2441 cujusdam
831 2400 960 2441 poculi?
984 2401 1031 2431 vel
1059 2401 1176 2441 potius,
1201 2401 1225 2431 si
1252 2401 1342 2432 calor.
1360 2401 1476 2432 sitienti
1497 2401 1591 2438 inest,
1615 2401 1720 2443 frigidi

262 2456 436 2498 appetitum
466 2454 609 2486 inducit:
634 2454 681 2484 sin
710 2459 814 2485 autem
849 2455 956 2495 frigus,
987 2455 1105 2485 calidi?
1129 2462 1160 2485 et
1190 2455 1215 2485 si
1243 2461 1367 2496 propter
1393 2455 1589 2496 praesentiam
1615 2455 1721 2486 multi-

263 2510 380 2540 tudinis
407 2509 506 2540 multa
531 2508 573 2539 sit
597 2508 674 2544 sitis,
691 2508 780 2538 multi
806 2508 985 2538 aviditatem
1010 2509 1122 2539 insert:
1148 2508 1195 2539 siu
1222 2515 1325 2540 autem
1352 2519 1464 2550 pauca,
1482 2509 1595 2550 pauci?
1618 2509 1720 2550 ipsum

262 2573 334 2594 vero
351 2563 434 2593 sitire
451 2572 609 2603 nunquam
625 2561 759 2603 alicujus
774 2562 901 2592 alterius
915 2562 1069 2603 appetitio
1085 2568 1142 2598 est,
1159 2573 1250 2603 quam
1277 2562 1369 2603 cujus
1393 2569 1503 2604 suapte
1527 2568 1637 2593 natura
1661 2568 1721 2600 est,

261 2616 359 2657 ipsius
373 2615 520 2646 videlicet
537 2617 673 2656 potionis
695 2628 702 2646 :
723 2626 886 2656 rursusque
900 2615 1068 2647 famescere
1084 2616 1309 2647 comestionis?
1355 2616 1470 2647 GLAu.
1493 2615 1542 2646 Ita
1557 2621 1640 2647 certe
1655 2617 1726 2658 ipsa

261 2669 417 2711 cupiditas
432 2679 563 2710 quaeque
577 2670 677 2711 ipsius
692 2669 844 2711 cujusque
859 2674 905 2700 est
920 2670 1032 2706 solum,
1048 2670 1138 2711 cujus
1152 2670 1220 2711 ipsa
1234 2676 1342 2700 natura
1356 2674 1426 2707 est5
1451 2669 1521 2700 talis
1547 2674 1650 2701 autem
1674 2676 1722 2706 vel

261 2723 331 2753 talis
352 2722 513 2763 cujusdam
539 2729 665 2764 propter
690 2724 903 2754 additamenta
931 2724 1075 2765 quaedam
1099 2724 1224 2755 dicitur.
1250 2723 1347 2765 [438]
1385 2722 1440 2754 So.
1464 2721 1647 2754 Cavendum
1675 2729 1723 2755 est

263 2782 379 2813 autem,
409 2786 448 2807 ne
477 2777 546 2816 quis
576 2787 632 2806 nos
661 2777 852 2818 improvidos
882 2778 995 2814 turbet,
1026 2778 1160 2808 inserens
1186 2777 1342 2808 neminem
1371 2782 1480 2817 potum
1509 2785 1636 2817 cupere,
1666 2777 1720 2808 sed

264 2836 371 2872 potum
399 2830 538 2860 bonum:
575 2831 621 2860 vel
649 2830 766 2866 cibum,
796 2831 850 2862 sed
878 2832 994 2862 bonum
1021 2832 1149 2869 cibum;
1183 2841 1296 2872 nempe
1323 2831 1403 2861 bona
1429 2839 1536 2860 omnes
1557 2835 1721 2870 expetunt.

263 2894 357 2926 quare
385 2883 409 2914 si
441 2883 508 2914 sitis
537 2883 690 2924 appetitio
721 2891 780 2921 est,
808 2884 882 2915 boni
907 2890 965 2920 cst,
995 2885 1059 2916 sive
1091 2885 1226 2925 potionis
1263 2895 1316 2914 seu
1344 2882 1481 2924 cujusvis
1510 2882 1636 2913 alterius
1673 2888 1721 2913 est

263 2937 418 2976 aviditas,
440 2936 639 2977 similiterque
664 2938 703 2969 de
731 2939 850 2970 ceteris.
896 2939 1011 2970 (suu.
1037 2938 1126 2970 Furte
1156 2938 1298 2969 nonnihil
1323 2936 1443 2969 efficere
1468 2936 1642 2975 videbitu15
1665 2936 1719 2977 qui
