1840 3225
176 251 272 304 340]
725 250 988 290 EPISTOLA
1018 249 1111 290 Vll.
1561 248 1641 288 487

170 353 291 396 justum
319 359 368 385 est
393 358 500 386 autem
520 363 570 385 me
595 363 704 386 verum
719 355 819 391 fateri,
836 354 982 396 ferreque
1000 364 1092 395 aequo
1106 354 1221 390 animo,
1238 354 1265 384 si
1280 353 1351 395 quis
1366 363 1435 396 quae
1451 352 1645 395 contigerint

174 408 308 439 audiens
326 419 427 440 meam
442 410 567 450 quidem
584 414 712 451 spernat
727 409 971 451 philosophiam,
987 414 1154 450 tyrannum
1173 419 1245 439 vero
1262 414 1400 439 mentem
1415 413 1505 450 putet
1515 408 1647 438 habere.

173 462 261 492 misit
290 463 374 493 enim
400 464 574 506 Dionysius
601 464 693 494 tertio
717 463 758 494 ad
780 473 830 494 me
851 463 1022 498 triremem,
1050 472 1110 503 qua
1140 462 1232 492 facile
1258 462 1467 503 navigarem:
1498 461 1584 492 misit
1612 464 1646 490 et

175 514 416 553 Archidamum,
433 529 524 558 quem
541 529 578 547 ex
595 518 740 548 omnibus
757 517 906 558 Archytae
931 517 965 547 in
987 516 1098 548 Sicilia
1112 516 1318 547 familiaribus
1336 516 1461 557 plurimi
1478 527 1495 546 a
1510 526 1560 545 me
1577 514 1646 545 fieri

175 570 394 602 existimabat:
421 576 517 612 atque
535 582 596 602 nna
610 573 689 602 alios
705 582 745 603 ex
760 571 870 603 Sicilia
885 571 1016 602 nobiles.
1040 581 1149 601 omnes
1174 570 1286 601 iisdem
1301 570 1379 600 mihi
1396 569 1497 599 verbis
1511 570 1643 599 affirma-

173 630 248 654 runt
265 624 452 667 Dionysium
467 627 578 656 mirum
595 627 627 656 in
643 626 774 656 modum
787 626 996 667 philosophiae
1014 615 1161 655 deditum
1186 635 1267 655 esse.
1290 624 1377 654 misit
1404 624 1471 664 ipse
1494 628 1646 664 praeterea

172 681 381 717 pergrandem
397 680 564 720 epistolam
580 692 586 709 :
613 691 683 711 cum
698 681 804 716 sciret,
828 679 1094 720 quemadmodum
1109 686 1141 709 et
1156 679 1224 719 ipse
1241 688 1317 719 erga
1340 678 1476 708 Dionem
1494 676 1646 712 afficerer,

176 739 208 761 et
234 731 349 763 Dionis
373 734 581 774 cupiditatem
610 734 640 764 id
670 745 794 774 prorsus
821 740 981 774 expetere,
1009 738 1045 763 ut
1071 734 1243 773 Syracusas
1257 743 1307 762 me
1323 731 1505 762 conferrem.
1528 729 1568 760 ad
1580 731 1647 761 haec

173 785 269 826 igitur
280 788 387 817 omnia
399 789 573 829 composita
584 789 720 828 epistola
730 789 845 821 fuerat,
859 788 916 817 tali
932 787 1067 827 quodam
1080 785 1209 816 exordio
1224 797 1230 815 :
1256 786 1456 816 DIONYsrus
1474 785 1650 815 Pimom.

176 839 319 881 legitima
334 847 365 871 et
380 847 530 872 consueta
544 842 666 872 ratione
684 841 715 871 in
733 841 778 871 his
795 840 955 882 praefatus,
982 840 1078 871 Nihil
1104 840 1250 880 deinceps
1261 839 1363 881 prius,
1381 839 1434 875 ait,
1452 849 1545 880 quam
1565 839 1648 880 quod

175 895 210 926 in
231 894 377 927 Siciliam
403 906 460 937 pro
488 900 596 928 nostra
622 897 789 928 voluntate
804 895 938 926 veneris.
983 895 1132 926 Primum
1145 894 1269 935 quidem
1284 895 1322 925 de
1336 894 1443 925 Dione
1457 893 1503 925 ita
1520 893 1597 935 fiet,
1611 896 1649 924 ut

175 948 241 989 ipse
257 951 403 982 volueris.
426 951 509 982 voles
523 955 640 987 autem,
658 954 690 981 ut
708 950 861 986 arbitror,
877 951 1057 981 moderata.-
1080 953 1173 990 atque
1187 959 1245 989 ego
1268 949 1444 980 concedam.
1489 949 1538 980 At
1563 958 1649 985 vero,

178 1004 242 1035 nisi
269 1005 402 1041 veneri&
425 1006 507 1036 nihil
533 1004 718 1045 impetrabis
743 1015 860 1041 eorum,
879 1015 948 1045 ‹111oe
961 1014 1018 1045 pro
1034 1004 1141 1036 Dione
1157 1008 1246 1044 optas
1261 1015 1271 1035 .·
1295 1013 1392 1045 neque
1407 1003 1442 1034 in
1456 1003 1548 1034 rebus
1563 1002 1650 1039 aliis.

178 1068 277 1100 neque
303 1059 338 1090 in
364 1059 424 1095 his,
451 1069 521 1100 quae
545 1061 586 1091 ad
614 1069 780 1100 personam
806 1069 897 1090 suam
918 1059 1094 1100 spectantia
1124 1058 1269 1099 inprimis
1293 1058 1495 1090 desideratis.
1515 1058 1583 1088 haec
1606 1057 1651 1088 ita

177 1113 314 1154 sci-Ipsit.
341 1119 446 1144 cetera
473 1124 547 1144 vero
571 1113 696 1155 prolixa
717 1113 822 1144 forent
850 1123 954 1154 neque
982 1113 1058 1143 satis
1082 1119 1259 1154 opportuna
1272 1112 1388 1142 relatu.
1411 1115 1565 1142 venerunt
1579 1110 1650 1141 aliae

177 1176 304 1208 quoque
331 1168 474 1209 epistolae
502 1169 540 1199 ab
566 1169 705 1210 Archyta
720 1168 854 1209 aliisque
869 1167 1060 1204 Tarentinis,
1077 1167 1245 1198 laudantes
1259 1167 1292 1197 in
1309 1166 1468 1209 Dionysio
1483 1165 1650 1207 sapientiae

178 1221 327 1252 studium.
350 1228 506 1264 praeterea
520 1223 570 1253 his
585 1223 756 1259 addebant,
773 1222 832 1253 nisi
846 1222 1069 1264 proficiscerer,
1083 1221 1256 1252 amicitiam
1267 1221 1368 1256 illam,
1381 1231 1476 1262 quam
1487 1220 1566 1261 ipsis
1579 1230 1649 1250 cum

178 1275 337 1319 Dionysio
363 1278 583 1314 confiaveram,
607 1288 711 1318 neque
741 1287 872 1319 parvam
901 1276 1044 1317 quidem,
1068 1282 1220 1318 quantum
1244 1276 1282 1305 ad
1310 1275 1416 1305 civilia
1443 1279 1577 1316 spectat,
1599 1285 1651 1305 me

180 1331 309 1361 omuino
325 1331 492 1362 calumniis
508 1333 732 1374 subjecturum.
757 1342 831 1362 cum
851 1332 945 1372 igitur
961 1341 999 1361 eo
1015 1336 1157 1370 tempore
1174 1329 1217 1360 sic
1232 1329 1410 1365 accersirer,
1427 1329 1499 1359 aliis
1522 1327 1653 1370 quidem

178 1394 215 1414 ex
231 1385 340 1415 Sicilia
355 1391 450 1426 atque
466 1386 563 1416 Italia
577 1398 627 1417 me
642 1386 856 1422 trahentibus,
872 1385 942 1415 aliis
954 1394 1030 1415 vero
1046 1384 1193 1425 precibus
1210 1383 1349 1414 Athenis
1365 1384 1453 1424 quasi
1468 1393 1519 1414 me
1535 1384 1577 1414 im
1584 1383 1653 1424 pel-

178 1439 331 1475 lentibus,
353 1441 498 1480 ratioque
524 1440 604 1470 mihi
631 1440 764 1470 dictaret
786 1450 850 1469 non
875 1439 990 1470 decere
1018 1438 1159 1469 Dionem
1185 1437 1436 1479 Tarentinosque
1464 1438 1605 1478 hospites
1621 1442 1655 1468 et

180 1492 300 1523 amicos
328 1493 461 1534 prodere
476 1505 482 1524 :
507 1499 603 1535 atque
623 1494 703 1525 mihi
727 1494 789 1535 ipsi
814 1497 1011 1524 succurreret
1033 1503 1098 1523 non
1115 1503 1182 1523 esse
1199 1493 1327 1529 mirum,
1344 1493 1369 1522 si
1385 1493 1455 1533 quis
1467 1492 1655 1533 ingeniosus

175 1546 317 1588 juvenis,
351 1559 423 1579 cum
448 1549 536 1589 prius
557 1559 718 1580 sermones
740 1548 779 1579 de
806 1549 899 1579 rebus
925 1548 1047 1589 magnis
1074 1547 1183 1578 audire
1207 1547 1355 1584 noluerit,
1385 1552 1508 1578 mutata
1535 1546 1653 1577 deinde

180 1602 339 1633 sententia
362 1602 472 1634 ardore
497 1602 632 1645 quodam
660 1604 732 1633 vitae
756 1603 886 1644 optimae
911 1602 1122 1633 accendatur:
1148 1606 1358 1643 oportereqne
1373 1602 1474 1643 ipsum
1492 1601 1656 1632 evidenter

179 1665 324 1696 arguere,
340 1662 444 1688 utram
459 1657 491 1688 in
507 1663 630 1698 partem
646 1657 808 1696 declinet,
831 1668 891 1688 nec
917 1656 1022 1698 ipsum
1039 1657 1183 1697 prodere,
1199 1666 1259 1686 nec
1275 1665 1326 1685 me
1342 1655 1446 1696 ipsum
1462 1665 1590 1686 causam
1607 1655 1655 1685 illi

180 1711 323 1751 praebere
350 1716 446 1742 tantae
472 1712 714 1753 vituperationis
737 1723 813 1748 suae,
841 1712 867 1742 si
893 1710 989 1741 modo
1019 1721 1067 1741 res
1093 1711 1158 1752 ejus
1183 1720 1295 1740 revera
1319 1710 1373 1746 ita,
1397 1714 1433 1740 ut
1458 1709 1567 1745 fertur,
1583 1719 1654 1740 sese

180 1763 319 1795 habeant
331 1776 337 1795 :
365 1765 461 1808 [340]
487 1767 607 1803 harum,
624 1767 765 1808 inquam,
777 1766 930 1797 rationum
942 1765 1118 1807 patrocinio
1130 1769 1290 1806 protectus
1302 1765 1361 1795 iter
1374 1763 1542 1804 ingredior,
1554 1765 1657 1795 multa

182 1818 313 1859 quidem
334 1820 453 1851 timens
481 1822 644 1862 multaque
668 1821 734 1852 fore
761 1821 919 1857 divinans,
946 1831 1008 1851 nec
1028 1826 1115 1851 recte
1129 1820 1274 1860 quidem,
1289 1824 1324 1849 ut
1337 1818 1473 1849 videtur.
1495 1819 1656 1860 profectus

182 1873 320 1914 denique
346 1885 414 1905 sum
438 1875 544 1912 tertio,
572 1877 630 1906 sub
656 1880 824 1907 servatore.
846 1875 881 1906 id
904 1875 989 1906 enim
1015 1885 1123 1905 revera
1139 1878 1328 1905 consecutus
1345 1884 1438 1903 sum:
1462 1883 1537 1903 nam
1552 1883 1657 1903 rursus

181 1926 318 1958 feliciter
333 1939 401 1959 sum
417 1935 568 1960 servatus.
600 1935 695 1971 atque
713 1931 823 1960 horum
840 1935 911 1971 post
928 1929 1031 1959 Deum
1049 1928 1208 1970 Dionysio
1224 1928 1324 1958 liabeo
1339 1927 1483 1968 gratiam,
1496 1926 1657 1967 quoniam,

182 1992 255 2011 cum
273 1983 415 2024 plerique
431 1994 482 2014 me
499 1985 674 2015 interficere
692 1989 858 2026 cuperent,
875 1984 993 2014 restitit
1007 1984 1091 2024 ipse,
1107 1988 1291 2023 partemque
1307 1982 1448 2022 aliquam
1464 1980 1591 2022 pudoris
1608 1981 1657 2012 sui

183 2036 260 2066 meis
286 2036 319 2066 in
344 2039 439 2068 rebus
452 2039 605 2070 exhibuit.
628 2050 702 2070 cum
722 2040 830 2080 itaque.
856 2038 896 2069 ad
912 2049 981 2069 euin
1000 2037 1226 2079 pervenissem,
1243 2047 1345 2077 opcrae
1364 2037 1495 2077 pretium
1511 2036 1658 2077 inprimis

182 2089 248 2121 fore
277 2092 387 2122 censui
414 2093 473 2124 hoe
496 2092 603 2134 ipsum
629 2094 817 2130 examinare,
845 2099 950 2123 utrum
977 2102 1084 2122 revera
1114 2091 1286 2133 Dionysius
1318 2100 1422 2121 amore
1452 2091 1658 2132 philosophiae

184 2154 337 2176 accensus
367 2143 456 2176 velut
483 2147 555 2187 igne
585 2148 754 2188 flagraret3
790 2157 829 2177 an
860 2157 958 2177 vanus
988 2147 1028 2177 de
1059 2157 1097 2176 eo
1130 2156 1233 2176 rumor
1263 2145 1410 2176 Athenas
1440 2155 1537 2186 usque
1565 2145 1660 2176 fuerit

182 2205 384 2241 pervagatus.
407 2206 457 2231 est
483 2201 593 2231 modus
616 2201 747 2243 quidam
771 2202 978 2243 experientiae
1003 2201 1086 2231 circa
1102 2201 1168 2231 haec
1184 2200 1360 2236 sumendae,
1377 2210 1439 2230 non
1453 2199 1661 2240 ingenerosus

183 2253 240 2284 ille
266 2254 410 2297 quidem,
442 2254 500 2286 sed
530 2256 673 2297 tyrannis
699 2267 811 2287 revera
839 2256 1045 2292 conveniens,
1075 2256 1121 2285 his
1149 2255 1321 2297 praecipue,
1346 2255 1398 2294 qui
1423 2254 1577 2294 plurimos
1593 2254 1660 2296 jam

185 2307 376 2340 audiverint.
399 2311 482 2351 quod
501 2311 631 2351 quidem
647 2321 705 2352 ego
722 2311 825 2341 statim
842 2311 972 2341 veniens
987 2310 1131 2351 persensi
1147 2320 1271 2350 prorsus
1297 2308 1454 2351 Dionysio
1481 2308 1662 2349 contigisse.

185 2362 417 2393 ostendendum
445 2369 496 2394 est
519 2365 629 2406 utique
656 2365 732 2405 illis,
761 2376 856 2406 quam
881 2375 993 2406 magna
1010 2375 1057 2395 res
1072 2364 1275 2405 philosophia
1291 2363 1341 2399 sit,
1359 2367 1540 2404 quantoque
1556 2363 1661 2394 studio

188 2423 291 2457 egeat,
317 2424 349 2448 et
371 2417 497 2459 quantis
520 2419 679 2450 laboribus
705 2425 912 2461 comparetur.
937 2419 990 2460 qui
1006 2420 1101 2460 igitur
1114 2419 1180 2449 haee
1197 2417 1362 2452 audiverit,
1378 2417 1404 2448 si
1418 2428 1527 2448 revera
1540 2418 1663 2459 sapien-

185 2472 262 2503 tiam
289 2479 383 2508 amet‚
409 2473 503 2513 eique
526 2481 638 2504 natura
667 2480 820 2514 cognatus
842 2479 936 2515 atque
963 2474 1058 2515 ipsius
1087 2473 1285 2514 possessione
1310 2472 1350 2503 sit
1367 2472 1491 2513 dignus,
1507 2473 1592 2513 quasi
1610 2473 1665 2514 qui

189 2525 315 2555 divinus
340 2525 392 2563 sit,
415 2526 497 2556 viam
513 2526 573 2557 sibi
591 2527 763 2558 mirabilem
781 2539 849 2559 esse
867 2532 956 2569 putat
969 2534 1136 2563 ostensam,
1154 2537 1273 2568 perque
1289 2536 1360 2557 eam
1375 2526 1435 2556 sibi
1450 2527 1534 2556 omni
1550 2532 1666 2557 conatu

187 2579 345 2610 existimat
373 2580 590 2621 gradiendum,
617 2582 771 2623 aliterque
796 2582 926 2612 facienti
952 2580 1126 2611 vivendum
1152 2591 1223 2611 esse
1254 2591 1318 2610 non
1345 2586 1465 2611 censet.
1499 2581 1604 2622 itaque
1630 2591 1664 2610 se

187 2632 290 2674 ipsum
323 2638 418 2673 atque
443 2634 537 2664 etiam
565 2634 660 2676 hujus
685 2636 744 2665 viae
773 2635 885 2667 ducem
911 2635 1085 2676 impensius
1100 2635 1302 2665 cohortatur:
1328 2644 1432 2675 neque
1445 2635 1529 2676 prius
1550 2634 1667 2664 desinit

190 2697 283 2728 quam
299 2687 350 2717 vel
368 2687 462 2718 finem
475 2688 615 2719 omnium
630 2690 727 2720 fuerit
741 2696 930 2721 consecutus
944 2691 994 2719 vel
1011 2690 1123 2719 saltem
1135 2699 1206 2719 eam
1220 2688 1278 2718 sibi
1295 2688 1526 2730 comparaverit
1536 2687 1668 2718 faculta-

188 2747 264 2778 tem,
290 2751 347 2782 per
372 2752 467 2782 quam
492 2743 561 2783 ipse
586 2754 619 2773 se
640 2744 707 2785 jam
723 2745 789 2775 sine
807 2745 888 2775 duce
906 2744 946 2774 ad
961 2744 1127 2774 terminum
1152 2743 1322 2783 perducere
1339 2743 1454 2773 valeat.
1479 2743 1543 2772 haec
1559 2741 1666 2782 igitur,

191 2800 286 2836 atque
303 2795 461 2837 ejusmodi
472 2796 655 2833 rationibus,
672 2797 726 2828 ille
743 2798 954 2833 considerans,
971 2807 1027 2837 per
1044 2798 1221 2826 universam
1237 2796 1346 2832 vitam,
1364 2796 1512 2837 quicquid
1539 2795 1667 2825 omuino

191 2854 274 2890 agat,
289 2854 363 2880 ante
380 2850 487 2880 omnia
503 2856 549 2880 est
563 2851 774 2892 philosophiae
792 2861 916 2891 semper
931 2851 1090 2880 intentus:
1115 2849 1265 2890 victuque
1282 2849 1468 2890 quotidiano
1483 2847 1592 2882 utitur,
1605 2857 1667 2888 quo

192 2903 327 2934 maxime
355 2910 450 2944 queat
476 2905 641 2945 ingenium
665 2911 698 2935 et
724 2905 907 2935 memoriam
924 2909 957 2935 et
975 2904 1132 2945 judicium
1149 2913 1345 2940 conservare,
1358 2913 1424 2933 sese
1436 2900 1571 2932 sobrium
1588 2910 1668 2941 prae-

192 2962 287 2995 stans,
301 2958 552 3001 contrariumque
569 2959 641 2991 huic
659 2959 778 2991 victum
803 2969 930 3000 semper
945 2958 1018 2990 odio
1034 2959 1164 2989 habens.
1189 2963 1221 2989 at
1236 2967 1310 2988 vero
1330 2957 1384 2999 qui
1398 2966 1461 2987 non
1479 2960 1551 2986 sunt
1562 2964 1670 2986 revera
