1840 3225
145 230 222 266 500
675 229 930 269 EPISTOLA
963 230 1074 268 XIII.
1510 229 1606 282 [362

145 333 258 362 bimus.
275 331 326 362 De
346 332 464 373 plantis
481 332 632 373 Leptines
649 333 707 363 tibi
722 334 871 364 narrabit.
887 333 1060 364 Pecuniam
1077 338 1183 363 antem
1199 334 1238 363 ad
1265 332 1394 363 istorum
1406 335 1610 375 emptionem,

144 395 177 416 ει
202 385 350 416 tributum
375 386 535 427 quoddam
558 386 678 418 civitati
702 386 918 428 pendendum,
933 397 952 418 a
973 386 1107 428 Leptine
1124 387 1232 428 accepi
1248 399 1254 416 ι
1280 386 1391 418 dicens
1406 398 1474 428 qua:
1489 387 1566 418 milii
1581 393 1614 418 et

145 439 270 480 utrique
297 445 436 470 nostrum
458 441 678 472 honestissima
700 448 731 472 et
746 441 832 472 dictu
848 451 920 472 vera
933 441 1133 473 videbantur.
1180 441 1322 472 Pecunia
1335 451 1430 483 quam
1444 442 1478 472 in
1498 451 1613 472 navem

148 494 341 523 Leucadiam
356 494 591 536 insumpsimus,
606 495 671 526 fere
686 501 735 526 est
748 496 901 527 minarum
914 496 977 528 xvi.
1000 506 1072 526 eam
1088 496 1181 537 igitur
1204 496 1325 537 accepi,
1340 501 1435 537 atque
1450 506 1489 527 ea
1500 495 1532 526 in
1547 495 1615 526 istis

149 558 216 578 sum
230 558 305 578 usus
321 558 389 588 quae
406 548 447 578 ad
464 559 518 580 vos
533 550 614 580 misi.
637 551 657 582 J
660 561 708 580 am
721 551 761 580 de
776 550 839 581 tuis
852 550 995 592 pecuniis
1006 561 1075 592 qnae
1089 556 1162 580 sunt
1175 550 1322 587 Athenis,
1334 550 1474 591 itemque
1487 549 1526 580 de
1535 549 1616 581 meis

149 602 308 641 quomodo
324 612 357 632 se
370 613 420 632 res
437 603 560 639 habeat,
573 603 646 635 audi
659 616 665 633 ι
690 603 760 645 Ego
774 604 836 634 tuis
847 604 1001 645 pecuniis,
1016 603 1280 645 quemadmodum
1291 604 1365 634 olim
1378 603 1436 634 tibi
1447 603 1525 640 dixi,
1539 609 1618 640 utar,

150 657 307 696 quomodo
327 656 458 687 aliorum
481 658 652 689 amicorum
667 658 882 689 facultatibus.
906 663 974 688 utor
989 664 1094 689 autem
1108 658 1402 701 quampaucissimis
1414 668 1539 699 possum
1553 668 1561 687 :
1584 657 1618 687 in

150 709 189 740 iis
200 709 322 741 scilicet
334 721 404 752 quze
421 713 608 749 necessaria,
621 712 709 754 justa
723 719 755 743 et
772 714 902 743 honesta
917 712 1065 744 videntur
1080 713 1198 743 etmihi
1215 718 1248 743 et
1259 712 1287 744 ci
1303 723 1322 743 a
1336 723 1399 753 quo
1415 711 1549 753 accipio.
1565 721 1618 742 cu-

146 763 285 804 jusmodi
299 765 373 795 inihi
386 765 538 806 quiddam
551 767 609 797 hoc
619 773 760 808 tempore
774 766 900 798 accidit.
925 767 1004 798 Sunt
1016 767 1093 797 mihi
1105 767 1210 798 fratris
1222 767 1367 802 filiarum,
1378 776 1448 808 quae
1461 771 1526 797 tum
1537 775 1620 796 mor-

152 822 213 847 tuae
227 823 298 848 sunt
309 829 407 859 quum
422 830 493 861 ego,
510 826 540 851 te
557 826 661 851 tamen
675 821 822 862 jubente,
841 831 903 851 non
919 831 988 851 sum
1003 826 1184 856 coronatus,
1199 821 1271 851 filiae
1287 825 1421 862 quatuor
1435 831 1442 849 t
1460 819 1560 861 prima
1573 826 1622 850 est

151 872 278 908 nubilis,
291 873 388 903 altera
399 884 552 905 annorum
568 881 650 910 octo,
664 875 755 905 tertia
766 875 861 915 paulo
871 875 1008 916 amplius
1018 875 1237 916 trium,quarta
1247 873 1390 905 nondum
1401 878 1448 904 est
1461 872 1623 904 annicula.

150 924 184 954 Is
200 930 305 956 autem
322 927 436 967 quibus
456 937 517 968 ego
532 928 723 959 nubentibus
751 933 912 969 superstes
926 938 988 965 ero,
1005 934 1074 958 tum
1089 939 1107 958 a
1122 938 1173 958 me
1188 933 1256 958 tum
1274 938 1292 958 a
1315 927 1394 958 meis
1409 926 1517 958 amicis
1530 926 1623 957 dotes

153 979 298 1009 curandae
319 985 412 1010 sunt:
439 981 552 1022 quibus
567 992 630 1011 non
647 992 712 1017 ero,
727 992 773 1012 eze
796 982 934 1012 valeant.
979 983 1012 1013 Si
1033 988 1138 1023 patres
1152 992 1256 1012 earum
1273 982 1404 1012 ditiores
1429 991 1478 1012 me
1505 986 1624 1015 essent,

154 1031 209 1062 dos
222 1034 358 1063 curanda
373 1044 437 1064 non
461 1040 554 1066 esset.
577 1046 661 1066 nunc
676 1036 752 1076 ipsis
768 1047 837 1066 sum
864 1037 1071 1077 locupletior:
1096 1043 1129 1067 et
1151 1046 1255 1066 earum
1272 1041 1388 1066 matres
1405 1045 1465 1076 ego
1489 1040 1556 1064 tum
1583 1034 1624 1064 ab

153 1086 233 1123 aliis,
249 1092 314 1117 tum
335 1099 352 1118 a
369 1088 474 1118 Dione
491 1089 618 1129 adjutus
633 1090 785 1120 collocavi
801 1097 945 1131 nuptum.
991 1091 1064 1121 Una
1079 1091 1172 1132 igitur
1188 1090 1370 1131 Speusippo
1389 1088 1532 1124 traditur,
1558 1087 1626 1129 ejus

155 1150 194 1169 ex
216 1151 318 1171 sorore
331 1143 446 1183 neptis.
491 1144 582 1184 Opus
599 1149 648 1174 est
665 1149 769 1174 autem
782 1145 854 1175 liuic
871 1155 933 1175 non
948 1145 1082 1186 amplius
1097 1154 1157 1174 xxx
1173 1144 1278 1174 minis.
1301 1144 1441 1174 honestae
1469 1141 1625 1183 siquidem

155 1198 187 1223 et
202 1195 428 1226 convenientes
443 1196 534 1227 nobis
550 1203 622 1228 sunt
645 1198 799 1239 ejusmodi
829 1199 930 1229 dotes.
974 1198 1101 1229 Deinde
1125 1200 1151 1230 si
1178 1204 1276 1229 mater
1299 1207 1372 1228 mea
1399 1197 1560 1232 moriatur,
1585 1196 1624 1226 ad

156 1247 383 1279 monimentum
399 1250 576 1281 faciendum
589 1262 651 1282 non
668 1262 748 1293 opus
762 1253 857 1283 fuerit
873 1254 1006 1294 amplius
1023 1253 1134 1284 decem
1151 1253 1256 1293 minis.
1285 1251 1395 1293 Atque
1412 1252 1479 1282 haec
1495 1249 1626 1292 quidem

157 1300 232 1331 milii
258 1303 315 1333 hoc
333 1309 473 1345 tempore
489 1311 561 1336 sunt
577 1308 762 1337 necessaria.
806 1306 901 1343 Quod
919 1308 945 1338 si
961 1308 1031 1348 quis
1052 1308 1131 1338 alius
1158 1308 1213 1338 fiat
1228 1312 1370 1348 sumptus
1400 1311 1454 1336 aut
1481 1304 1628 1347 privatim

158 1360 212 1385 aut
227 1356 352 1396 publice
376 1358 416 1388 ob
433 1370 534 1390 meam
562 1360 602 1390 ad
627 1367 658 1391 te
683 1361 927 1402 prosectionem,
957 1363 1050 1393 sicuti
1070 1361 1240 1403 aliquando
1265 1361 1445 1392 faciendum
1471 1358 1629 1395 dicebam,

156 1418 262 1440 meum
287 1411 347 1442 erit
372 1415 562 1445 contendere
588 1421 620 1445 et
644 1426 784 1456 pugnare
801 1421 837 1446 ut
851 1421 996 1458 sumptus
1013 1417 1068 1447 fiat
1084 1417 1291 1457 perexiguus:
1316 1414 1402 1456 quod
1413 1414 1542 1445 demere
1563 1423 1628 1443 non

158 1462 256 1505 [362]
282 1470 400 1505 potero,
417 1467 473 1497 tibi
493 1479 668 1509 expensum
683 1469 810 1502 feretur.
857 1470 920 1500 Sed
935 1471 1088 1512 deinceps
1112 1479 1392 1501 commemoremus
1410 1468 1451 1498 de
1478 1466 1631 1509 impensis

161 1517 364 1549 Atheniensis
390 1526 451 1551 tuae
469 1523 621 1563 pecuniae.
666 1523 809 1554 PrImum
823 1524 926 1565 siquid
941 1524 1018 1555 mihi
1031 1524 1271 1566 expendendum
1282 1522 1420 1554 fueritin
1433 1521 1629 1563 choragium,

157 1577 212 1601 aut
231 1573 293 1603 tale
310 1573 484 1615 quidpiam,
506 1586 570 1607 non
587 1582 646 1613 est,
674 1583 780 1608 nostra
804 1579 935 1619 quidem
953 1579 1123 1615 sententia,
1148 1581 1265 1620 hospes
1287 1577 1370 1608 ullus
1396 1576 1451 1617 qui
1476 1575 1534 1606 tibi
1559 1585 1630 1606 eam

156 1625 278 1656 reddat.
324 1628 489 1670 Perniagni
505 1635 611 1660 autem
625 1638 677 1662 tua
697 1631 803 1668 refert,
832 1632 858 1662 si
885 1632 969 1673 quod
997 1633 1175 1671 impensum
1204 1638 1263 1668 est,
1288 1641 1305 1662 e
1327 1641 1360 1661 re
1389 1636 1443 1660 tua
1469 1629 1521 1660 sit.
1544 1628 1630 1671 quod

155 1686 259 1710 autem
275 1691 338 1711 non
353 1681 542 1723 impensum,
559 1684 615 1714 sed
630 1695 729 1726 usque
745 1696 783 1716 eo
799 1686 932 1717 dilatum
947 1687 1021 1717 dum
1037 1687 1091 1717 abs
1107 1693 1138 1717 te
1156 1687 1270 1728 aliquis
1297 1685 1431 1721 venerit,
1456 1683 1517 1714 tibi
1541 1684 1629 1714 dam-

157 1744 233 1764 num
249 1735 379 1766 afferat:
404 1747 498 1777 quum
515 1744 722 1780 praeterquam
736 1741 821 1781 quod
849 1740 975 1772 difficile
1001 1746 1060 1781 est,
1089 1741 1147 1772 tibi
1171 1740 1266 1771 etiam
1289 1744 1381 1780 turpe
1408 1739 1450 1769 sit
1478 1738 1633 1768 futurum.

158 1786 227 1829 Ego
240 1789 324 1819 enim
337 1790 403 1820 haec
419 1792 540 1822 tentavi
560 1793 644 1834 apud
660 1793 911 1835 Andromedem,
926 1805 1028 1836 eoque
1051 1794 1236 1837 AEginetam
1262 1793 1410 1824 Erastum
1424 1792 1509 1828 misi,
1523 1801 1541 1822 a
1567 1801 1631 1832 quo

155 1841 306 1881 jusseras,
321 1847 430 1887 utpote
444 1846 483 1875 ab
498 1846 624 1887 hospite
640 1855 757 1884 vestro,
779 1848 883 1889 siquid
904 1859 985 1890 opus
1007 1856 1101 1885 esset,
1126 1858 1301 1880 sumerem:
1327 1857 1424 1888 quum
1446 1846 1563 1888 majora
1590 1845 1630 1876 de

158 1897 273 1936 quibus
296 1897 475 1939 scripseras,
496 1911 640 1941 cuperem
665 1902 801 1933 mittere.
864 1903 924 1933 Ille
949 1913 1023 1934 vero
1044 1904 1127 1944 quod
1155 1913 1278 1944 aequum
1296 1909 1330 1933 et
1353 1911 1417 1932 non
1441 1901 1481 1932 ab
1506 1899 1633 1931 homino

159 1950 295 1981 alienum
323 1958 416 1987 essct,
430 1955 604 1994 respondit,
618 1966 651 1986 se
665 1966 735 1996 quaa
752 1962 847 1987 antea
862 1957 962 1998 patris
976 1958 1104 1988 nomine
1122 1957 1341 1999 impendisset,
1359 1965 1440 1997 aegre
1454 1954 1607 1996 recepisse
1623 1966 1629 1983 :

160 2014 194 2033 ac
208 2015 288 2035 nunc
306 2016 403 2046 pauca
416 2008 544 2048 quidem
560 2019 623 2039 non
640 2006 870 2046 recusaturum,
887 2013 984 2041 inulta
1001 2022 1074 2042 vero
1086 2012 1232 2042 maxime.
1248 2010 1449 2052 Quapropter
1463 2019 1481 2039 a
1496 2008 1633 2050 Leptine

161 2060 298 2098 sumpsi:
315 2061 367 2101 qni
387 2061 480 2093 laude
498 2062 612 2104 dignus
627 2070 688 2100 est,
706 2076 767 2095 nan
784 2070 906 2096 tantum
921 2066 995 2107 quia
1012 2066 1112 2102 dedit,
1130 2066 1183 2096 sed
1198 2066 1273 2106 quia
1289 2064 1433 2095 lubenter
1445 2068 1477 2094 et
1488 2067 1632 2104 prompte

161 2112 260 2148 dedit,
277 2116 463 2157 caeterisque
479 2117 512 2146 in
527 2117 621 2147 rebus
638 2123 701 2148 tum
715 2119 808 2150 dictis
824 2125 890 2149 tum
907 2120 999 2151 factis
1014 2120 1070 2150 tibi
1095 2120 1214 2151 aun'cus
1242 2130 1277 2150 ac
1297 2117 1470 2149 benevolus
1493 2120 1634 2158 apparet.

160 2164 239 2197 Haec
255 2168 339 2198 enim
355 2175 449 2210 atque
467 2170 514 2200 his
529 2170 686 2201 contraria
703 2182 750 2202 me
765 2173 822 2203 tibi
837 2184 994 2215 exponere
1021 2179 1158 2216 oportet,
1181 2173 1268 2214 quali
1295 2172 1428 2214 quisque
1447 2181 1518 2202 esse
1542 2171 1575 2201 in
1600 2175 1633 2201 to

159 2219 266 2251 animo
283 2221 434 2254 videatur.
479 2224 584 2260 Quare
600 2225 639 2255 de
656 2226 802 2266 pecuniis
814 2227 870 2257 tibi
885 2227 980 2258 libere
992 2228 1025 2258 id
1041 2228 1125 2269 quod
1141 2238 1192 2258 res
1208 2235 1257 2258 est
1273 2227 1424 2267 aperiam.
1445 2235 1570 2267 aequum
1585 2229 1635 2255 est

165 2274 246 2304 enim
261 2288 266 2304 ;
292 2282 323 2306 et
341 2277 434 2307 simul
452 2278 640 2309 domesticos
658 2285 729 2310 tuos
744 2286 901 2321 expertus,
925 2281 965 2311 de
981 2282 1017 2312 iis
1037 2291 1164 2322 quoque
1185 2279 1449 2311 commemorabo.
1495 2278 1560 2315 Qui
1575 2278 1632 2309 tibi

164 2328 290 2359 assidue
309 2330 499 2371 pollicentur
515 2342 548 2363 se
564 2332 603 2363 de
619 2333 658 2363 iis
673 2335 849 2375 sumptibus
865 2346 943 2375 quos
955 2336 1121 2366 faciendos
1142 2335 1342 2370 arbitrantur,
1357 2340 1390 2364 te
1406 2332 1634 2368 admonituros,

163 2380 330 2414 admonere
347 2390 451 2415 tamen
467 2379 580 2417 nolunt
598 2397 636 2417 ne
648 2388 681 2418 in
696 2388 904 2420 offensionem
923 2395 1006 2420 tuam
1023 2389 1193 2421 incurrant.
1241 2389 1354 2429 Itaque
1372 2387 1444 2418 illos
1472 2392 1506 2418 tu
1530 2396 1635 2418 assue-

162 2435 261 2466 facias
292 2444 424 2479 oportet,
443 2445 476 2470 et
507 2450 601 2480 cogas
617 2446 682 2471 tum
709 2443 775 2473 liaec
792 2448 858 2473 tum
876 2444 936 2473 alia
953 2443 1009 2474 tibi
1023 2453 1191 2484 exponere.
1235 2442 1345 2473 Debes
1360 2441 1445 2472 enim
1461 2446 1508 2477 tu,
1528 2440 1636 2482 quoad

162 2489 292 2530 poteris,
317 2492 423 2523 onmia
446 2503 548 2530 nosse,
561 2494 725 2536 judexque
737 2506 844 2527 eorum
860 2507 940 2534 esse,
957 2508 1060 2539 neque
1078 2497 1171 2528 ullius
1186 2497 1231 2527 rei
1246 2495 1388 2526 notitiam
1404 2495 1526 2536 fugere.
1553 2494 1635 2526 Haec

162 2543 246 2573 enim
264 2550 312 2575 est
328 2545 367 2575 ad
386 2547 594 2589 principatum
613 2550 762 2581 tuendum
777 2551 1095 2592 conservandumque
1111 2551 1160 2582 vel
1179 2549 1430 2582 commodissima
1447 2548 1540 2580 ratio.
1585 2548 1636 2580 Sl-

161 2596 288 2636 quidem
304 2599 329 2628 si
346 2606 487 2641 sumptus
503 2607 586 2634 reete
602 2603 712 2641 facies,
729 2605 752 2635 si
767 2606 894 2637 nomina
911 2611 993 2637 recte
1012 2605 1208 2642 dissolveris,
1221 2615 1290 2635 cum
1302 2603 1342 2634 ad
1355 2603 1418 2634 alia
1434 2603 1551 2640 omnia,
1566 2606 1634 2634 tum

163 2651 201 2681 ad
224 2662 319 2693 opum
336 2655 563 2694 possessionem
591 2659 940 2701 conservationemque,
958 2659 1205 2700 maximamjnre
1223 2658 1311 2689 dices
1330 2667 1400 2689 esse
1414 2656 1634 2699 opportunita-

161 2709 236 2736 tem.
282 2707 470 2739 Providcbis
486 2710 582 2742 etiam
598 2722 637 2742 ne
655 2718 684 2744 te
702 2714 786 2755 apud
807 2714 948 2745 homines
975 2714 1022 2744 illi
1045 2714 1275 2745 calumnientur
1296 2712 1348 2753 qui
1364 2722 1398 2743 se
1412 2711 1457 2742 tui
1473 2710 1636 2742 studiosos

160 2768 229 2789 esse
238 2759 370 2802 jactant.
387 2762 455 2793 Hoc
472 2764 556 2795 enim
571 2765 610 2796 ad
630 2771 712 2797 tuam
727 2767 994 2799 existimationi-m
1010 2768 1140 2798 minime
1150 2767 1325 2798 conducere
1339 2765 1471 2797 videtur.
1495 2764 1578 2805 Age,
1591 2765 1634 2796 de

161 2811 266 2844 Dione
303 2825 591 2849 commemoremus.
629 2827 741 2851 caeteia
774 2832 847 2852 sanc
885 2833 1006 2863 nequeo
1035 2822 1134 2852 adhuc
1161 2832 1330 2863 exponere,
1363 2820 1422 2851 uisi
1452 2819 1539 2861 prius
1567 2825 1630 2850 tuae

161 2876 239 2907 quas
254 2868 334 2899 dicis
358 2870 456 2901 literar
475 2871 513 2901 ad
531 2883 579 2903 ine
597 2874 697 2905 auat-‹1›
714 2876 789 2907 sint.
816 2876 863 2906 llt·
883 2878 919 2907 iis
938 2884 1040 2907 auten»
1057 2877 1093 2908 dc
1112 2876 1227 2917 quibus
1250 2886 1298 2906 me
1326 2875 1406 2916 apud
1435 2874 1522 2905 illum
1546 2883 1636 2904 meu-

160 2921 279 2953 tionem
303 2923 405 2955 facere
430 2926 569 2963 nolebas,
595 2938 697 2969 neque
723 2931 914 2961 mentionem
940 2930 1011 2967 feci,
1038 2941 1137 2970 neque
1162 2928 1412 2961 commemoravi.
1472 2923 1639 2969 Explonvi
