1840 3225
218 230 292 268 130
800 223 1068 262 PLATONIS
1592 221 1689 272 [413

216 333 269 374 qui
301 332 344 364 rei
375 332 510 374 publicae
542 340 645 362 curam
678 329 822 360 habeant.
870 327 985 359 GLAu.
1021 326 1077 357 Est
1106 326 1161 357 ita.
1207 325 1266 357 So.
1296 323 1395 356 Curat
1424 329 1527 356 autem
1557 322 1691 366 quisque

219 387 350 418 maxime
379 387 424 423 id,
451 386 536 426 qnod
565 384 697 414 maxime
730 382 843 424 diligit.
891 381 1006 413 Grau.
1030 380 1169 411 Necesse
1197 385 1255 411 est.
1300 379 1355 410 So.
1379 379 1477 420 Atqui
1503 379 1564 410 lioc
1590 378 1695 420 diligit

218 440 362 476 maxime,
379 439 431 470 cui
447 439 585 470 conferre
601 438 709 469 eadem
727 448 762 468 ac
792 437 848 467 sibi
867 435 1035 470 existimat,
1052 440 1083 465 et
1107 446 1144 465 ex
1172 433 1262 475 cujus
1278 433 1427 464 felicitate
1443 433 1489 464 vel
1506 432 1692 464 infelicitate

217 505 303 525 suam
320 494 482 524 arbitratur
496 493 678 524 felicitatem
693 491 944 522 infelicitatemve
960 489 1108 530 pendere.
1156 487 1272 518 GLAn.
1296 486 1347 518 Sic
1361 492 1419 518 est.
1463 486 1520 517 So.
1542 484 1692 526 Eligeudi

216 548 310 589 igitur
334 559 370 579 ex
393 548 537 578 omnibus
553 546 735 577 custodibus
761 545 792 575 hi
819 545 962 583 maxime,
976 543 1028 584 qui
1053 542 1142 572 nobis
1166 541 1435 571 considerantibus
1451 540 1615 571 videantur
1636 549 1693 581 per

219 613 341 633 omnem
358 602 454 633 vitam
480 611 598 632 summo
626 600 729 630 studio
756 609 793 629 ea
817 599 930 634 facere,
947 607 1016 638 quae
1044 607 1060 626 e
1077 606 1108 625 re
1138 595 1264 636 publica
1281 605 1348 625 esse
1363 595 1506 625 ducunt:
1531 604 1602 635 quae
1618 604 1690 624 vero

218 661 337 691 contra,
353 666 474 688 cavere.
521 654 635 686 GLAU.
652 652 904 685 Commodissimi
920 656 1002 682 certe
1021 650 1050 680 hi
1068 655 1152 680 sunt.
1197 648 1252 679 So.
1274 648 1470 680 Observandi
1486 648 1591 689 itaque
1606 652 1691 685 sunt,

219 716 253 741 ut
279 710 418 751 arbitror,
442 710 474 740 in
501 708 631 750 singulis
656 707 813 743 aetatibus,
840 711 940 737 utrum
969 709 1159 746 praeceptum
1187 705 1247 734 hoc
1275 708 1399 734 servent
1423 713 1526 744 neque
1542 707 1690 742 tanquam

217 764 381 806 praestigiis
398 763 583 805 quibusdam
598 762 724 802 decepti
742 771 843 801 neque
859 760 888 789 vi
906 759 968 789 ulla
984 758 1151 799 compulsi,
1168 757 1277 798 suique
1291 756 1430 798 ipsorum
1446 756 1546 793 obliti,
1561 755 1693 797 ejiciant

217 829 286 850 eam
313 818 506 860 opinionem,
534 827 597 858 qua
624 826 662 846 ea
688 815 752 845 sola
776 819 943 846 censentur
971 813 1104 853 agenda,
1134 822 1205 853 quae
1233 817 1305 842 sunt
1332 811 1451 852 optima
1478 810 1521 841 rei
1545 808 1692 851 publicae.

219 873 334 904 GLAU.
370 872 473 908 Quam
501 870 688 911 ejectionem
716 868 818 899 dicis?
865 868 921 898 So.
955 866 1068 896 Dicam
1100 866 1166 896 tibi.
1197 865 1318 896 videtur
1347 865 1423 895 mihi
1452 864 1559 905 opinio
1587 868 1693 894 mente

217 927 299 958 exire
316 926 364 957 vel
381 930 494 967 sponte
520 925 568 955 vel
586 924 694 954 invite.
719 928 832 963 sponte
859 921 986 961 quidem
1014 921 1103 956 falsa,
1133 919 1230 961 [413]
1258 919 1292 949 in
1318 929 1356 949 eo
1384 919 1437 960 qui
1454 917 1588 949 dediscit
1602 917 1691 954 falsa,

218 991 287 1011 vera
305 980 420 1011 discit:
446 979 544 1010 invite
568 983 671 1008 autern
689 986 759 1007 vera
783 986 915 1017 qumque
932 974 1053 1015 opinio.
1098 973 1215 1004 GLAU.
1238 973 1333 1010 Quod
1358 973 1398 1003 de
1415 972 1590 1003 voluntario
1605 972 1692 1002 exitu

217 1035 308 1071 dicis,
334 1033 497 1074 intelligo:
523 1033 608 1073 quod
636 1036 737 1061 autem
768 1030 807 1060 de
834 1029 944 1067 invito,
967 1028 1085 1059 discere
1111 1027 1218 1069 cupio.
1262 1027 1319 1058 So.
1343 1026 1460 1057 Nonne
1486 1030 1580 1067 putas
1602 1025 1693 1055 bonis

217 1088 359 1118 homines
375 1087 470 1117 invite
498 1086 623 1127 privari,
639 1085 727 1115 malis
743 1090 846 1114 autem
864 1088 976 1123 sponte
991 1082 1002 1111 ?
1025 1092 1065 1112 an
1082 1092 1144 1111 non
1173 1081 1295 1111 mentiri
1310 1091 1479 1122 verumque
1493 1080 1612 1111 nescire
1626 1089 1692 1110 ma-

218 1153 282 1182 lurn
307 1147 365 1177 est,
382 1152 452 1172 vere
478 1145 581 1171 autem
605 1139 750 1180 judicare
774 1137 915 1167 bonum?
939 1146 1044 1166 nonne
1072 1135 1193 1176 opinari
1215 1145 1266 1175 ea,
1289 1145 1360 1176 quae
1384 1139 1468 1170 sunt,
1484 1144 1555 1165 vere
1581 1140 1692 1176 putare

219 1196 275 1225 tibi
291 1195 440 1226 videtur?
487 1193 602 1225 GLAu.
626 1193 729 1223 Probe
757 1191 903 1232 loqueriS‚
931 1189 1069 1230 mihique
1097 1189 1242 1219 videntur
1263 1189 1405 1219 homiues
1429 1189 1521 1219 inviti
1537 1199 1608 1219 vera
1623 1190 1693 1230 opi-

217 1250 312 1280 nione
337 1248 462 1290 privari.
507 1248 563 1279 So.
590 1246 640 1277 An
665 1242 729 1276 non
746 1245 794 1276 vel
811 1244 1012 1285 subreptione
1035 1244 1084 1273 vel
1099 1243 1288 1284 deceptione
1311 1243 1359 1274 vel
1375 1243 1406 1273 vi
1430 1244 1494 1274 hoc
1509 1243 1693 1284 patiuntur?

219 1303 335 1335 Gmn.
360 1302 475 1343 Neque
491 1301 572 1332 istud
600 1300 753 1341 intelligo.
801 1299 857 1329 So.
879 1297 1011 1338 Tragice
1028 1307 1116 1338 porro
1143 1297 1230 1338 loqui
1252 1297 1373 1328 videor.
1397 1298 1509 1338 surripi
1524 1297 1606 1328 enim
1623 1297 1694 1338 opi·

217 1357 327 1388 niones
343 1357 379 1388 iis
405 1356 489 1393 dico,
505 1355 560 1396 qui
587 1354 772 1385 sententiam
800 1357 934 1387 mutant,
950 1351 999 1382 vel
1025 1351 1136 1382 sensim
1162 1356 1301 1392 tempore
1324 1350 1532 1391 obliteratam,
1547 1351 1596 1382 vel
1611 1350 1692 1382 clam

217 1412 346 1442 adversa
362 1410 480 1441 ratione
496 1410 695 1440 subtractam.
719 1417 803 1438 nunc
819 1406 992 1447 intelligis?
1041 1405 1155 1436 Gmu.
1170 1405 1318 1446 Intelligo
1335 1405 1494 1446 equidem.
1538 1406 1594 1436 So.
1617 1406 1693 1437 Vim

217 1471 322 1497 autem
350 1464 411 1495 illis
432 1463 551 1499 inferri,
578 1473 657 1504 quos
683 1461 772 1492 dolor
798 1466 852 1491 aut
876 1459 1030 1491 cruciatus
1047 1459 1136 1489 aliter
1151 1459 1265 1490 sentire
1289 1465 1417 1500 cogunt.
1464 1459 1578 1491 GtAu.
1601 1459 1691 1490 Istud

217 1519 360 1560 intelligo
387 1519 546 1559 equidem,
571 1527 607 1548 ac
637 1521 718 1547 recte
745 1515 835 1546 dicis.
881 1515 938 1545 So.
962 1513 1101 1544 subduci
1129 1518 1231 1543 autem
1258 1512 1348 1554 quasi
1375 1513 1539 1555 praestigiis
1565 1524 1632 1554 eos,
1658 1518 1695 1544 ut

217 1573 359 1613 arbitror,
374 1578 406 1603 tu
424 1582 551 1614 quoque
575 1571 706 1607 diceres,
730 1570 784 1611 qui
811 1569 943 1610 priorem
970 1568 1138 1608 deponunt
1163 1567 1343 1608 opinionem
1371 1567 1419 1598 vel
1435 1567 1598 1608 voluptate
1621 1578 1692 1608 per·

217 1626 328 1658 mulcti
359 1627 407 1657 vel
439 1630 522 1656 metu
553 1623 775 1666 perterrefacti.
821 1622 936 1653 GLAU.
962 1621 1120 1651 Videntur
1159 1631 1245 1656 sane,
1277 1631 1476 1662 quaecunque
1513 1621 1690 1662 decipiunt,

217 1680 382 1722 praestigiis
397 1691 454 1711 nos
469 1680 627 1710 seducere.
673 1678 729 1709 So.
753 1677 847 1714 Quod
871 1675 964 1717 igitur
986 1685 1086 1716 nuper
1103 1675 1258 1711 dicebam,
1272 1675 1473 1715 quaerendum
1489 1680 1548 1711 est,
1564 1673 1692 1715 quinam

220 1739 399 1765 constantes
415 1738 584 1764 servatores
609 1733 671 1762 sint
694 1731 776 1773 ejus,
793 1741 862 1772 quae
886 1729 971 1770 apud
997 1729 1081 1769 ipsos
1096 1734 1154 1763 est,
1170 1729 1345 1765 sententiae,
1362 1729 1394 1758 id
1412 1728 1559 1759 videlicet
1572 1739 1694 1769 semper

219 1782 374 1830 agendum
403 1799 482 1824 esse,
509 1788 594 1828 quod
626 1786 667 1817 rei
696 1785 831 1827 publicae
859 1785 1033 1815 conducere
1062 1784 1260 1813 arbitrantur.
1291 1782 1476 1813 observandi
1503 1787 1575 1812 sunt
1600 1782 1694 1823 igitur

218 1843 321 1874 statim
338 1852 355 1872 a
371 1842 514 1883 pueritia,
529 1851 629 1882 eaque,
646 1840 706 1870 illis
721 1850 814 1880 opera
839 1837 1057 1879 proponenda,
1073 1847 1111 1867 ex
1134 1837 1247 1877 quibus
1273 1836 1386 1878 aliquis
1409 1836 1541 1867 maxime
1558 1847 1695 1878 praecep·

219 1895 374 1927 tumillud
399 1895 542 1926 oblivisci
557 1895 686 1935 fallique
710 1894 818 1935 possit.
842 1898 936 1933 atque
961 1892 997 1927 is,
1013 1891 1068 1932 qui
1092 1896 1194 1922 servat
1217 1891 1295 1923 illud
1313 1891 1487 1921 memoriter
1502 1900 1605 1931 neque
1619 1891 1695 1922 sub·

217 1951 354 1991 ducitur,
370 1950 556 1991 eligendus:
582 1949 637 1990 qui
660 1954 780 1984 contra,
803 1946 1012 1989 abjiciendus·
1038 1956 1078 1976 an
1105 1946 1194 1976 non?
1241 1945 1356 1976 Gmu.
1380 1945 1484 1977 Certe.
1529 1944 1585 1975 So.
1608 1943 1691 1985 Ergo

218 2010 251 2036 et
266 2005 386 2035 labores
402 2009 433 2034 et
449 2004 571 2034 dolores
587 2003 647 2033 illis
662 2008 695 2033 et
710 2001 879 2033 certamina
893 2000 1098 2042 opponenda,
1117 2000 1147 2029 in
1162 1999 1272 2041 hisque
1289 2000 1355 2030 haec
1368 2000 1478 2030 eadem
1490 1999 1694 2029 observanda.

220 2058 336 2088 GLAU.
365 2058 459 2088 Scite.
505 2057 560 2087 So.
576 2056 692 2087 Nonne
707 2056 877 2086 secundum
891 2055 1025 2095 speciem
1043 2054 1126 2084 illam
1142 2053 1278 2090 tertiam,
1300 2054 1358 2084 lioc
1372 2059 1418 2084 est
1433 2053 1522 2094 quasi
1535 2053 1694 2094 quandam

218 2111 445 2153 praestigiorum
474 2110 740 2144 allucinationem,
771 2109 975 2150 pugnandum
1005 2108 1074 2138 est?
1106 2113 1137 2138 et
1165 2108 1429 2148 quemadmodum
1457 2107 1512 2148 qui
1539 2106 1693 2147 inspicere

219 2165 365 2206 cupiunt,
381 2165 522 2205 nunquid
550 2164 625 2205 pulli
651 2163 757 2204 pavidi
777 2163 838 2193 sint
855 2172 966 2197 necne,
983 2162 1023 2191 ad
1040 2160 1204 2201 strepitum
1227 2161 1297 2191 illos
1313 2168 1346 2191 et
1363 2160 1528 2191 tumultum
1545 2160 1691 2191 ducunt?

220 2219 264 2250 sic
283 2219 425 2260 juniores
447 2219 480 2248 in
507 2217 655 2248 terribilia
679 2217 821 2258 quaedam
848 2215 1030 2257 impellendi
1055 2220 1149 2255 atquo
1175 2214 1248 2244 item
1265 2214 1506 2249 oblectamenta,
1524 2214 1554 2244 in
1582 2213 1693 2255 bisque

220 2272 319 2302 multo
335 2272 431 2312 magis
447 2282 539 2313 quam
551 2271 615 2312 igni
625 2282 732 2301 aurum
743 2270 940 2300 examinandi
955 2270 965 2299 ?
984 2274 1016 2299 ut
1027 2269 1069 2298 ita
1079 2269 1319 2309 comperiamus,
1335 2268 1360 2298 si
1376 2273 1477 2299 exstet
1488 2267 1600 2308 aliquis
1611 2268 1693 2298 inter

221 2336 286 2362 eos,
297 2326 425 2367 quinon
440 2325 529 2356 facile
542 2325 693 2356 irretiatur
709 2325 811 2365 sitque
824 2322 1016 2364 compositus
1030 2322 1061 2351 in
1078 2322 1232 2358 omnibus,
1249 2323 1298 2352 sui
1314 2322 1411 2362 ipsius
1422 2327 1527 2352 custos
1542 2321 1693 2362 optimuS,

221 2385 253 2411 et
277 2379 357 2420 ejus,
374 2390 466 2421 quam
490 2379 614 2415 didicit,
639 2379 765 2409 musicae
789 2383 999 2412 conservator,
1023 2376 1274 2416 concinnumque
1298 2381 1330 2406 et
1353 2386 1526 2407 consonum
1547 2375 1627 2406 sein
1645 2375 1693 2406 his

221 2434 365 2464 omnibus
382 2434 539 2474 praebeat:
564 2433 665 2475 qualis
682 2434 726 2463 vir
750 2437 832 2462 essct
858 2437 890 2462 et
914 2430 973 2460 sibi
991 2436 1021 2461 et
1047 2430 1152 2471 patriae
1180 2430 1368 2460 utilissimus.
1395 2435 1489 2470 atque
1505 2430 1541 2466 is,
1557 2429 1612 2470 qui
1628 2429 1693 2460 siu-

222 2488 302 2529 gulis
320 2489 463 2518 aetatibus
480 2499 611 2529 semper,
629 2487 773 2529 pueritia,
789 2485 1014 2521 adolescentia,
1041 2490 1159 2514 matura
1186 2490 1279 2514 :etate
1298 2484 1445 2525 probatus
1463 2489 1511 2515 est
1535 2483 1632 2525 [⁴14]
1660 2488 1694 2514 et

221 2541 438 2572 immaculatus
454 2542 585 2578 exsistit,
612 2547 717 2572 custos
741 2546 773 2571 et
789 2541 935 2582 princeps
952 2544 999 2569 cst
1024 2538 1159 2569 civitatis
1187 2538 1446 2569 constituendus:
1470 2538 1603 2568 bonores
1619 2536 1693 2567 huic

222 2595 378 2625 tribuendi
404 2600 436 2625 et
460 2596 574 2626 viventi
601 2601 633 2626 et
661 2601 793 2631 mortuo,
821 2593 1031 2635 sepulcrorum
1059 2598 1090 2622 et
1115 2592 1245 2622 aliorum
1271 2592 1532 2623 monimentorum
1559 2590 1693 2621 maxima

222 2658 352 2679 munera
377 2649 529 2679 sortienti.
553 2650 608 2690 qui
632 2659 704 2680 vero
731 2649 801 2679 talis
828 2659 891 2678 non
918 2648 968 2683 sit,
995 2646 1191 2687 abjiciendus
1221 2651 1278 2677 est.
1324 2645 1515 2687 Hujusmodi
1542 2645 1646 2686 igitur,
1672 2655 1692 2675 ο

222 2701 380 2739 Glaucon,
396 2703 536 2733 delectus
551 2708 583 2733 et
606 2703 759 2734 institutio
776 2701 952 2744 principum
970 2705 1002 2730 et
1025 2701 1189 2731 custodum
1205 2710 1271 2731 esse
1288 2699 1401 2730 debere
1418 2699 1492 2729 mibi
1508 2698 1641 2735 videtur,
1657 2703 1694 2729 ut

222 2757 397 2787 summatim
430 2757 533 2797 potius
556 2767 649 2798 quam
674 2762 782 2788 exacte
810 2756 849 2786 sit
871 2756 1001 2786 dictum.
1048 2754 1161 2785 Grau.
1185 2754 1274 2785 Idem
1299 2759 1331 2785 et.
1355 2753 1428 2784 mihi
1453 2753 1585 2783 videtur.
1631 2753 1689 2783 SO.

222 2810 322 2851 Igitur
346 2810 502 2841 verissime
527 2811 719 2841 vocabuntur
744 2811 777 2840 hi
800 2809 927 2851 quidem
953 2808 1099 2839 custodes
1123 2807 1208 2838 omui
1231 2818 1269 2839 ex
1295 2812 1392 2849 parte,
1409 2811 1470 2836 tam
1495 2811 1692 2837 externorum

223 2864 356 2894 hostium
380 2875 472 2907 quam
499 2864 689 2907 internorum
715 2865 905 2896 amicorum:
933 2867 967 2893 ut
990 2862 1039 2893 isti
1064 2862 1176 2897 nolint,
1202 2862 1246 2893 illi
1263 2866 1420 2904 nequeant
1443 2860 1557 2890 malum
1572 2859 1693 2900 aliquid

223 2918 392 2951 machinari
407 2931 413 2950 ε
435 2918 568 2960 juvenes
584 2924 699 2958 autem,
717 2930 794 2962 quos
811 2919 904 2962 paulo
920 2923 993 2950 ante
1017 2918 1163 2950 custodes
1178 2917 1425 2955 nominabamus,
1441 2919 1525 2948 recte
1540 2912 1693 2948 auxiliarii
