1840 3225
201 241 296 291 126]
797 239 1068 280 THEAGES.
1612 241 1662 279 33

188 345 337 377 iientibus
353 345 400 377 vel
419 350 507 377 torno
523 343 640 385 aliquid
657 342 861 374 facientibus:
888 353 958 375 narn
975 344 1042 374 haec
1068 343 1107 373 ad
1123 342 1225 374 fabros
1250 342 1397 384 pertinet.
1442 342 1528 374 Tun.
1554 343 1660 375 Certe.

193 399 250 431 So.
276 401 392 432 Verum
408 400 547 436 sortasse,
561 409 622 440 qua
637 398 674 428 iis
690 396 852 434 universis,
867 402 900 428 et
914 397 1057 438 agricolis
1071 402 1103 428 et
1119 397 1210 428 fabris
1226 403 1257 428 et
1271 397 1444 428 artificibus
1455 398 1611 432 omnibus,
1624 408 1660 428 ac

191 454 320 494 privatis
332 454 454 486 cunctis
471 453 713 494 mulieribusque
729 457 761 482 et
776 451 846 482 viris
862 451 1171 493 imperitarnus,„eain
1185 457 1218 481 tu
1231 451 1415 492 sapientiam
1433 451 1522 483 dicis.
1568 451 1658 490 Tne,

188 506 284 538 Istam
302 509 411 550 ipsam,
427 518 445 538 ο
460 506 811 548 Socrates‚jampridem
825 506 928 537 dicere
944 505 1099 538 volebam.
1145 506 1201 536 So.
1224 506 1361 536 Potesne
1371 506 1486 543 dicere,
1498 516 1538 537 an
1553 507 1660 548 AEgis-

190 562 275 601 thus,
291 563 345 603 qui
361 562 632 603 Agamemnonem
647 560 732 601 apud
748 559 850 601 Argos
866 559 1033 595 interfecit,
1047 559 1092 590 his
1105 559 1248 590 omnibus
1261 559 1437 601 imperavit,
1451 571 1530 602 quos
1540 560 1658 597 dixisti,

191 615 373 652 artificibus,
389 615 516 656 privatis
531 615 612 649 viris,
637 613 881 654 mulieribusque
896 612 1060 649 universis,
1076 623 1115 643 an
1133 612 1201 643 aliis
1217 613 1404 653 quibusdam
1418 614 1429 643 ?
1474 614 1561 645 Trm.
1583 614 1659 645 Non

192 669 272 706 aliis,
288 669 342 700 sed
358 669 394 700 iis
409 669 564 699 omnibus.
608 668 663 700 So.
688 668 774 705 Quid
791 672 895 698 autern
912 667 1038 703 Peleus,
1053 666 1147 698 AEaci
1158 666 1251 702 filius,
1263 667 1294 698 in
1307 667 1421 698 Phthia
1434 669 1657 700 nonneiisdem

190 723 369 754 dominatus
395 724 465 754 est?
509 723 593 754 THE.
616 722 757 754 Eisdem.
804 722 858 754 So.
884 721 1088 753 Periandrum
1118 730 1189 751 vero
1216 720 1349 762 Cypseli
1377 732 1482 753 nonne
1511 723 1659 754 audivisti

189 778 275 819 apud
291 777 471 809 Corinthios
485 776 674 818 imperasse?
717 775 806 806 Tun.
830 775 998 816 Equidem.
1042 775 1097 806 So.
1119 774 1237 806 Nonne
1259 775 1376 806 eisdem
1400 776 1433 806 in
1448 775 1517 817 ejus
1531 776 1660 808 civitate

187 832 366 863 dominatus
391 833 461 863 est?
506 831 593 862 ΤΗΕ.
617 830 722 862 Certe.
768 830 825 861 So.
849 830 936 867 Quid
961 830 1054 861 vero?
1101 829 1290 860 Archelaum
1315 829 1487 866 Perdiccae,
1502 840 1602 871 nuper
1623 830 1658 861 in

186 886 382 917 Macedonia
408 886 625 927 imperantem,
652 895 726 915 num
754 884 866 915 iisdem
895 884 1053 915 existimas
1083 884 1278 914 dominatum
1292 884 1303 914 ?
1362 883 1450 914 Tne.
1487 883 1656 926 Equidem.

186 940 243 973 So.
267 940 420 981 Hippiam
435 945 538 971 autem
556 939 726 975 Pisistrati,
743 938 775 969 in
793 939 850 969 hac
867 939 941 969 urbe
955 938 1184 975 dominantem,
1199 937 1386 979 quibusnam
1402 937 1562 979 praefuisse
1577 939 1658 970 arbi-

184 994 297 1025 traris?
321 1004 426 1025 nonne
449 993 585 1025 iisdem?
629 993 719 1025 Tun.
745 992 892 1030 Quidni?
939 992 993 1023 So.
1017 992 1111 1024 Bacis
1135 1003 1207 1023 vero
1233 997 1265 1023 et
1288 991 1412 1034 Sibylla
1427 997 1460 1023 et
1475 992 1656 1034 Emedapus

183 1047 404 1089 Amphilytus,
419 1057 555 1089 quonam
571 1052 662 1088 pacto
686 1046 743 1077 tibi
758 1046 1004 1088 cognominandi
1029 1046 1229 1078 viderentur?
1275 1045 1362 1076 Tne.
1385 1045 1459 1076 Non
1475 1046 1537 1077 alio
1561 1056 1656 1088 quam

182 1107 287 1134 vatum
303 1102 442 1133 nomine.
487 1102 543 1133 So.
569 1100 671 1133 Recte
685 1100 777 1133 dicis.
800 1101 912 1132 eodem
930 1101 1022 1131 modo
1033 1111 1160 1142 conare,
1171 1105 1205 1130 ut
1216 1099 1371 1136 invenias,
1387 1110 1450 1140 quo
1465 1101 1655 1141 cognomine

183 1155 335 1198 Hippiam
352 1162 385 1186 et
407 1156 610 1187 Periandrum
635 1161 762 1197 propter
785 1156 921 1186 eundem
946 1155 1155 1196 principatum
1180 1154 1332 1186 nomines.
1377 1153 1465 1186 Tne.
1490 1154 1555 1186 Cur
1569 1154 1657 1186 aliter

183 1201 277 1252 quam
295 1210 471 1252 tyrannos?
517 1209 573 1241 So.
599 1209 682 1250 Ergo
707 1209 888 1250 quicunque
911 1209 1000 1250 cupit
1025 1219 1109 1240 more
1132 1208 1261 1239 istorum
1284 1208 1435 1239 universis
1458 1208 1520 1239 suis
1536 1208 1656 1240 civibus

183 1264 347 1305 imperare,
374 1263 572 1305 tyrannidem
601 1263 736 1304 appetit,
764 1273 859 1305 seque
890 1268 1058 1304 tyrannum
1088 1263 1152 1293 fieri
1167 1263 1177 1293 ?
1222 1262 1308 1293 Tan.
1332 1262 1381 1293 Ita
1418 1263 1552 1295 videtur.
1598 1263 1654 1295 So.

183 1318 276 1349 Hanc
292 1323 326 1348 tu
341 1318 455 1359 optas?
500 1318 587 1349 Tmz.
611 1317 747 1349 Videtur
762 1328 798 1348 ex
825 1317 874 1354 iis,
897 1328 968 1359 quae
991 1317 1068 1349 dixi.
1114 1317 1171 1349 So.
1194 1316 1222 1347 O
1247 1317 1390 1357 sceleste,
1413 1316 1546 1348 nobisne
1568 1328 1652 1349 more

182 1372 309 1415 tyranni
323 1382 455 1413 praeesse
482 1372 595 1413 cupis?
621 1371 718 1414 [125]
743 1382 779 1403 ac
799 1371 987 1412 jamdudum
1014 1381 1179 1402 succenses
1206 1370 1297 1412 patri,
1320 1370 1375 1411 qui
1398 1375 1429 1400 te
1456 1370 1495 1400 ad
1515 1370 1651 1412 aliquem

183 1426 360 1469 tyrannidis
385 1430 609 1468 praeceptorem
629 1436 692 1456 non
708 1426 849 1457 miserit?
896 1425 937 1456 Et
953 1432 996 1467 te,
1012 1425 1211 1465 Demodoce‚
1234 1435 1340 1455 nonne
1358 1424 1467 1465 pudet,
1484 1434 1554 1455 cum
1579 1424 1653 1456 olim

181 1481 318 1520 noveris,
332 1481 408 1522 quid
426 1481 484 1512 iste
507 1481 737 1522 concupiscat?
761 1486 793 1511 et
810 1480 835 1511 si
852 1480 1023 1517 habuisses,
1038 1491 1101 1522 quo
1117 1480 1218 1521 ipsum
1233 1479 1382 1515 mitteres,
1404 1478 1553 1510 artificem
1569 1478 1652 1509 illius

182 1534 357 1577 sapientiae,
372 1545 466 1576 quam
494 1535 627 1576 appetit,
645 1533 814 1566 effecisses.
839 1534 955 1565 deinde
970 1534 1093 1565 invides
1108 1533 1180 1575 ipsi,
1195 1544 1254 1564 nec
1268 1533 1314 1563 vis
1327 1533 1449 1564 mittere
1464 1534 1474 1563 ἓ
1498 1534 1552 1564 sed
1568 1543 1653 1564 nunc

182 1590 280 1621 vides.
326 1588 408 1620 Cum
422 1599 496 1619 vero
511 1593 542 1620 te
567 1599 671 1620 coram
687 1599 737 1619 me
760 1588 967 1629 accusaverit,
981 1587 1195 1619 consultemus
1219 1587 1309 1618 simul
1325 1597 1385 1628 ego
1407 1597 1444 1618 ac
1459 1592 1505 1623 tu,
1519 1591 1568 1618 est
1588 1597 1653 1628 quo

180 1644 285 1686 ipsum
312 1643 482 1679 mittamus,
508 1648 544 1673 ut
569 1638 696 1684 propter
719 1642 852 1683 alicujus
877 1642 1139 1674 consuetudinem
1165 1641 1289 1683 sapiens
1311 1646 1463 1683 tyrannus
1478 1640 1652 1672 efficiatur?

182 1697 249 1729 De.
272 1697 334 1728 Per
347 1696 471 1737 Jovem,
486 1707 504 1727 o
520 1696 676 1734 Socrates,
692 1696 916 1729 consultemus.
940 1701 987 1727 est
1002 1696 1098 1736 enim,
1113 1701 1148 1726 ut
1162 1696 1237 1726 mihi
1253 1695 1387 1731 videtur,
1403 1694 1536 1726 consilio
1559 1705 1651 1737 opus,

179 1756 213 1782 et
226 1751 372 1782 maximo.
417 1751 473 1782 So.
495 1750 583 1792 Sine,
599 1751 681 1782 bone
705 1751 765 1792 vir,
778 1751 1004 1793 interrogemus
1027 1750 1129 1792 ipsum
1147 1750 1243 1792 prius.
1288 1749 1356 1780 DE.
1380 1749 1551 1791 Interroga.
1596 1749 1650 1780 So.

179 1804 266 1841 Quid
289 1804 315 1835 si
342 1803 494 1846 Euripide
525 1805 563 1835 ad
592 1804 711 1846 aliquid
737 1810 873 1846 utamur,
898 1816 916 1835 o
943 1805 1109 1846 Theages?
1156 1803 1265 1845 Inquit
1289 1803 1372 1835 enim
1398 1804 1464 1843 ille,
1483 1803 1651 1845 Sapientes

177 1859 308 1901 tyranni
321 1859 500 1900 sapientum
514 1859 750 1891 consuetudine.
797 1858 831 1890 Si
847 1859 916 1900 quis
932 1859 971 1890 ab
987 1858 1138 1899 Euripide
1155 1862 1286 1898 peteret,
1301 1867 1363 1898 qua
1379 1857 1409 1886 in
1425 1867 1457 1887 re
1473 1858 1648 1898 sapientum

176 1913 406 1944 consuetudine
423 1913 466 1944 ais
484 1913 640 1954 sapientes
657 1924 725 1944 esse
742 1913 916 1955 tyrannos?
932 1912 1196 1953 quemadmodum
1213 1911 1318 1941 sicum
1332 1910 1470 1947 dixisset,
1482 1910 1649 1951 Sapientes

178 1966 323 2008 agricolae
349 1967 524 2008 sapientum
552 1967 794 2004 consuetudine,
819 1973 1083 2009 percontaremur,
1109 1966 1142 1997 in
1166 1976 1229 2007 quo
1255 1965 1442 2006 sapientum,
1465 1964 1541 2005 quid
1558 1970 1649 2005 putas

176 2020 278 2061 ipsum
303 2021 486 2052 dicturum?
511 2031 550 2052 an
566 2021 665 2058 aliud,
682 2031 775 2062 quam
798 2021 829 2051 in
847 2031 878 2051 re
902 2020 1037 2052 rustica?
1083 2020 1169 2050 Tne.
1191 2018 1280 2049 Nihil
1303 2018 1402 2049 aliud.
1448 2018 1504 2049 So.
1526 2017 1648 2049 Eodem

178 2075 273 2105 modo
289 2075 314 2105 si
330 2075 468 2112 dixisset,
484 2075 649 2116 Sapientes
666 2075 760 2116 coqui
776 2074 952 2115 sapientum
967 2074 1196 2105 consuetudine
1213 2083 1223 2112 3
1246 2082 1365 2113 nosque
1381 2071 1648 2113 interrogaremus,

177 2138 312 2170 quanam
330 2128 362 2159 in
377 2139 409 2159 re
424 2129 615 2170 sapientum,
630 2129 706 2170 quid
730 2128 816 2159 aliud
843 2128 1057 2170 responderet,
1079 2138 1173 2170 quam
1197 2127 1228 2157 in
1245 2126 1449 2167 coquinaria?
1496 2126 1584 2158 Tne.
1609 2126 1648 2156 Id

175 2183 291 2223 ipsum.
336 2182 393 2213 So.
418 2182 505 2219 Quid
522 2182 546 2213 si
561 2182 703 2219 dixisset,
720 2182 886 2224 Sapientes
902 2186 1069 2213 certatores
1085 2181 1262 2223 sapientum
1277 2180 1506 2212 consuetudine
1521 2192 1528 2219 3
1545 2186 1577 2212 et
1590 2191 1647 2211 nos

174 2238 208 2269 in
223 2247 287 2279 quo
303 2236 479 2278 sapientum
506 2237 778 2279 interrogaremus,
803 2248 909 2268 nonne
933 2238 964 2268 in
991 2238 1139 2268 certando
1154 2236 1376 2278 responderet?
1422 2235 1508 2266 Tun.
1532 2234 1646 2267 Immo.

173 2291 231 2325 So.
255 2291 427 2332 Postquam
444 2297 547 2322 autem
571 2292 662 2328 dixit,
678 2292 846 2333 Sapientes
869 2293 1000 2333 tyranni
1021 2292 1199 2333 sapientum
1221 2289 1457 2330 consuetudine,
1474 2289 1498 2319 si
1516 2289 1646 2320 interro-

173 2344 429 2386 garemusillurn,
445 2355 507 2386 qua
532 2345 564 2376 in
578 2356 622 2384 re,
646 2357 665 2377 ο
689 2345 867 2387 Euripides,
892 2346 1082 2388 sapientum,
1105 2346 1180 2387 quid
1198 2355 1268 2376 eum
1293 2354 1510 2385 responsurum
1529 2344 1643 2385 putas?

172 2399 260 2431 Tun.
284 2399 345 2431 Per
359 2400 484 2437 Jovem,
500 2399 619 2432 nescio.
666 2400 722 2432 So.
746 2400 806 2431 Vis
820 2401 877 2431 tibi
893 2401 1021 2432 dicam?
1066 2400 1154 2432 Tun.
1178 2399 1223 2431 Ut
1238 2400 1334 2430 lubet.
1381 2397 1440 2428 So.
1465 2397 1543 2428 Haec
1560 2402 1644 2430 sunt·

173 2464 244 2495 quae
271 2453 315 2484 ait
330 2453 494 2484 Anacreon
510 2455 608 2495 ipsam
625 2454 821 2486 Callicratem
838 2465 942 2487 nosse.
966 2455 1079 2486 audisti
1104 2453 1252 2485 carmen?
1298 2452 1385 2483 Tm.
1411 2451 1538 2483 Audivi.
1583 2451 1642 2483 So.

177 2507 264 2545 Quid
281 2506 397 2547 igitur?
422 2506 643 2547 hujusmodine
673 2508 729 2538 viri
744 2509 1003 2540 consuetudinem
1027 2508 1130 2550 cupis,
1153 2508 1206 2550 qui
1230 2507 1385 2549 particeps
1407 2510 1488 2536 esset
1503 2505 1646 2546 ejusdem

175 2560 260 2597 artis,
276 2560 368 2601 cujus
385 2565 416 2590 et
433 2560 616 2592 Callicrates
633 2561 744 2604 Cyane
762 2567 846 2599 nata,
863 2562 1016 2603 sciretque
1032 2562 1208 2604 tyrannica,
1223 2570 1293 2601 quae
1310 2558 1510 2591 Callicratem
1523 2559 1644 2589 novisse

173 2614 274 2657 poeta
288 2614 390 2656 inquit
405 2624 414 2653 ;
432 2620 465 2645 ut
475 2615 565 2645 nobis
580 2620 612 2646 et
626 2616 745 2648 civitati
759 2622 910 2658 tyrannus
922 2616 1062 2648 efficiaris
1078 2617 1088 2646 ?
1133 2615 1220 2646 Tur-2.
1243 2613 1436 2645 Jamdudum
1450 2623 1497 2643 me
1510 2613 1645 2649 mordes.

175 2667 330 2705 Socrates,
353 2673 448 2709 atque
461 2668 579 2700 irrides.
624 2670 680 2701 So.
704 2670 940 2707 Quamobrem?
963 2680 1067 2700 nonne
1092 2669 1147 2706 ais,
1170 2669 1251 2698 hanc
1275 2672 1304 2698 te
1319 2666 1505 2708 sapientiam
1521 2671 1643 2707 optare,

178 2731 242 2762 qua
266 2722 388 2753 cunctis
414 2723 548 2764 imperes
573 2722 717 2754 civibus?
741 2725 827 2766 atqui
852 2725 920 2756 haec
945 2724 1073 2761 faciens,
1099 2723 1226 2754 aliudne
1252 2731 1346 2763 quam
1372 2726 1521 2762 tyrannus
1537 2721 1642 2751 esses?

175 2775 263 2806 Tun.
286 2775 436 2817 Optarent
453 2777 599 2818 equidem
617 2778 756 2808 omnium
772 2778 945 2815 hominum,
960 2778 1008 2809 vel
1027 2788 1119 2819 quam
1136 2776 1337 2818 plurimorum
1354 2774 1522 2816 tyrannide
1536 2774 1642 2814 potiri,

175 2828 274 2871 [126]
299 2831 384 2871 quod
401 2830 483 2862 idern
499 2832 539 2862 de
555 2836 584 2862 te
609 2842 646 2862 ac
660 2831 771 2862 ceteris
795 2833 938 2863 omnibus
955 2832 1107 2869 arbitror,
1131 2830 1179 2861 vel
1204 2828 1309 2870 potius
1325 2827 1413 2858 Deus
1429 2837 1508 2857 esse.
1533 2836 1639 2856 verum

176 2888 280 2914 tamen
296 2894 360 2914 non
375 2885 435 2915 hoc
450 2890 598 2927 appetere.
614 2886 769 2917 dicebam.
814 2886 871 2919 So.
897 2886 982 2923 Quid
1000 2886 1125 2917 tandein
1149 2890 1197 2915 est
1211 2885 1282 2919 hoc,
1299 2881 1382 2924 quod
1400 2880 1511 2921 cupis?
1537 2889 1640 2909 nonne

175 2936 293 2967 civibus
310 2940 465 2978 praeesse?
512 2939 600 2972 Tne.
625 2939 700 2970 'Non
718 2941 748 2971 vi
764 2940 901 2982 quidem,
921 2950 1022 2980 neque
1039 2945 1073 2971 ut
1090 2938 1237 2985 tyrann-R
1262 2938 1315 2968 sed
1334 2934 1519 2969 volentibus,
1531 2943 1643 2974 quem·

274 2991 360 3023 Plal.
388 2992 440 3024 Τι’.
941 2994 987 3025 Π.
1529 2987 1555 3018 Ε
