1840 3225
126 229 223 279 395]
512 226 584 263 DE
616 222 924 262 REPUBLICA
955 224 1054 261 LIB.
1087 224 1159 261 ΙΙΙ.
1502 227 1576 263 119

125 342 245 372 semper
260 331 400 372 exponit,
417 337 480 360 tum
498 329 587 360 reb‘us
603 326 696 368 gestis
711 326 793 366 apud
813 325 916 360 Ilium,
937 331 999 355 tum
1017 326 1101 366 apud
1118 326 1269 361 Ithacam,
1286 326 1316 356 in
1335 326 1478 368 Odyssea
1508 337 1582 357 can-

123 384 206 416 tatis.
253 385 335 415 Am.
358 384 409 415 Sic
424 388 471 414 est
486 382 624 413 omnino.
668 380 723 412 So,
748 379 863 410 Nonne
879 379 972 419 igitur
988 378 1120 408 narratio
1143 385 1201 416 est,
1218 386 1249 410 et
1275 381 1402 421 quando
1427 381 1581 411 orationes

122 438 286 468 continuas
301 437 400 474 affert,
417 442 448 467 et
463 436 589 478 quando
605 445 653 469 ea,
668 444 738 475 qnte
755 433 834 463 inter
848 433 931 473 ipsas
958 431 1181 463 intercedunt?
1227 433 1308 465 Ani.
1333 434 1479 471 Quidni?
1525 435 1581 465 So.

124 491 237 522 Verum
253 502 324 523 cum
341 491 510 522 orationem
527 490 652 531 profert,
670 494 816 529 tanquam
834 487 912 517 alius
927 487 1053 528 quidam
1070 489 1119 523 sit,
1137 498 1240 518 nonne
1258 494 1332 519 tunc
1349 489 1490 520 dicemus
1513 499 1582 519 ora-

122 545 237 576 tionem
253 555 338 576 suam
355 545 398 575 illi
413 555 504 586 quam
530 543 718 573 simillimam
746 542 885 579 reddere,
899 552 991 582 quein
1020 541 1199 581 loquentem
1224 543 1456 573 introduxerat?
1502 543 1585 573 Ani.

121 598 242 635 Quidni
257 599 419 630 dicamus?
464 598 520 629 So.
544 596 595 627 An
611 607 673 626 non
691 595 776 626 alteri
788 606 819 626 se
834 595 964 625 similem
979 595 1107 625 reddere
1123 596 1170 626 vel
1186 595 1283 636 figura
1298 597 1344 627 vel
1358 607 1444 632 voce,
1456 601 1583 627 esteum

121 652 246 691 imitari,
261 652 313 683 cui
329 652 404 682 facit
417 662 449 682 se
464 651 595 682 similem
610 651 621 680 ?
668 650 749 680 Am.
774 649 886 680 Procul
903 649 1010 680 dubio.
1057 648 1110 679 So.
1137 649 1174 679 [n
1192 650 1251 680 hoc
1268 649 1371 690 igitur,
1388 655 1422 679 ut
1450 650 1584 685 videtur,

120 710 153 735 et
167 706 234 746 ipse
248 710 281 736 et
294 705 403 747 reliqui
420 704 525 746 po'e'tae
538 715 591 745 per
606 702 812 734 imitationem
829 707 962 734 narrant.
996 702 1079 733 Am.
1103 703 1275 735 Assentior.
1322 703 1378 734 So.
1402 702 1465 733 Ubi
1478 708 1581 734 autem

120 769 153 790 se
169 769 232 789 non
246 758 328 790 celat
343 759 451 800 potita,
467 759 609 788 universa
626 757 678 787 illa
694 757 797 798 poe'sis
814 761 846 787 ct
862 757 994 787 narratio
1006 756 1073 787 sine
1083 757 1260 788 imitatione
1273 762 1330 787 est.
1354 757 1406 787 Nc
1418 762 1520 787 autem
1535 757 1584 787 di-

121 822 173 843 cas
189 817 218 843 te
229 823 331 853 neque
343 813 402 843 hoc
412 812 538 853 quidem
552 811 738 851 intelligere,
749 810 907 851 quomodo
920 809 985 846 fiat,
996 820 1055 851 ego
1069 810 1183 841 dicam.
1201 810 1224 840 si
1237 810 1320 840 enim
1335 810 1500 846 Homerus,
1512 820 1582 840 cum

119 865 246 896 dixisset
259 866 410 908 Clirysem
427 866 545 896 venisse
561 865 656 894 filiam
669 865 899 905 redempturum
912 869 944 894 et
956 864 1146 904 supplicasse
1160 863 1292 894 Achivis
1305 864 1526 904 praecipueque
1539 874 1585 893 re-

120 919 222 960 gibus,
239 918 389 959 deinceps
404 929 466 949 uon
484 924 631 958 tanquam
649 917 777 958 Chrysis
792 917 846 947 sed
864 917 1021 947 Homerus
1033 924 1114 948 esset
1127 918 1260 953 loeutus,
1273 918 1353 948 nosti
1363 918 1504 958 profecto
1517 917 1585 947 imi-

119 972 269 1003 tationem
281 972 364 1003 illam
378 982 442 1002 non
453 971 545 1001 fuisse
559 970 701 1005 suturam,
711 970 764 1000 sed
775 969 946 1010 simplicem
958 970 1175 1000 narrationem.
1188 971 1231 1001 sic
1243 981 1313 1001 vero
1321 981 1353 1001 se
1362 981 1407 1001 res
1416 971 1587 1002 habuisset.

120 1025 222 1056 dicam
237 1026 320 1056 enim
337 1025 403 1056 sine
418 1035 520 1060 versu,
537 1034 606 1055 cum
622 1033 686 1053 non
711 1023 765 1053 sim
790 1023 948 1064 poeticus.
992 1023 1157 1055 Profectus
1171 1025 1313 1056 sacerdos
1329 1025 1512 1065 precabatur
1527 1025 1589 1056 illis

122 1078 209 1109 Deos
224 1079 309 1115 dare,
328 1083 363 1108 ut
385 1078 555 1109 incolumes
579 1077 638 1118 ipsi
661 1077 785 1117 Trojam
810 1083 970 1118 caperent,
986 1076 1107 1118 sibique
1123 1079 1259 1119 acceptis
1281 1078 1372 1109 donis
1388 1078 1481 1109 filiam
1498 1079 1588 1110 resti·

121 1137 254 1169 tuerent,
272 1132 376 1163 Deum
405 1131 587 1172 Apollinem
615 1137 807 1161 venerantes.
831 1132 897 1162 liaec
919 1141 990 1162 cum
1013 1131 1154 1167 dixisset,
1177 1131 1287 1172 reliqui
1311 1132 1479 1162 sacerdotis
1502 1132 1588 1163 dicta

122 1186 302 1226 probarunt,
319 1186 537 1226 Agamemnon
554 1194 624 1215 vero
641 1183 769 1214 nimium
786 1184 980 1224 perturbatus
996 1184 1096 1225 ipsum
1123 1185 1264 1225 protinus
1278 1185 1477 1226 abimjussit,
1492 1185 1536 1216 ita
1552 1190 1587 1216 ut

121 1249 160 1269 ne
185 1249 285 1270 rursus
306 1239 440 1277 rediret;
463 1249 564 1280 neque
589 1238 670 1268 enim
695 1237 755 1278 ipsi
780 1237 843 1268 Dei
869 1247 1015 1268 coronam
1039 1243 1093 1267 aut
1116 1243 1270 1279 sceptrum
1294 1239 1476 1280 profutura:
1503 1249 1586 1270 asse-

119 1293 254 1333 ruitque,
272 1292 447 1333 priusquam
463 1292 524 1332 ipsi
547 1291 642 1321 filiam
658 1292 812 1328 redderet,
828 1291 893 1321 sore
918 1296 954 1321 ut
979 1291 1032 1321 illa
1056 1302 1160 1322 secum
1177 1292 1208 1322 in
1225 1292 1312 1333 Argo
1328 1298 1586 1324 consenesceret:

120 1346 320 1386 quamobrem
335 1345 444 1385 abiret,
458 1346 636 1386 ipsumque,
651 1350 686 1375 ut
708 1345 811 1375 salvus
835 1345 918 1376 abire
938 1350 1053 1385 posset,
1071 1344 1168 1388 [394]
1187 1357 1248 1377 non
1264 1347 1405 1379 irritaret.
1428 1357 1498 1388 quae
1514 1357 1585 1378 cum

121 1399 260 1429 audisset
274 1409 378 1435 senex,
395 1399 536 1429 extimuit
554 1398 728 1440 tacitusque
751 1398 903 1430 discessit.
928 1404 1027 1429 castra
1043 1404 1146 1430 autem
1170 1411 1321 1441 egressus,
1337 1400 1469 1441 supplex
1487 1400 1586 1441 Apol-

120 1452 226 1488 linem,
244 1453 339 1483 multa
353 1452 421 1493 ejus
435 1453 602 1494 agnomina
616 1463 872 1489 commemorans,
889 1453 998 1488 oravit,
1015 1454 1040 1484 si
1055 1455 1129 1495 quid
1153 1464 1288 1495 unquam
1303 1460 1357 1485 aut
1372 1456 1404 1485 in
1426 1455 1585 1486 aedifican-

120 1506 170 1537 dis
186 1506 310 1547 templis
335 1512 390 1537 aut
414 1507 522 1537 hostiis
547 1506 674 1537 litandis
692 1506 736 1537 illi
763 1512 881 1547 gratum
909 1507 1076 1545 effecisset,
1095 1513 1129 1538 ut
1153 1509 1277 1549 puniret
1293 1509 1431 1540 Achivos
1450 1519 1585 1550 suasque

122 1560 260 1591 lacrimas
286 1559 407 1601 sagittis
432 1560 643 1591 ulcisceretur.
689 1560 785 1592 Hunc
811 1561 843 1591 in
870 1562 1009 1597 modum,
1025 1572 1044 1592 o
1070 1561 1182 1598 amice,
1207 1563 1337 1604 simplex
1361 1562 1493 1593 narratio
1518 1563 1586 1593 sine

122 1613 294 1644 imitatione
309 1614 463 1655 procedit.
508 1613 588 1651 Am.
612 1613 759 1655 Intelligo
770 1615 848 1656 jam.
893 1616 950 1646 So.
974 1615 1016 1646 Et
1030 1615 1109 1646 illud
1131 1622 1278 1657 praeterea
1293 1617 1386 1655 scito,
1401 1616 1587 1648 contrariam

123 1667 194 1698 huic
207 1678 285 1704 esse,
301 1678 372 1699 cum
397 1667 523 1699 remotis
546 1668 650 1709 poetae
677 1669 790 1708 verbis,
807 1680 877 1711 quae
901 1670 982 1700 inter
1003 1670 1159 1700 orationes
1181 1671 1374 1702 intercedere
1390 1670 1503 1708 solent,
1519 1680 1586 1700 ora-

122 1720 223 1752 tiones
238 1721 313 1762 ipsae
329 1721 463 1752 vicissim
477 1722 667 1753 continuatae
683 1723 912 1764 relinquuntur.
960 1723 1043 1754 Am.
1067 1723 1106 1754 Id
1124 1734 1249 1766 quoque
1266 1724 1418 1766 intelligo.
1443 1730 1491 1755 est
1504 1725 1587 1755 enim

123 1774 302 1815 hujusmodi
318 1775 466 1815 tragoedia
481 1780 574 1817 atque
596 1776 761 1808 comoedia.
808 1777 864 1808 So.
887 1777 990 1808 Recte
1004 1777 1172 1808 admodum
1187 1778 1337 1820 accepisti
1352 1791 1359 1809 z
1384 1779 1589 1820 existimoque

121 1828 176 1858 tibi
188 1827 254 1869 jam
270 1838 353 1859 nunc
369 1829 499 1870 aperire,
514 1831 598 1870 quod
621 1830 653 1860 in
669 1830 876 1872 superioribus
892 1831 1051 1872 percipere
1066 1842 1129 1862 non
1152 1833 1289 1868 valebas,
1306 1832 1426 1873 poesim
1442 1832 1590 1863 videlicet

122 1881 358 1924 fabularumque
373 1883 522 1924 figmenta
537 1889 591 1914 aut
606 1894 672 1915 esse
694 1885 822 1915 omnino
839 1895 892 1926 per
906 1885 1124 1926 imitationem,
1140 1887 1403 1926 quemadmodum
1418 1887 1487 1927 ipse
1502 1886 1588 1918 dice.-

123 1935 190 1972 bas,
216 1935 248 1965 in
276 1937 425 1977 tragoedia
451 1942 545 1978 atque
571 1937 722 1968 comoedia
738 1949 745 1967 z
771 1943 826 1968 aut
852 1948 907 1978 per
928 1937 1174 1969 enuntiationem
1203 1939 1307 1980 poe'tae
1334 1939 1474 1981 proferri,
1501 1940 1586 1980 quod

124 1989 254 2020 maxime
268 1989 301 2020 in
326 1990 533 2032 dithyrambis
550 1990 715 2031 inspicitur
731 2002 737 2020 :
763 1995 814 2021 aut
841 2001 894 2030 per
919 1996 1048 2032 utraque
1072 1991 1196 2027 confici,
1211 1997 1246 2022 ut
1260 1992 1294 2023 in
1309 1992 1442 2024 heroicis
1456 1993 1588 2034 aliisque

125 2042 229 2073 multis
244 2048 388 2084 apparet,
404 2044 429 2074 si
444 2044 537 2074 modo
550 2044 709 2085 intelligis.
753 2043 836 2074 Am.
859 2044 1008 2085 Intelligo
1026 2044 1106 2085 jam,
1122 2047 1208 2086 quod
1224 2051 1298 2077 tunc
1320 2046 1432 2077 inferre
1448 2046 1588 2078 volebas,

123 2095 181 2126 So.
206 2096 301 2137 Atqui
327 2097 418 2127 etiam
446 2102 518 2129 ante
545 2098 604 2129 hoc
630 2103 797 2134 memento,
812 2098 896 2138 quod
919 2098 1113 2133 dicebamus,
1138 2109 1208 2139 quae
1234 2099 1369 2131 dicenda
1394 2105 1508 2136 essent,
1521 2099 1589 2141 jam

123 2150 300 2191 expositum
326 2161 393 2181 esse
408 2163 415 2180 :
440 2161 502 2192 quo
527 2156 630 2182 autem
656 2151 752 2181 modo
777 2151 945 2182 dicendum
971 2157 1064 2186 esset,
1081 2152 1230 2194 deinceps
1256 2163 1411 2194 exponere
1435 2159 1590 2195 oportere.

127 2203 209 2234 Aoi.
232 2204 366 2235 Memini
391 2204 547 2246 equidem.
592 2204 648 2237 So.
673 2204 744 2235 Hoc
768 2205 861 2245 igitur
885 2211 961 2241 erat,
987 2206 1072 2246 quod
1098 2211 1239 2246 oportere
1265 2206 1408 2237 dicebam
1430 2207 1512 2238 inter
1531 2218 1589 2238 nos

125 2258 303 2300 convenire,
317 2262 418 2289 utrum
443 2258 579 2289 sinamus
606 2258 717 2299 poetas
742 2258 915 2290 imitatione
931 2264 1082 2300 perpetua
1097 2259 1152 2295 uti,
1170 2270 1207 2290 an
1225 2261 1334 2301 partim
1350 2261 1462 2292 imitari
1478 2262 1588 2302 partim

127 2310 252 2342 minime
267 2323 274 2342 ι
297 2317 330 2342 et
352 2313 458 2353 qualia
473 2317 602 2353 utraque
617 2313 678 2343 sint
693 2324 699 2342 z
724 2323 762 2342 an
780 2312 856 2342 nihil
874 2313 997 2353 penitus
1012 2312 1134 2344 imitari.
1178 2313 1262 2344 Am.
1286 2313 1429 2355 Auguror
1443 2315 1590 2356 equidem

123 2365 386 2396 consideraturum
415 2373 458 2406 te,
484 2371 585 2396 utrum
610 2366 790 2408 recipienda
813 2367 853 2396 sit
867 2367 1021 2398 comoedia
1049 2372 1081 2397 et
1108 2368 1256 2408 tragoedia
1277 2368 1308 2398 in
1324 2368 1461 2409 civitate,
1476 2379 1588 2399 necne.

125 2417 184 2449 So.
208 2417 350 2449 Fortasse
365 2424 468 2450 autem
484 2425 516 2450 et
531 2420 577 2450 liis
593 2420 692 2460 plura.
708 2421 847 2451 nondum
863 2421 945 2450 enirn
963 2420 1035 2450 novi
1052 2432 1059 2450 :
1085 2421 1139 2451 sed
1156 2431 1217 2462 qua
1232 2421 1309 2451 ratio
1326 2426 1359 2451 ut
1375 2427 1484 2452 ventus
1498 2421 1588 2457 seret,

125 2481 163 2502 eo
178 2472 315 2502 eundum
330 2477 387 2503 est*
434 2473 518 2504 Aur.
542 2473 693 2504 Praeclare
706 2473 851 2514 loqueris.
895 2473 950 2503 So-
975 2473 1045 2504 Hoc
1061 2474 1164 2514 igitur,
1180 2485 1198 2504 o
1214 2474 1397 2511 Adimante‚
1413 2475 1590 2512 considera,

125 2530 226 2555 utrum
254 2526 424 2556 imitatores
448 2537 504 2556 nos
530 2527 641 2557 habere
667 2528 812 2559 custodes
838 2533 993 2568 oporteat,
1019 2538 1129 2559 necne.
1160 2528 1206 2558 vel
1234 2528 1294 2559 hoc
1319 2538 1356 2558 ex
1382 2528 1590 2569 superioribus

129 2580 258 2619 pendet,
273 2580 357 2621 quod
373 2580 487 2620 singuli
502 2580 623 2621 singula
645 2586 728 2612 recte
752 2581 905 2612 conficere.
932 2586 1073 2622 possunt,
1090 2581 1179 2622 plura
1194 2591 1265 2612 vero
1290 2581 1414 2612 minime
1433 2594 1438 2611 :
1465 2583 1549 2623 quod
1566 2583 1592 2613 si

128 2633 197 2673 quis
216 2633 302 2674 plura
324 2638 452 2664 tractare
468 2634 675 2674 aggrediatur,
691 2635 721 2665 in
746 2635 875 2676 singulis
891 2635 934 2666 ita
949 2635 1086 2671 deficiet,
1102 2640 1137 2665 ut
1159 2635 1189 2665 in
1207 2634 1292 2665 nullo
1307 2635 1419 2665 evadat
1439 2637 1592 2677 egregius·

130 2686 210 2717 Ani.
233 2687 284 2718 Sic
300 2698 421 2728 prorsus
444 2688 610 2720 accideret.
656 2689 712 2720 So.
736 2688 853 2720 Nonne
868 2694 900 2719 et
915 2690 954 2720 de
978 2689 1150 2719 imitatione
1172 2689 1281 2719 eadem
1298 2689 1387 2726 ratio,
1403 2690 1486 2730 quod
1504 2689 1591 2730 plura

127 2740 237 2781 aliquis
253 2751 340 2782 aeque
356 2752 392 2772 ac
407 2752 501 2772 uuum
518 2742 596 2773 bene
612 2742 724 2772 imitari
749 2753 810 2773 non
828 2744 953 2784 potest?
999 2742 1083 2773 on.
1109 2742 1182 2773 Non
1199 2748 1293 2773 certe.
1339 2743 1393 2773 So.
1419 2742 1589 2784 Nunquam

130 2794 223 2835 igitur
248 2795 351 2826 studio
379 2795 474 2838 [395]
504 2796 599 2827 alicui
624 2797 827 2828 {estimatione
855 2797 951 2839 digno
977 2797 1046 2838 quis
1069 2797 1158 2827 simul
1183 2796 1352 2832 incumbet,
1368 2801 1400 2826 et
1423 2796 1593 2826 imitabitur

130 2848 225 2878 multa
238 2848 333 2879 eritve
348 2849 481 2880 imitator
495 2850 627 2881 idoneus
644 2863 650 2880 :
675 2851 801 2892 quando
826 2861 927 2891 neque
943 2852 1020 2882 duas
1035 2850 1162 2891 quidem
1176 2850 1380 2886 imitationes,
1395 2860 1464 2891 quae
1481 2860 1588 2890 parum

130 2900 252 2932 differre
267 2902 346 2934 inter
360 2913 392 2934 se
409 2903 563 2945 videntur,
577 2904 667 2935 iidem
686 2904 825 2936 homines
841 2905 919 2936 bene
935 2905 1023 2935 simul
1040 2910 1168 2936 tractare
1185 2911 1315 2945 possunt
1331 2915 1339 2942 3
1355 2908 1388 2934 ut
1403 2903 1586 2935 comoediam
