1840 3225
144 204 214 255 87]
782 203 1015 243 TJMAEUS.
1539 207 1617 245 273

140 312 239 351 taque
253 298 404 341 violenter
417 299 596 352 procellam
613 308 695 339 inlus
721 299 948 349 tremoremque
972 307 1046 340 ciet.
1078 314 1215 341 ceterum
1222 302 1356 352 'quando
1371 301 1492 342 uberior
1503 310 1614 349 affluit,

142 363 246 394 calore
261 365 387 406 proprio
409 365 580 405 ligamenta
595 371 784 404 exsuperans
799 368 973 404 praeterque
988 363 1116 394 modum
1132 370 1319 402 exaestuans,
1335 371 1436 397 servat
1455 365 1585 407 quidem
1602 377 1612 404 3

139 419 189 453 ac,
199 418 225 448 si
241 419 389 450 continue
405 418 446 448 ad
462 419 554 448 finem
569 427 668 458 usque
683 415 798 447 idonea
813 416 951 448 vietoriae
964 417 1014 454 sit,
1030 423 1177 459 penetrat
1191 418 1224 450 in
1247 419 1413 458 medullas,
1429 419 1612 461 adustisque

138 472 297 503 radicibus
308 473 381 503 inde
393 473 503 502 animae
519 472 656 506 vincula,
673 471 761 511 quasi
776 470 867 501 navis
881 471 983 507 funes,
993 473 1123 503 resolvit
1142 479 1175 504 et
1190 475 1544 516 amputat‚liberamque
1561 474 1611 505 di-

138 526 245 558 mittit.
269 526 325 558 sed
340 537 410 558 eum
425 526 552 557 inser-ior
562 526 652 556 adest
667 535 839 566 corpusque
853 525 1033 567 liquescens
1048 527 1078 557 ei
1092 527 1220 563 resistit,
1236 528 1304 569 ipsa
1319 529 1467 560 devincta
1482 533 1535 559 aut
1551 538 1610 569 per

136 584 237 612 totum
259 592 370 623 corpus
386 581 504 612 excidit
522 586 576 610 aut
591 590 646 620 per
661 590 755 610 venas
770 580 804 610 in
820 586 959 610 ventrem
982 581 1161 612 inferiorem
1176 582 1408 623 superioremve
1434 582 1611 623 compulsa,

139 639 289 678 tanquam
304 635 462 676 transfuga
477 645 516 664 ex
542 634 691 665 seditiosa
706 634 843 670 civitate,
860 635 904 665 sic
919 634 1032 676 effugit
1055 646 1073 665 e
1089 646 1229 677 corpore,
1245 636 1431 678 morbosque
1445 647 1502 667 eos
1516 637 1609 667 indu-

136 687 191 726 cit,
209 688 284 731 [86]
302 700 377 730 quos
395 689 564 719 diarrhoeas
581 693 697 719 vocant
711 692 743 718 et
767 688 973 729 dysenlerias‚
988 688 1021 718 id
1038 694 1086 720 est
1105 690 1206 720 fluxus
1220 690 1336 721 ventris
1348 690 1482 721 lubricos
1496 691 1611 722 fluxus·

137 753 200 785 que
210 743 383 780 mordaces,
392 753 452 774 nec
465 740 529 773 non
542 743 656 773 multas
671 743 793 783 generis
805 743 946 785 ejusdem
965 742 1045 773 alias
1072 744 1234 775 molestias
1248 744 1353 775 infert.
1376 744 1502 786 quando
1514 745 1610 786 igitur

136 807 250 838 corpus
262 797 346 838 ignis
359 798 556 839 potissimum
571 807 702 829 excessu
714 797 854 838 languet,
864 796 1015 828 continua
1028 797 1114 828 febre
1130 798 1250 829 laborat
1263 810 1269 828 2
1284 798 1411 841 quando
1423 809 1497 830 vero
1513 798 1608 831 aeris,

133 850 319 892 quotidiana
339 851 474 883 discreta
489 863 497 881 ε
514 862 615 893 aquae,
627 851 773 887 tertiana,
787 858 954 892 propterea
971 851 1056 893 quod
1066 861 1147 893 aqua
1167 853 1290 894 segnior
1305 857 1354 884 est
1369 864 1464 895 quam
1472 852 1556 894 ignis
1574 857 1609 883 et

135 904 201 937 aer.
217 910 307 936 terrae
319 905 443 937 demum
460 917 599 942 excessu,
609 911 771 948 quartana,
783 911 865 936 terra
885 906 1039 947 siquidem
1050 907 1192 938 omnium
1199 906 1378 938 tardissima
1385 912 1495 949 quarto
1509 906 1608 948 gradu

134 969 209 991 cum
222 960 272 997 sit,
281 961 431 1002 temporis
447 961 577 992 circuitu
591 968 701 1002 quarto
723 961 824 991 fervet
845 960 1048 1002 defervetque
1059 972 1066 990 z
1079 960 1154 991 hinc
1178 966 1347 1003 quartanas
1360 961 1483 992 invehit
1492 961 1609 997 febres,

134 1024 206 1057 quae
216 1015 266 1045 vix
284 1025 417 1056 seroque
433 1020 590 1046 sanantur.
614 1014 721 1056 Atque
741 1015 799 1045 hoc
816 1014 942 1055 quidem
955 1019 1048 1055 pacto
1056 1015 1194 1056 corporis
1210 1016 1311 1047 morbi
1321 1016 1518 1058 contingunt.
1539 1015 1610 1046 ania

135 1078 196 1099 mae
211 1079 284 1100 vero
305 1069 405 1100 morbi
415 1075 544 1111 propter
563 1069 700 1110 corporis
721 1068 863 1099 habitum
879 1069 925 1099 ita
940 1074 1121 1100 nascuntur.
1136 1070 1278 1100 morbum
1289 1071 1401 1101 animae
1415 1070 1608 1101 dementiam

136 1131 206 1154 esse
222 1133 399 1156 censemus.
424 1124 489 1166 ejus
506 1135 620 1165 genera
632 1123 695 1154 duo
709 1123 1032 1165 ponimus‚insaniam
1041 1129 1074 1154 et
1082 1124 1281 1165 imperitiam,
1305 1135 1502 1166 quaecunque
1516 1124 1610 1170 igitur

133 1177 240 1217 passio
255 1178 436 1208 alremtrum
450 1178 578 1209 istorum
594 1178 701 1218 infert,
709 1178 804 1208 animi
821 1177 972 1219 aegritudo
989 1183 1038 1208 est
1052 1179 1276 1219 nuncupanda.
1300 1179 1413 1211 iccirco
1426 1179 1608 1220 voluptates

133 1230 320 1273 doloresque
342 1232 512 1263 admodum
528 1233 731 1263 vehementes
754 1233 929 1263 morborum
951 1232 1064 1263 animae
1088 1233 1227 1263 omnium
1242 1233 1418 1274 gravissimi
1428 1233 1608 1276 judicandi.

132 1285 274 1327 quisquis
288 1287 374 1317 enim
385 1286 434 1317 vel
451 1286 549 1317 nimia
560 1287 655 1328 gestit
666 1287 776 1318 laetitia
788 1288 839 1318 vel
852 1287 951 1318 nimio
964 1287 1073 1318 dolore
1086 1287 1282 1329 deprimitur,
1296 1288 1371 1319 dum
1384 1288 1470 1319 illam
1483 1287 1608 1319 avidius

130 1339 403 1383 importuniusque
419 1340 583 1378 asciscere,
599 1342 682 1372 hunc
696 1342 795 1372 vitare
811 1341 924 1373 obnixe
947 1346 1087 1379 conatur,
1102 1352 1208 1383 neque
1225 1352 1352 1373 cernere
1366 1353 1471 1384 neque.
1496 1341 1606 1373 audire

128 1398 214 1424 recte
230 1394 399 1438 quicquam
418 1400 537 1436 potest,
562 1395 619 1426 sed
633 1395 720 1426 rabie
736 1396 819 1433 furit,
835 1402 869 1427 et
882 1395 916 1427 in
931 1406 970 1427 eo
995 1396 1102 1427 habitu
1119 1396 1308 1427 constitutus
1320 1397 1451 1428 minime
1474 1395 1607 1427 rationis

131 1452 181 1479 est
195 1459 335 1490 compos.
357 1449 411 1491 qui
430 1460 504 1480 vero
529 1449 662 1491 plurimo
684 1450 846 1492 fluidoque
867 1450 950 1482 circa
963 1450 1138 1481 medullam
1157 1451 1298 1482 abundat
1313 1452 1444 1487 semine,
1461 1456 1556 1493 atque
1571 1455 1608 1481 ut

132 1502 221 1534 arbor
234 1503 373 1544 pluribus
387 1514 482 1545 quam
500 1504 669 1536 conveniat
687 1504 839 1536 fructibus
862 1505 992 1556 gravida
1005 1505 1104 1536 nimia
1113 1505 1254 1536 ubertate
1270 1505 1451 1542 luxuriat‚is
1466 1505 1608 1548 profecto

133 1610 346 1654 fructibusque
361 1612 503 1649 affectus,
518 1623 577 1654 per
590 1624 715 1644 omnem
725 1614 824 1645 ferme
838 1615 937 1646 vitam
950 1614 990 1645 ob
1004 1615 1150 1656 ingentes
1166 1614 1345 1656 voluptates
1359 1614 1543 1656 doloresque
1557 1613 1608 1655 inf

136 1665 218 1696 sunit
232 1676 269 1697 ac
284 1666 359 1698 furit
375 1678 383 1696 :
400 1677 534 1709 cumque
549 1668 641 1710 hujus
656 1668 780 1699 animus
796 1674 924 1709 propter
937 1679 1049 1710 corpus
1068 1678 1151 1709 aeger
1164 1668 1207 1699 sit
1221 1673 1317 1708 atque
1333 1668 1497 1708 insipiens,
1513 1667 1609 1709 vulgo

131 1724 240 1751 tamen
249 1731 315 1752 non
327 1731 420 1762 aeger,
432 1722 487 1751 sed
505 1732 560 1763 pro
570 1723 734 1753 voluntate
747 1732 814 1758 sua,
826 1727 861 1753 ut
875 1722 964 1757 libet,
976 1722 1109 1752 affectus
1120 1722 1200 1752 falso
1212 1725 1351 1762 putatur.
1374 1722 1491 1753 veritas
1502 1727 1608 1753 autem

132 1774 180 1819 sic
194 1774 300 1807 habet.
322 1784 437 1815 nempe
454 1785 652 1806 venereorum
668 1774 913 1816 intemperantia
927 1774 1063 1805 maxima
1077 1785 1114 1805 ex
1129 1779 1219 1816 parte
1233 1780 1362 1817 propter
1377 1776 1501 1817 generis
1516 1776 1610 1807 unius

131 1828 284 1869 habitum,
300 1839 358 1870 per
376 1828 490 1859 ossium
515 1828 674 1859 raritatem
690 1828 724 1859 in
739 1839 867 1870 corpore
892 1828 1047 1860 lubricum
1068 1828 1305 1870 madidumque,
1321 1829 1418 1861 animi
1442 1829 1609 1872 infirmitas

131 1887 190 1915 est.
213 1893 250 1915 ac
265 1883 364 1914 ferme
390 1882 705 1924 omnis1voluptatum
730 1882 971 1918 incontinentia,
999 1893 1081 1924 quae,
1097 1883 1229 1924 perinde
1246 1892 1282 1926 ac
1298 1883 1324 1913 si
1340 1888 1452 1925 sponte
1472 1883 1609 1926 improbi

130 1937 240 1973 simus,
264 1937 433 1979 vituperari
460 1937 552 1973 solet,
566 1948 629 1968 non
654 1941 740 1968 recte
762 1937 808 1967 ita
830 1937 1037 1978 vituperatur.
1062 1947 1156 1968 nemo
1180 1937 1266 1968 enim
1286 1943 1398 1978 sponte
1421 1937 1532 1974 malus,
1549 1938 1607 1970 sed

132 1980 261 2032 propter
275 2001 406 2032 pravum
422 1992 579 2032 quendam
603 1991 738 2033 corporis
753 1992 895 2022 habitum
913 1992 1086 2033 rudemque
1102 1991 1324 2023 educationem
1341 1993 1444 2023 malus
1457 1993 1560 2024 omnis
1573 1993 1610 2024 fit

134 2045 247 2076 malus.
271 2045 413 2077 omnibus
429 2050 534 2077 autem
550 2046 684 2077 adversa
698 2046 889 2088 inimicaque
911 2046 973 2076 ista
987 2051 1068 2082 sunt,
1089 2050 1122 2076 et
1137 2047 1218 2076 mala
1232 2046 1390 2088 noxiaque
1409 2048 1609 2089 contingunt.

133 2108 239 2131 rursus
253 2100 361 2131 dolore
374 2101 507 2132 afflictus
517 2101 637 2131 animus
648 2101 793 2131 similiter
802 2106 929 2142 propter
940 2111 1051 2143 corpus
1063 2100 1096 2131 in
1107 2101 1293 2142 pravitatem
1307 2101 1473 2143 plurimam
1485 2101 1610 2134 incidit.

133 2154 213 2185 acris
228 2154 310 2185 enim
332 2160 365 2186 et
379 2155 495 2185 infesta
513 2155 638 2197 pituita,
655 2155 751 2186 amari
767 2156 842 2186 item
858 2155 1009 2197 felleique
1030 2156 1188 2192 humores,
1204 2156 1330 2197 quando
1351 2156 1531 2187 oberrantes
1551 2163 1613 2198 per

133 2218 246 2249 corpus
262 2219 326 2239 non
350 2210 508 2246 exhalant,
530 2211 585 2240 sed
601 2220 658 2252 per
679 2210 800 2241 viscera
823 2210 957 2241 revoluti
980 2220 1127 2251 vaporem
1149 2220 1241 2241 suum
1267 2210 1481 2251 penetralibus
1496 2211 1613 2242 animans

132 2262 231 2303 ipsius
254 2263 436 2300 infundunt,
455 2264 619 2305 languores
634 2264 747 2295 animae
765 2264 877 2301 varios,
893 2269 927 2295 et
940 2265 1040 2305 magis
1063 2270 1095 2295 et
1108 2264 1224 2300 minus,
1239 2269 1304 2294 tum
1329 2266 1435 2306 plures
1449 2271 1512 2296 tum
1530 2276 1609 2307 pau-

137 2316 237 2347 ciores
254 2317 403 2349 efficiunt.
422 2318 498 2361 [87]
514 2319 712 2360 perferuntur
726 2329 800 2349 sane
817 2318 858 2349 ad
874 2324 935 2349 tres
951 2319 1064 2349 animae
1080 2319 1172 2349 sedes
1186 2319 1331 2349 humores
1344 2329 1536 2361 vaporesque
1551 2320 1608 2351 hu·

129 2369 281 2411 jusmodi,
298 2381 334 2402 ae
349 2382 405 2412 pro
421 2372 480 2403 loci
496 2372 676 2403 diversitate
689 2373 900 2414 unusquisque
917 2373 1014 2404 varias
1026 2374 1146 2414 species
1162 2377 1291 2414 generat
1304 2373 1498 2404 difficultatis
1512 2379 1607 2416 atque

136 2424 299 2461 molestiae,
307 2425 448 2456 audaciae
461 2437 560 2457 rursus
576 2427 826 2469 timiditatisque‚
835 2427 1002 2458 oblivionis
1017 2432 1170 2469 praeterea
1184 2432 1278 2469 atque
1295 2427 1505 2460 hebetudinis.
1520 2438 1608 2470 saepe

136 2478 231 2509 etiam
254 2479 292 2509 ad
309 2489 437 2520 pravum
454 2480 537 2511 hunc
553 2486 755 2522 corporaturae
771 2486 804 2512 et
824 2482 1000 2514 affectionis
1014 2482 1156 2513 habitum
1176 2482 1334 2512 accedunt
1348 2491 1448 2512 mores
1472 2482 1610 2514 civitatis

135 2532 239 2575 iniqui
252 2543 472 2575 sermonesque
488 2539 520 2564 et
534 2535 649 2576 privati
663 2540 695 2566 et
706 2535 825 2577 publici
844 2546 909 2567 non
923 2547 1034 2578 parum
1049 2537 1153 2566 animo
1171 2535 1256 2566 noxii
1268 2546 1276 2573 ;
1291 2545 1352 2567 nec
1365 2535 1437 2566 ullae
1454 2537 1606 2569 doctrinae

137 2587 177 2617 ad
193 2592 349 2618 tantorum
365 2588 517 2619 malorum
532 2589 673 2620 remedia
687 2599 705 2620 a
721 2595 830 2621 tenera
845 2595 937 2621 aetate
954 2590 1129 2623 discuntur.
1154 2594 1249 2632 atque
1263 2590 1318 2626 ita,
1339 2590 1519 2633 quicunque
1535 2602 1608 2624 nos-

138 2645 218 2672 num
234 2641 323 2683 pravi
339 2646 421 2679 sunt,
439 2641 558 2674 duabus
572 2654 610 2674 ex
631 2644 742 2681 causis,
753 2650 868 2687 praeter
883 2645 1074 2677 voluntatem
1089 2644 1223 2676 maxime
1239 2644 1504 2687 contingentibus,
1520 2646 1612 2687 pravi

138 2694 229 2728 fiunt.
259 2696 438 2739 hujusmodi
454 2697 582 2739 quidem
599 2698 751 2729 malorum
765 2709 867 2731 causae
883 2700 1058 2731 serentibus
1072 2699 1176 2741 potius
1191 2707 1287 2740 quam
1300 2698 1388 2737 satis,
1403 2698 1610 2732 educantibus

140 2759 233 2790 quam
249 2751 402 2788 educatis,
418 2752 640 2784 attribuendae.
668 2754 846 2785 conandum
862 2759 969 2786 tamen
985 2764 1041 2797 pro
1055 2753 1185 2789 viribus,
1201 2751 1406 2791 educationis,
1422 2755 1609 2792 studiorum,

140 2802 347 2836 doctrinarum
360 2805 525 2846 diligentia
535 2806 768 2848 improbitatem
779 2808 918 2851 rejicere,
930 2808 1054 2850 assequi
1064 2807 1262 2849 probitatem.
1285 2808 1341 2839 sed
1359 2809 1467 2839 horum
1480 2809 1608 2850 quidem

141 2857 287 2889 tractatio
301 2859 363 2890 alio
373 2865 496 2892 constat
507 2860 682 2892 disserendi
695 2861 798 2894 modo.
810 2862 907 2895 Nunc
917 2864 985 2906 jam
999 2871 1161 2899 converse,
1171 2872 1234 2906 quo
1246 2862 1333 2894 cultu
1342 2863 1494 2905 quibusve
1508 2862 1610 2893 causis

145 2911 282 2952 corporis
300 2913 460 2958 animique
487 2915 619 2949 salutem
635 2915 855 2959 adipiscamur,
872 2918 966 2950 decet
981 2926 1148 2961 exponere.
1165 2916 1282 2960 justius
1297 2917 1380 2950 enim
1395 2922 1444 2948 est
1463 2916 1503 2946 de
1520 2915 1612 2948 bonit

235 2965 325 2999 Ptat,
342 2967 396 3000 Tr.
903 2971 951 3003 11.
1449 2973 1470 3001 2
1487 2969 1525 3001 M
