1840 3225
257 662 611 714 INCERTI
663 659 1088 711 AUCTORIS
1139 659 1579 710 EPINOMIS.

402 875 709 907 ATHENIENSIS
745 875 926 911 HOSPES,
963 873 1444 911 CLINIAS‘CRETENSIS,

573 931 809 962 MEGILLUS
852 929 1246 962 LACEDAEMONIUS.

182 1097 282 1140 [973]
307 1098 395 1136 JAM,
423 1104 459 1130 ut
482 1099 691 1130 communiter
714 1104 935 1136 statueramus,
960 1099 1022 1129 huc
1040 1096 1168 1129 tandem
1189 1106 1299 1128 ornnes
1315 1102 1389 1133 tres,
1405 1107 1424 1128 o
1438 1096 1566 1138 hospes,
1583 1103 1668 1129 recte

179 1153 395 1193 pervenimus,
411 1164 472 1195 ego
489 1158 522 1185 et
536 1159 572 1185 tu
587 1160 620 1185 et
636 1154 687 1185 hic
705 1154 872 1195 Megillus,
889 1153 929 1183 de
955 1153 1127 1194 prudentia
1149 1151 1325 1193 quaesituri,
1353 1162 1415 1193 qua
1437 1152 1561 1182 ratione
1585 1152 1668 1183 illud

181 1207 339 1248 attingere
363 1209 539 1244 valcamus,
561 1218 624 1250 quo
650 1209 817 1240 intellecto
843 1209 1003 1238 humanus
1027 1207 1152 1237 habitus
1175 1207 1299 1247 optime
1323 1216 1368 1241 se,
1385 1212 1538 1247 quantum
1555 1212 1668 1237 natura

180 1261 253 1298 fert,
274 1261 316 1292 ad
344 1262 543 1303 prudentiam
571 1263 680 1294 habet.
704 1268 811 1294 cetera
836 1262 931 1298 enim,
949 1272 1019 1302 quae
1035 1260 1077 1291 ad
1092 1261 1240 1291 ferendas
1255 1261 1344 1302 leges
1362 1260 1576 1301 pertinebant,
1598 1260 1666 1301 jam

181 1316 397 1347 tractavimus.
429 1317 516 1358 quod
544 1327 620 1348 vero
647 1326 680 1348 et
704 1318 840 1348 inventu
864 1322 896 1347 et
921 1316 1009 1347 dictu
1036 1315 1207 1346 maximum
1225 1321 1286 1351 est,
1311 1326 1446 1356 quonam
1460 1314 1624 1351 videlicet,
1641 1307 1670 1345 si

182 1370 344 1410 cognitum
357 1371 408 1407 sit,
425 1371 554 1412 sapiens
569 1373 665 1402 homo
681 1371 747 1408 fiat,
763 1381 867 1412 neque
879 1370 1061 1400 invenimus
1074 1380 1176 1411 neque
1190 1369 1337 1400 diximus.
1352 1379 1460 1399 verum
1473 1370 1563 1399 nullo
1575 1376 1670 1410 pacto

182 1424 494 1464 praetermittendum
517 1436 644 1463 censeo,
667 1436 708 1456 ne
731 1426 798 1456 fere
814 1425 1041 1466 imperfectum
1060 1424 1139 1454 illud
1154 1424 1386 1464 relinquamus,
1403 1423 1489 1465 cujus
1505 1424 1671 1464 aperiendi

182 1478 285 1518 gratia
300 1479 464 1520 hucusque
481 1479 616 1520 profecti
632 1491 750 1510 sumus.
795 1480 937 1511 Arnim.
962 1479 1048 1509 Scite
1072 1478 1222 1519 loqueris,
1239 1489 1257 1508 o
1274 1478 1375 1508 amice
1402 1478 1506 1509 Clinia
1522 1490 1528 1507 :
1554 1488 1671 1509 sermo-

183 1542 258 1562 nem
279 1543 355 1563 vero
377 1534 539 1574 quendam
561 1544 647 1565 nune
666 1535 789 1570 mirum,
806 1539 836 1564 et
852 1544 958 1564 rursus
974 1532 1207 1574 quodammodo
1223 1542 1287 1562 non
1303 1532 1427 1568 mirum,
1443 1532 1622 1562 auditurum
1638 1538 1668 1563 te

182 1592 272 1628 pugo.
293 1588 387 1618 multi
401 1588 488 1618 enim
503 1588 649 1619 fluctibus
666 1589 756 1630 hujus
772 1589 842 1619 vitae
863 1587 976 1628 jactati
1001 1588 1080 1617 illud
1099 1586 1275 1628 praedicant
1291 1587 1459 1616 humanum
1477 1597 1577 1627 genus
1592 1586 1669 1617 felix

180 1646 276 1682 atque
301 1641 430 1672 beatum
454 1653 524 1673 esse
540 1653 604 1672 non
620 1653 726 1683 posse.
743 1642 872 1673 attende
888 1642 986 1682 igitur
1001 1647 1035 1672 et
1051 1641 1232 1677 considera,
1250 1645 1353 1671 utrum
1369 1645 1401 1670 et
1418 1640 1486 1681 ipse
1503 1646 1591 1671 recte
1610 1642 1668 1671 hac

180 1695 222 1725 de
245 1706 279 1725 re
306 1696 411 1727 dicere
438 1697 555 1727 videar.
580 1697 776 1738 impossibile
802 1697 940 1726 arbitror
969 1695 1112 1726 homines
1135 1695 1167 1724 in
1192 1695 1250 1724 hac
1268 1694 1342 1730 vita,
1362 1699 1478 1735 praeter
1494 1695 1668 1725 admodum

182 1759 312 1790 paucos,
329 1749 515 1781 felicitatem
533 1756 567 1781 et
580 1751 810 1781 beatitudinem
827 1750 961 1791 assequi.
986 1750 1069 1780 bona
1090 1757 1196 1780 tamen
1220 1759 1293 1790 spes
1317 1754 1378 1785 est,
1396 1754 1431 1778 ut
1445 1755 1522 1789 post
1537 1754 1670 1780 mortem

181 1804 253 1844 quis
278 1815 316 1834 ea
345 1805 452 1835 omnia
478 1810 702 1846 consequatur,
731 1815 865 1846 quorum
890 1804 1049 1835 desiderio
1077 1813 1228 1834 accensus
1255 1803 1377 1844 optime
1397 1813 1453 1844 pro
1470 1803 1586 1834 viribus
1603 1804 1670 1844 egit

183 1858 280 1888 vitam
306 1864 400 1900 atque
417 1859 532 1900 exegit.
556 1870 615 1890 nec
641 1859 823 1890 inauditum
847 1858 972 1900 aliquid
999 1868 1182 1899 novumque
1212 1857 1347 1893 adduco,
1364 1857 1421 1888 sed
1437 1857 1523 1898 quod
1537 1858 1664 1889 barbari

185 1923 296 1943 omnes
318 1919 352 1943 et
377 1913 486 1944 Graeci
511 1915 606 1944 modo
632 1913 768 1955 quodam
796 1914 1030 1954 cognoscimus.
1053 1923 1147 1943 nemo
1173 1913 1260 1943 enim
1283 1912 1419 1953 ignorat,
1444 1918 1562 1953 quanta
1578 1913 1670 1943 sitin

182 1967 284 2007 prima
297 1967 500 2008 generatione
514 1968 698 1998 animalium
713 1968 893 2003 difficultas,
906 1968 938 1997 in
953 1967 1163 2008 conceptione
1178 1972 1212 1997 et
1227 1973 1318 1996 utero
1336 1966 1487 2007 primum,
1503 1967 1619 1997 deinde
1635 1967 1670 1997 in

183 2021 350 2052 nativitate
377 2027 411 2052 et
432 2027 535 2063 partu,
556 2027 669 2063 postea
691 2022 725 2052 in
751 2022 926 2053 nutritione
951 2027 1047 2062 atque
1075 2021 1274 2052 educatione.
1300 2020 1398 2062 [974]
1425 2030 1494 2050 nam
1508 2031 1565 2061 per
1579 2021 1669 2051 mille

183 2075 304 2105 labores
331 2075 400 2106 fieri
426 2077 493 2107 haec
522 2086 585 2106 non
612 2076 804 2117 ignoramus.
827 2077 923 2107 breve
956 2082 1063 2107 autem
1087 2082 1215 2116 tempus
1240 2082 1299 2111 est,
1325 2086 1388 2105 non
1405 2075 1507 2106 solum
1521 2080 1670 2116 respectu

184 2129 402 2160 diuturnitatis
415 2130 582 2166 malornm,
601 2141 708 2161 verum
723 2131 819 2161 etiam
837 2140 1027 2171 quocunque
1045 2129 1137 2159 modo
1154 2129 1223 2170 quis
1240 2129 1369 2170 cogitet,
1387 2128 1471 2169 quod
1486 2130 1575 2170 quasi
1587 2129 1672 2159 circa

184 2184 327 2214 lnunanae
341 2185 413 2214 vitae
432 2184 571 2215 medium
588 2185 743 2226 respirare
759 2195 930 2226 parumper
945 2194 1003 2214 nos
1021 2184 1106 2227 facit.
1131 2183 1188 2214 sed
1202 2184 1265 2214 cito
1281 2183 1382 2214 tristis
1397 2188 1545 2213 senectus
1561 2194 1671 2224 super-

183 2238 314 2268 veniens
337 2238 446 2275 efficit,
475 2249 516 2269 ne
542 2239 612 2280 quis
639 2244 729 2280 optet
755 2249 863 2269 rursus
883 2239 917 2269 in
943 2238 1041 2268 vitam
1069 2238 1185 2275 redire,
1213 2248 1286 2268 cum
1308 2237 1487 2278 praeteritas
1505 2237 1668 2268 molestias

183 2293 313 2333 cogitet,
330 2293 390 2323 nisi
407 2293 520 2335 puerili
536 2294 685 2335 opinione
701 2294 832 2326 feratur.
856 2304 927 2335 quae
944 2293 1048 2324 onmia
1061 2293 1105 2323 ita
1115 2304 1150 2323 se
1162 2293 1290 2329 habere,
1305 2292 1381 2321 illud
1397 2291 1473 2321 mihi
1485 2296 1670 2332 argumento

187 2351 248 2381 est,
265 2345 350 2386 quod
365 2347 460 2377 modo
473 2347 632 2377 rimamur.
657 2348 828 2388 quserimus
844 2347 941 2382 enim,
958 2357 1094 2388 quonam
1113 2353 1208 2387 pacto
1228 2346 1296 2376 fieri
1319 2346 1483 2386 sapientes
1498 2345 1671 2385 possimus,

184 2400 273 2440 quasi
296 2399 402 2440 aliqua
430 2401 608 2442 hujusmodi
631 2402 679 2432 vis
703 2402 837 2442 singulis
862 2402 946 2432 insit.
969 2411 1040 2442 quae
1064 2401 1196 2442 quidem
1211 2406 1287 2430 tune
1302 2410 1360 2430 nos
1376 2399 1468 2440 fugit,
1487 2398 1614 2440 quando
1629 2398 1671 2428 ad

183 2455 324 2494 aliquam
336 2464 442 2484 earum
460 2454 656 2492 facu!tatem‚
669 2467 738 2496 quae
752 2457 828 2486 artis
841 2456 893 2486 vel
905 2455 1083 2496 prudentia:
1097 2455 1150 2485 vel
1165 2454 1305 2484 scientim
1324 2454 1451 2484 nomine
1465 2453 1674 2484 communiter

185 2509 400 2549 appellantur,
418 2509 488 2549 quis
501 2510 676 2550 perrexerit
690 2521 696 2539 :
723 2515 874 2550 tanquam
889 2510 975 2539 nulla
993 2509 1124 2539 istarum
1141 2509 1171 2538 in
1190 2507 1407 2548 hujuscemodi
1421 2507 1567 2537 humanis
1580 2507 1676 2537 rebus

184 2562 282 2603 digna
298 2563 339 2592 sit
355 2563 521 2604 sapientiae
540 2564 693 2594 vocabulo
705 2565 884 2605 n'uncupari
898 2575 906 2602 3
930 2564 1054 2594 animus
1071 2569 1177 2593 tamen
1191 2562 1285 2593 valde
1299 2561 1449 2597 confidat,
1468 2561 1674 2592 vaticinetur-

183 2627 245 2658 que
261 2617 400 2657 aliquam
416 2617 600 2658 hujusmodi
616 2618 678 2648 vim
691 2618 750 2648 sibi
766 2619 941 2649 secundum
958 2624 1097 2648 namnam
1113 2617 1219 2648 inesse
1235 2628 1243 2654 ·,
1267 2628 1335 2657 quae
1349 2627 1424 2646 vero
1442 2615 1481 2645 sit
1499 2621 1530 2645 ct
1546 2616 1673 2656 quando

186 2677 220 2702 et
248 2671 407 2712 quomodo
433 2671 527 2708 adsit,
554 2672 647 2703 facile
674 2672 815 2703 invenire
838 2682 902 2702 non
929 2673 1041 2713 possit.
1067 2682 1173 2702 nonne
1197 2671 1356 2702 dubitatio
1372 2675 1404 2700 et
1418 2669 1583 2710 inquisitio
1601 2670 1668 2699 liaec

181 2734 288 2756 nostra
303 2726 344 2756 de
359 2725 518 2766 sapientia
530 2727 589 2756 huc
607 2732 730 2766 spectat
744 2727 898 2757 maxime?
927 2728 1019 2767 plena
1034 2727 1183 2756 nimirum
1200 2736 1256 2766 spe
1274 2725 1307 2755 in
1324 2725 1472 2765 singulis,
1489 2724 1671 2764 quicunque

183 2786 216 2809 et
241 2789 274 2809 se
297 2779 385 2819 ipsos
411 2787 445 2810 et
474 2780 552 2810 alios
578 2780 753 2821 prudenter
780 2780 1043 2821 concorditerque
1067 2785 1200 2820 possunt
1227 2780 1258 2810 in
1284 2779 1369 2808 omni
1387 2788 1502 2819 genere
1519 2776 1673 2807 sermonis

185 2832 478 2875 disputationisque
495 2835 688 2865 examinare.
712 2834 808 2871 itane,
825 2845 864 2865 an
882 2834 984 2870 aliter,
999 2835 1064 2864 haec
1085 2844 1118 2863 se
1147 2833 1262 2863 habere
1284 2832 1454 2863 dicemus?
1503 2832 1579 2861 Cri.
1603 2829 1672 2860 Nos

183 2886 326 2929 quidem,
352 2887 478 2931 hospes,
509 2890 569 2920 ista
598 2888 812 2926 concedimus,
838 2894 1004 2931 sperantes
1029 2887 1190 2924 videlicet,
1219 2897 1283 2918 una
1311 2894 1420 2918 tecum
1445 2885 1599 2926 deinceps
1630 2882 1672 2914 ad
