1840 3225
234 203 333 253 347]
575 249 578 252 y
751 203 1013 244 Epls‘l'OLA
1045 204 1134 243 vn.
1610 208 1686 245 491

226 305 348 347 quippe
374 316 444 338 cum
472 308 635 340 manifeste
648 307 716 350 ipse
731 309 822 339 nulla
839 307 1029 348 Dionysium
1044 307 1156 349 injuria
1172 306 1309 338 afficiens
1325 306 1363 337 ab
1379 316 1416 337 eo
1432 305 1542 348 injuria
1558 307 1688 337 affectus

224 358 372 393 fuissem.
396 367 429 392 at
451 362 519 404 ille,
535 372 604 394 cum
620 373 671 394 me
686 363 772 393 nullo
786 361 880 392 modo
902 370 1030 391 manere
1048 360 1128 391 velle
1143 367 1358 402 cognosceret,
1373 370 1436 401 quo
1451 360 1685 402 navigationem

228 418 303 444 tunc
326 424 426 446 meam
453 417 633 458 impediret,
657 417 733 446 talia
759 415 953 446 machinatus
982 419 1041 445 est.
1065 414 1217 454 postridie
1243 424 1416 444 sermonem
1442 414 1481 443 ad
1509 423 1557 443 me
1578 413 1686 443 habuit

226 467 399 507 gratiosum
425 475 518 510 atque
541 470 745 511 probabilem.
769 468 844 500 mibi
869 474 902 499 et
921 468 991 503 tibi.
1017 468 1131 508 inquit,
1156 467 1242 498 Dion
1261 467 1438 507 Dionisque
1454 477 1516 503 res,
1533 471 1689 507 quatenus

224 519 390 552 discordiae
403 527 514 553 nostra>
530 533 655 555 causam
670 524 826 565 praebent,
841 523 994 553 tollantur
1018 532 1036 552 e
1053 521 1165 552 medio.
1212 521 1309 551 Dioni
1337 521 1486 561 equidem
1511 520 1558 550 tui
1589 521 1687 560 gratia

228 573 297 605 haec
312 574 434 607 faciam.
459 574 595 608 decerno
621 577 770 614 Dionem,
783 577 991 618 recipientem
1007 585 1074 611 sua,
1090 575 1226 605 habitare
1242 574 1276 605 in
1293 575 1526 614 Peloponneso,
1538 583 1601 603 non
1616 579 1685 604 tan-

225 636 319 667 quam
344 630 498 671 exsulem,
514 631 569 661 sed
586 636 735 671 tanquam
747 631 799 662 cui
814 630 907 661 liceat
922 631 983 661 huc
999 629 1168 671 proficisci,
1185 629 1311 669 quando
1326 628 1372 658 illi
1396 633 1428 658 et
1443 626 1519 657 mihi
1533 627 1686 668 vobisque

227 681 338 713 amicis
351 685 558 715 communiter
577 684 740 715 videatur:
766 684 937 715 dummodo
962 684 1081 714 nullam
1095 683 1175 713 mihi
1189 682 1331 725 injuriam
1348 681 1452 712 saciat.
1475 681 1566 722 hujus
1581 685 1685 711 autem

226 735 271 765 tei
284 734 486 777 fidejussores
501 738 576 769 mihi
590 739 656 768 sore
669 743 698 768 te
714 738 948 778 familiaresque
962 742 1026 768 tam
1043 743 1112 767 tuos
1125 747 1218 778 quam
1246 736 1373 772 Dionis,
1388 735 1442 775 qui
1457 734 1507 764 hic
1522 734 1663 764 habitant
1679 746 1685 763 ι

224 787 362 820 Dionem
390 800 516 832 quoque
539 791 646 832 ipsum
669 791 703 821 id
727 792 818 822 vobis
846 791 1095 826 observaturum,
1125 790 1316 821 sufficienter
1346 788 1528 819 confirmare
1559 788 1686 818 debere.

224 843 369 882 pecuniae
395 852 470 875 vero
493 852 613 881 omnes,
640 855 717 886 quas
742 846 797 876 ille
811 846 977 886 acceperit,
993 845 1026 876 in
1042 845 1265 886 Peloponneso
1281 849 1313 874 et
1328 843 1464 873 Athenis
1478 842 1687 882 deponantur,

223 905 324 938 penes
350 907 429 938 quos
453 899 543 929 vobis
568 899 702 930 videtur.
725 900 833 930 harum
860 899 988 940 quidem
1014 899 1214 940 pecuniarum
1231 898 1352 928 fructus
1367 896 1502 937 accipiat
1515 895 1616 935 Dion,
1631 895 1686 926 sed

221 951 308 992 ipsas
332 952 453 989 tollere,
479 953 541 983 nisi
569 954 660 984 vo'bis
686 953 945 989 concedentibus,
971 958 1121 994 nequeat.
1145 963 1207 982 uon
1237 952 1319 981 enim
1342 950 1477 986 confido,
1494 950 1520 980 si
1536 950 1687 990 pecunias

223 1006 405 1046 susceperit,
421 1017 492 1037 eum
508 1007 583 1038 mihi
599 1007 695 1038 fidem
710 1013 915 1043 servaturum,
934 1017 1006 1038 cum
1021 1017 1083 1037 non
1101 1016 1210 1047 paucae
1225 1005 1334 1035 futurae
1351 1004 1425 1035 sint.
1451 1003 1601 1044 majorem
1612 1013 1687 1034 vero

221 1055 279 1090 tibi
299 1060 427 1101 tuisque
450 1061 549 1091 habeo
575 1062 679 1092 fidem.
702 1061 867 1092 considera
888 1062 996 1102 igitur,
1020 1071 1059 1090 an
1073 1060 1130 1090 tibi
1147 1061 1213 1089 liaec
1230 1059 1389 1100 placeant,
1406 1067 1560 1098 maneque
1577 1058 1687 1087 horum

222 1113 323 1153 gratia
339 1114 389 1145 hic
405 1125 520 1145 annum
536 1127 544 1145 :
569 1126 630 1156 quo
647 1121 785 1156 peracto,
806 1115 964 1156 susceptis
980 1115 1027 1145 bis
1041 1114 1194 1155 pecuniis,
1212 1113 1324 1144 abibis.
1369 1111 1510 1143 Diouem
1537 1111 1686 1153 equidem

223 1166 290 1198 scio
310 1178 455 1210 magnam
482 1169 540 1199 tibi
570 1169 697 1209 gratiam
726 1170 916 1205 habiturum,
939 1180 1012 1199 cum
1032 1169 1098 1198 liaec
1125 1167 1183 1198 sibi
1210 1166 1390 1207 perfeceris.
1413 1176 1482 1196 cum
1508 1165 1604 1206 igitur
1621 1166 1687 1196 haec

221 1221 394 1259 audissem,
411 1233 599 1263 quamquam
617 1234 696 1264 aegre
713 1223 840 1254 omnino
856 1224 1005 1258 ferebam,
1018 1221 1169 1263 respondi
1184 1226 1291 1251 tamen
1307 1221 1364 1250 hac
1377 1220 1411 1250 in
1423 1215 1517 1249 re'me
1529 1219 1687 1249 consulta-

224 1279 348 1306 turum:
373 1282 561 1318 tempusque
585 1277 799 1318 respondendi
824 1278 856 1308 in
881 1277 1049 1308 crastinum
1067 1275 1198 1316 sumpsi.
1223 1280 1316 1315 atque
1333 1274 1364 1304 in
1380 1275 1439 1304 hoc
1452 1273 1690 1303 consentientes

223 1333 300 1359 tunc
311 1328 524 1362 discessimus.
547 1331 766 1361 consultabam
776 1331 883 1371 itaque
894 1331 1026 1372 posthac
1040 1330 1107 1370 ipse
1117 1338 1186 1359 mec
1192 1338 1255 1363 um,
1268 1327 1362 1357 valde
1372 1327 1500 1367 quidem
1511 1326 1689 1367 ambiguus.

224 1384 413 1414 occurrebatv
432 1389 550 1420 autem,
575 1384 666 1424 quasi
691 1385 814 1415 consilii
830 1384 903 1420 dux,
925 1384 1024 1425 prima
1041 1382 1118 1412 mihi
1135 1381 1289 1423 ejusmodi
1305 1381 1393 1411 ratio.
1416 1390 1473 1421 age
1491 1381 1609 1420 utique,
1629 1381 1690 1410 etsi

225 1435 399 1478 Dionysius
419 1438 496 1468 nibil
513 1448 630 1473 eorum,
648 1448 719 1479 quae
734 1438 900 1479 promittit,
918 1447 1039 1468 servare
1055 1437 1185 1476 cogitat,
1202 1436 1225 1465 si
1243 1441 1349 1465 tamen
1365 1435 1500 1465 abeunte
1516 1444 1566 1465 me
1582 1444 1639 1475 per
1656 1444 1689 1464 se

224 1496 260 1520 ac
286 1500 343 1531 per
366 1491 483 1522 amicos
508 1491 712 1532 probabiliter
738 1492 778 1522 ad
804 1491 941 1522 Dionem
969 1491 1095 1525 scn‘bat‚
1117 1500 1185 1531 quae
1206 1500 1289 1519 nunc
1305 1488 1383 1518 mihi
1399 1488 1488 1524 dicit,
1504 1489 1544 1518 Se
1561 1488 1688 1529 quidem

223 1543 373 1576 obtulisse
387 1546 480 1582 ultro,
497 1556 548 1575 me
562 1544 638 1576 ve’ro
653 1545 791 1575 noluisse
801 1554 912 1586 resque
925 1555 996 1575 suas
1007 1544 1134 1585 penitus
1146 1543 1335 1584 neglexisse.
1361 1550 1516 1583 praeterea
1528 1542 1576 1572 his
1591 1541 1688 1572 adde-

223 1597 321 1628 bam:
356 1598 381 1629 si
408 1599 583 1641 Dionysius
607 1610 654 1630 me
669 1600 781 1630 nolens
803 1599 975 1633 dimittere,
1002 1598 1137 1638 ideoque
1166 1597 1327 1637 navigium
1351 1601 1525 1636 nautasque
1543 1606 1604 1626 non
1621 1596 1688 1631 det,

223 1650 321 1682 immo
337 1652 431 1683 facile
446 1654 570 1684 cunctis
584 1653 741 1694 significet
758 1654 839 1683 velle
854 1663 903 1683 me
920 1653 987 1693 i‘pso
1002 1653 1130 1682 nolente
1143 1651 1304 1681 discedere
1323 1661 1329 1678 :
1357 1649 1453 1690 [347]
1477 1649 1622 1690 quisnam
1639 1659 1687 1679 me

224 1705 296 1735 navi
326 1712 483 1748 asportare
508 1717 545 1737 ex
573 1707 694 1737 aedibus
716 1707 791 1748 ipsis
817 1707 969 1748 Dionysii
997 1706 1133 1736 audeat?
1157 1704 1337 1734 habitabam
1363 1703 1521 1744 equidem,
1545 1714 1587 1733 ne
1614 1703 1691 1744 quid

225 1758 351 1790 deesset
363 1761 568 1797 incommodi,
585 1761 617 1791 in
635 1761 722 1802 ipsis,
736 1762 790 1801 qui
805 1761 887 1791 circa
904 1760 988 1790 mdes
1004 1764 1104 1793 erant,
1120 1758 1215 1788 hortis
1231 1769 1237 1787 ε
1263 1757 1349 1788 unde
1364 1767 1405 1787 ne
1413 1757 1534 1797 janitor
1549 1757 1690 1798 quidem,

225 1812 285 1843 nisi
309 1813 442 1854 jubente
468 1815 636 1856 Dionysio,
665 1814 773 1855 egredi
801 1814 1007 1855 permisisset.
1031 1813 1118 1856 quod
1146 1813 1173 1842 si
1199 1822 1314 1842 annum
1344 1821 1559 1852 permansero,
1589 1811 1691 1841 liabeo

225 1866 384 1908 equidem,
411 1868 496 1909 quod
524 1869 625 1899 Dioni
650 1868 826 1909 significem
855 1873 1027 1908 notumque
1058 1867 1182 1902 faciam,
1212 1866 1245 1895 in
1272 1865 1385 1906 quibus
1415 1865 1472 1894 sim
1503 1865 1691 1894 constitutus

225 1920 341 1961 quidve
362 1932 463 1963 agam.
486 1932 522 1953 ac
548 1922 573 1952 si
599 1922 774 1964 Dionysius
796 1922 942 1952 nonnihil
965 1931 1083 1956 eorum,
1109 1930 1179 1961 quae
1207 1919 1373 1960 promittit,
1400 1918 1582 1954 servaverit,
1595 1928 1691 1958 opera

225 1975 453 2017 tolerantiaque
480 1977 546 2007 liaec
570 1985 644 2006 mea
670 1986 733 2006 non
757 1975 885 2006 omnino
913 1974 1086 2005 deridenda
1110 1973 1280 2004 videbitur.
1304 1972 1525 2013 patrimonium
1553 1981 1691 2012 namque

226 2024 339 2059 Dionis
365 2039 426 2060 non
451 2030 636 2070 pauciorum
661 2040 755 2070 quam
784 2034 911 2060 centum
938 2029 1140 2064 talentorum,
1165 2027 1191 2057 si
1219 2027 1290 2067 quis
1317 2031 1402 2056 recte
1430 2025 1584 2056 aestimare
1603 2026 1694 2063 velit,

228 2082 417 2113 censebitur.
439 2088 471 2113 at
495 2093 569 2113 vero
587 2084 612 2112 si
635 2084 681 2113 ita
695 2093 746 2113 res
763 2083 889 2118 cadant,
903 2088 938 2113 ut
953 2092 1006 2113 eas
1023 2081 1189 2112 verisimile
1205 2086 1254 2110 est
1268 2090 1404 2115 casuras,
1420 2090 1482 2120 quo
1494 2090 1543 2109 me
1560 2085 1690 2114 vertam,

225 2136 346 2167 nescio.
362 2143 580 2168 verumtamen
597 2137 677 2167 forte
700 2146 829 2167 necesse
856 2140 904 2167 est
919 2146 969 2167 me
986 2145 1103 2166 annum
1120 2134 1222 2165 adhuc
1237 2134 1421 2164 tolerantem
1440 2133 1692 2163 machinationes

226 2189 379 2232 Dionysii
395 2201 428 2221 re
444 2191 511 2232 ipsa
525 2201 583 2231 pro
602 2191 719 2221 viribus
733 2184 932 2230 redarguere.
957 2200 1027 2220 cum
1054 2189 1098 2219 ita
1122 2198 1247 2219 mecum
1262 2187 1532 2222 consultavissen„
1549 2187 1693 2227 sequenti

227 2255 298 2275 mox
324 2244 375 2276 die
400 2245 440 2275 ad
465 2245 657 2287 Dionysium
676 2245 782 2281 retuli,
797 2244 894 2275 videri
906 2243 986 2274 mibi
1003 2242 1190 2273 manendum
1204 2252 1294 2272 esse:
1319 2241 1375 2271 sed
1393 2240 1514 2281 addidi,
1529 2249 1569 2270 ne
1584 2241 1693 2271 existi-

228 2303 329 2329 maret
356 2308 405 2330 me
425 2309 518 2340 posse
544 2299 627 2340 apud
655 2298 794 2329 Dionem
824 2308 950 2339 prorsus
972 2297 1077 2327 omnia
1106 2296 1195 2336 quasi
1219 2295 1391 2329 dominum,
1420 2294 1556 2334 ideoque
1586 2303 1692 2335 operae

214 2341 364 2393 ‘pretium
387 2362 467 2389 esse,
492 2358 527 2383 ut
545 2364 606 2383 una
621 2363 745 2384 mecum
759 2353 827 2394 ipse
843 2361 969 2393 quoque
985 2351 1024 2382 ad
1040 2360 1113 2381 eum
1130 2349 1292 2385 scriberet,
1307 2348 1489 2389 significans
1505 2348 1571 2378 haec
1587 2352 1694 2378 nostra

229 2406 372 2443 consilia,
400 2411 495 2447 atque
517 2406 726 2448 interrogans,
755 2412 856 2436 utrum
883 2405 942 2436 sibi
965 2406 1032 2435 haec
1060 2403 1256 2434 satisfaciant
1269 2412 1384 2441 necne,
1400 2407 1432 2432 et
1448 2400 1591 2442 nunquid
1607 2400 1692 2431 aliud

230 2464 346 2502 praeter
367 2470 406 2491 ea
429 2459 581 2501 quiddam
596 2460 715 2500 exigat.
737 2460 833 2500 idque.
850 2459 1079 2500 quamprimum
1095 2458 1223 2499 inquam
1240 2455 1438 2487 scribendum
1455 2464 1522 2485 esse
1542 2466 1548 2484 :
1573 2455 1694 2485 interea

229 2523 305 2545 vero
321 2514 397 2545 nihil
415 2514 446 2544 in
462 2524 496 2544 re
512 2514 622 2545 Dionis
637 2514 676 2544 ab
693 2524 731 2545 eo
745 2514 816 2544 novi
833 2523 900 2544 esse
915 2511 1113 2543 tentandum.
1136 2512 1202 2542 haec
1217 2511 1300 2541 inter
1315 2520 1374 2540 nos
1388 2509 1474 2540 dicta
1488 2512 1573 2539 sunt.
1596 2508 1628 2538 in
1647 2507 1695 2538 his

229 2567 339 2608 ferme,
360 2573 397 2599 ut
420 2578 504 2599 nunc
520 2567 604 2604 dico,
621 2568 837 2599 convenimus.
859 2572 931 2608 post
946 2567 1013 2597 haec
1029 2572 1146 2601 autem,
1163 2575 1235 2596 cum
1245 2564 1311 2606 jam
1327 2573 1423 2594 naves
1439 2563 1589 2593 abiissent
1604 2562 1695 2592 ideo-

230 2630 292 2663 que
316 2622 406 2652 nulla
431 2622 509 2652 mibi
536 2621 615 2652 foret
644 2621 772 2653 ulterius
802 2620 972 2662 navigandi
1004 2619 1155 2651 facultas:
1197 2619 1377 2660 DionysiuS,
1419 2617 1510 2658 quasi
1549 2615 1693 2646 nonnihil

232 2676 429 2717 praetemissi
458 2675 677 2711 reminiscens,
702 2674 857 2711 Dimidia,
883 2675 995 2715 inquit,
1021 2674 1169 2704 bonorum
1200 2671 1316 2703 Diouis
1344 2680 1414 2712 pars
1445 2679 1501 2710 pro
1531 2669 1596 2699 filio
1621 2668 1691 2708 jure

230 2737 357 2761 manere
379 2729 484 2765 debet,
510 2728 643 2760 dimidia
665 2738 740 2760 vero
767 2728 808 2759 ad
839 2728 977 2759 Dionem
1009 2728 1102 2758 milti.
1135 2728 1215 2757 hanc
1244 2736 1318 2766 ergo
1351 2723 1443 2754 vendi
1473 2722 1595 2754 curabo.
1631 2731 1693 2761 qua

232 2783 370 2820 vendita,
392 2783 595 2825 pecuniarum
622 2783 788 2813 dimidium
812 2782 869 2812 tibi
897 2780 1130 2821 tradam‚quod
1142 2781 1181 2811 ad
1199 2779 1338 2810 Dionem
1352 2778 1545 2820 perferatur:
1571 2774 1692 2814 reliqua

232 2841 305 2867 reru
319 2846 394 2878 pars
409 2846 508 2879 penes
522 2847 578 2867 nos
594 2845 651 2878 pro
666 2835 731 2867 filio
744 2836 964 2866 reservabitur.
989 2835 1032 2865 ita
1049 2835 1133 2865 enim
1155 2833 1208 2874 jus
1224 2833 1324 2874 ipsum
1340 2832 1447 2872 exigit.
1472 2830 1519 2859 his
1534 2838 1593 2867 ego
1611 2827 1694 2857 illius

232 2890 326 2923 dictis
349 2901 523 2933 percussus,
553 2890 716 2922 ridiculum
739 2890 847 2931 putavi
871 2890 1006 2931 amplius
1029 2899 1065 2920 ca
1082 2889 1120 2918 de
1137 2898 1170 2919 rc
1187 2888 1284 2928 loqui.
1309 2886 1374 2917 (lixi
1389 2891 1493 2915 tumen
1510 2882 1622 2912 decere
1639 2890 1696 2911 nos
