1840 3225
168 259 248 296 476
707 256 968 295 EPISTOLA
1013 258 1082 298 IV.
1535 261 1636 311 [320

171 360 392 402 praecepissem
421 359 482 390 tibi
497 359 585 401 quasi
602 359 708 396 docto,
722 369 761 390 an
778 369 855 390 non.
876 360 1022 401 respondi
1040 366 1071 391 te
1086 360 1120 391 id
1133 360 1253 402 optime
1269 361 1462 392 meminisse.
1508 360 1555 392 At
1567 361 1641 404 ipse

174 415 212 444 ad
245 415 312 444 haec
342 413 485 455 adjecisti
501 425 507 442 ε
543 414 588 445 Ut
617 413 711 445 docto
735 414 768 444 in
798 414 996 455 geometria?
1035 424 1074 444 an
1102 413 1260 455 quomodo
1275 415 1286 444 ?
1330 414 1420 446 Tunc
1450 424 1521 457 ego,
1551 415 1638 457 quod

173 467 367 508 respondere
385 473 536 508 poteram,
552 468 664 498 reticui
678 479 685 498 :
711 468 841 504 veritus,
867 478 909 498 ne
934 468 1021 499 verbi
1036 468 1170 509 alicujus
1184 468 1288 509 exigui
1303 479 1398 500 causa
1411 469 1573 511 navigatio
1585 469 1641 501 illa

173 531 193 551 a
205 531 254 552 me
271 526 462 562 exspectata,
477 521 554 551 mihi
566 532 623 562 pro
638 521 702 552 lata
715 527 849 563 angusta
861 522 962 553 fieret.
986 528 1127 554 ceterum
1142 522 1183 553 ad
1198 522 1276 553 illud
1298 523 1366 565 jam
1381 522 1560 560 redeamus,
1575 533 1640 565 quo

174 575 312 605 tendunt
326 575 393 606 haec
407 575 524 606 omnia.
549 575 611 606 noli
628 575 780 606 invidiam
796 576 928 606 conflare
945 576 1034 612 mihi,
1051 577 1161 607 dicens
1174 582 1206 607 te
1221 576 1417 617 prohibitum
1441 577 1540 608 fuisse
1555 587 1576 608 a
1589 588 1639 609 me

173 629 318 659 civitates
347 628 475 660 Graecas
505 628 623 660 dirutas
652 640 671 661 a
699 629 840 660 barbaris
859 631 1021 661 restituere
1038 640 1074 661 ac
1089 630 1291 672 Syracusanis
1306 630 1568 671 gubernationem
1582 641 1640 672 pro

176 683 341 725 tyrannica
354 683 475 724 regiam
489 688 623 715 mutare.
645 683 724 714 nibil
739 683 822 714 enim
839 683 878 713 de
893 694 944 714 me
963 689 1052 724 potes
1065 685 1204 721 mentiri,
1219 685 1306 726 quod
1322 695 1340 715 a
1355 685 1434 716 meis
1448 685 1490 716 sit
1501 684 1641 716 moribus

175 738 321 769 alienius.
347 737 434 778 atqui
459 737 484 768 si
508 738 593 769 foret
618 737 734 768 alicubi
759 737 916 768 sufficiens
941 738 1032 780 hujus
1058 739 1104 770 rei
1125 739 1293 780 judicium,
1308 738 1404 769 etiarn
1421 738 1484 769 alia
1499 737 1639 769 dicerem

174 791 386 832 superioribus
409 791 550 828 clariora,
579 792 806 833 probaremque
832 792 1013 828 manifeste,
1038 803 1087 823 me
1117 793 1253 824 suasisse
1268 793 1325 823 tibi
1339 792 1444 823 utilia
1457 791 1589 828 faceres,
1608 797 1640 822 te

173 852 279 875 autem
304 846 507 876 recusavisse.
531 855 731 886 nequaquam
758 846 885 876 difficile
911 852 960 876 est
985 847 1152 877 ostendere
1167 848 1221 878 illa
1237 847 1344 877 futura
1359 846 1456 877 fuisse
1471 846 1592 887 optima
1607 850 1641 876 et

171 899 228 929 tibi
255 904 288 929 et
316 899 520 941 Syracusanis
543 904 576 930 et
590 899 705 930 Siculis
720 900 874 932 omnibus.
898 900 926 930 si
941 910 1016 940 ergo
1031 910 1128 941 negas
1145 906 1175 931 te
1192 900 1251 931 ista
1266 899 1394 936 dixisse,
1409 910 1482 931 cum
1497 899 1615 930 dixeris
1630 910 1637 929 :

171 952 247 982 salis
260 953 409 993 equidem
424 953 535 989 habeo,
551 963 613 994 quo
629 958 660 983 te
676 953 833 985 criminer.
857 953 943 994 quod
960 954 987 984 si
999 954 1120 990 fateris,
1134 953 1348 985 Stesichorum
1359 954 1538 995 sapientem
1548 958 1640 994 puta,

171 1012 264 1046 atque
291 1005 361 1046 ejus
384 1007 593 1047 palinodiam,
618 1007 649 1037 id
675 1012 725 1038 est
749 1013 878 1039 cantum
899 1008 1052 1049 superiori
1067 1005 1263 1039 contrarium
1281 1006 1422 1045 mitam,
1437 1018 1476 1039 ex
1489 1007 1641 1039 mendaci

173 1070 313 1090 sermone
329 1065 359 1091 te
374 1061 412 1090 ad
426 1070 535 1091 verum
547 1061 704 1092 traducas.

419 1391 566 1424 PLATO
592 1392 728 1424 DIONI
751 1392 1058 1425 SYRACUSANO
1082 1393 1207 1425 BENE
1230 1393 1402 1426 AGERE.

171 1497 274 1540 [320]
301 1499 397 1530 Puro
413 1501 614 1533 manifestam
629 1512 698 1533 esse
714 1512 770 1543 per
785 1512 878 1533 omne
894 1508 1020 1543 tempus
1032 1502 1313 1544 propensissimam
1325 1501 1522 1533 voluntatem
1531 1511 1637 1533 meam

169 1553 253 1583 circa
275 1553 410 1594 singula,
438 1565 506 1595 quae
534 1555 726 1596 contigerint
740 1568 746 1586 :
771 1566 876 1597 neque
903 1558 1065 1588 occultum
1092 1565 1163 1587 esse
1188 1556 1277 1587 vobis
1291 1555 1433 1586 studium
1447 1555 1639 1587 conficiendi

170 1606 266 1636 fuisse
281 1608 358 1638 mihi
373 1618 435 1638 non
450 1609 542 1640 aliam
560 1610 658 1650 magis
673 1610 712 1640 ob
729 1620 867 1646 causam,
884 1620 978 1651 quam
991 1616 1027 1640 ut
1040 1611 1074 1641 in
1090 1610 1180 1641 rebus
1196 1610 1339 1640 honestis
1356 1610 1510 1640 honorem
1525 1619 1638 1640 conse-

168 1670 295 1701 querer.
315 1672 431 1693 censeo
456 1663 542 1693 enim
565 1673 634 1694 esse
659 1663 790 1704 justum,
809 1670 852 1700 ut,
880 1665 935 1705 qui
958 1675 1067 1695 revera
1093 1665 1171 1695 boni
1187 1670 1259 1694 sunt
1281 1663 1339 1694 viri
1357 1669 1391 1694 et
1406 1663 1483 1694 talia
1504 1663 1640 1701 faciunt,

166 1715 292 1755 dignam
311 1715 439 1756 gloriam
456 1722 697 1758 consequantur.
720 1718 889 1758 praesentia
914 1718 1020 1760 igitur,
1044 1718 1116 1749 Deo
1139 1718 1266 1760 gratias,
1281 1722 1368 1749 recte
1383 1727 1418 1748 se
1433 1716 1571 1755 habent3
1595 1716 1636 1748 de

167 1768 280 1798 suturis
305 1779 380 1800 vero
404 1771 570 1801 maximum
597 1771 683 1802 vobis
705 1772 901 1813 propositum
931 1778 978 1802 est
1003 1778 1176 1803 certamen.
1198 1781 1272 1802 nam
1294 1771 1482 1802 fortitudine
1497 1770 1638 1812 quidem,

167 1823 327 1854 celeritate
343 1834 379 1854 ac
396 1824 504 1855 robore
520 1830 669 1866 praestare
685 1826 749 1856 tale
765 1832 825 1862 est,
840 1831 876 1857 ut
891 1827 1024 1857 aliorum
1048 1836 1174 1867 quoque
1190 1836 1256 1857 esse
1271 1825 1371 1867 possit
1384 1836 1391 1855 :
1416 1824 1475 1856 sed
1488 1825 1639 1861 veritate.

164 1876 302 1917 justitia,
328 1877 565 1919 'magnificentia
594 1885 626 1909 et
651 1878 829 1920 hujusmodi
847 1879 982 1921 quadam
1000 1882 1165 1911 honestate
1181 1886 1214 1910 et
1229 1879 1383 1920 dignitate
1399 1879 1582 1920 praecellere
1597 1879 1638 1910 ad

167 1940 232 1966 eoa,
247 1931 301 1971 qui
315 1931 376 1962 ista
394 1937 505 1973 gerunt
530 1939 562 1963 et
589 1933 700 1963 talium
713 1933 771 1964 sibi
787 1934 915 1974 gloriam
930 1935 1114 1970 vendicant,
1131 1944 1194 1975 prae
1210 1933 1324 1964 ceteris
1341 1932 1464 1963 attinet.
1484 1931 1639 1963 manifes-

165 1989 234 2014 tum
250 1994 325 2015 sane
340 1992 400 2022 est,
418 1985 501 2026 quod
517 1985 599 2017 dico.
623 1987 806 2018 meminisse
823 1993 929 2018 autem
946 1987 1108 2023 debemus,
1121 1992 1270 2028 oportere
1283 1996 1350 2022 nos,
1368 1990 1404 2016 ut
1418 1990 1449 2016 te
1464 1995 1530 2016 non
1544 1985 1636 2024 latet,

167 2038 236 2078 plus
253 2038 290 2068 ab
305 2039 376 2069 aliis
390 2049 482 2080 quarn
499 2040 583 2071 viros
598 2050 617 2070 a
632 2041 738 2082 pueris
764 2041 899 2073 differre.
921 2042 1029 2083 itaque
1057 2047 1199 2073 constare
1214 2041 1360 2071 omnibus
1375 2039 1471 2070 debet
1482 2039 1566 2070 tales
1577 2049 1638 2071 nos

165 2101 246 2126 esse,
263 2093 372 2131 quales
383 2093 483 2123 videri
501 2095 643 2125 volumus
663 2106 669 2123 :
694 2095 865 2136 praesertim
890 2106 960 2126 curn
988 2095 1061 2126 Deo
1083 2095 1217 2136 juvante
1238 2094 1389 2136 perfacile
1414 2093 1456 2124 sit
1482 2093 1637 2125 futurum.

165 2145 278 2175 ceteris
293 2145 449 2186 siquidem
466 2147 524 2177 hoc
541 2149 682 2189 contigit,
699 2155 734 2179 ut
745 2149 844 2180 multa
857 2150 924 2180 loca
939 2150 1023 2180 obire
1041 2149 1195 2190 compulsi
1208 2149 1324 2180 fuerint
1335 2147 1377 2178 ad
1388 2147 1424 2179 id
1434 2157 1635 2186 consequen-

166 2198 252 2230 dum.
274 2209 379 2229 rerum
402 2210 476 2230 vero
507 2206 631 2232 tuarum
660 2208 759 2232 status
783 2202 964 2242 hujusmodi
989 2208 1049 2235 est.
1077 2209 1112 2233 ut
1136 2213 1173 2233 ex
1195 2203 1354 2238 universo,
1380 2206 1416 2232 ut
1429 2201 1474 2232 ita
1487 2201 1634 2238 dixerim,

164 2257 315 2283 terrarum
342 2254 416 2284 orbe
446 2265 544 2285 unum
569 2255 602 2285 in
630 2256 747 2292 locum,
776 2261 809 2286 et
825 2256 856 2285 in
875 2256 928 2286 iilo
944 2256 1014 2296 ipso
1029 2256 1063 2286 in
1079 2262 1110 2286 te
1126 2267 1222 2286 unum
1238 2255 1376 2286 maxime
1391 2254 1476 2285 oculi
1492 2255 1633 2285 omnium

163 2305 227 2336 sint
256 2307 408 2338 conversi.
440 2313 592 2350 tanquam
622 2309 718 2350 igitur
748 2309 908 2350 subjectus
937 2309 1038 2340 oculis
1069 2315 1288 2351 spectatusque
1304 2310 1344 2339 ab
1358 2307 1502 2339 omuibus
1517 2317 1633 2340 conare

166 2359 343 2401 Lycurgum
370 2362 456 2392 illum
482 2364 648 2403 antiquum
674 2363 846 2404 exprimere
871 2368 901 2393 et
923 2363 1052 2405 Cyrum,
1069 2369 1102 2394 et
1117 2363 1143 2393 si
1157 2363 1227 2404 quis
1241 2363 1322 2394 alius
1336 2361 1480 2392 videatur
1492 2372 1633 2404 unquam

166 2414 300 2445 moribus
324 2420 357 2446 et
381 2416 517 2456 pub!icis
543 2417 695 2448 institutis
719 2417 930 2455 excelluisse3
953 2418 1130 2458 praesertim
1155 2428 1225 2448 cum
1251 2417 1292 2448 sit
1308 2416 1476 2447 multorum
1491 2425 1527 2446 ac
1541 2425 1635 2457 paene

164 2468 305 2499 omnium
333 2475 507 2500 vestrorum
538 2471 659 2512 opinio,
685 2476 757 2512 post
784 2471 974 2513 Dionysium
998 2471 1154 2502 sublatum
1181 2481 1229 2502 res
1256 2481 1326 2502 esse
1339 2471 1493 2512 perituras
1506 2474 1638 2512 propter

163 2525 251 2551 tuam
278 2528 310 2552 et
335 2523 517 2554 Heraclidis
542 2530 575 2554 et
597 2524 755 2556 Theodoti
772 2531 1010 2566 ceterorumque
1027 2525 1181 2557 nobilium
1196 2524 1398 2555 ambitionem
1411 2529 1445 2554 et
1454 2523 1635 2554 excellendi

163 2575 381 2615 cupiditatem.
402 2577 538 2617 primum
565 2579 694 2618 quidem
719 2580 895 2620 optandum
918 2585 976 2615 est,
1000 2590 1041 2610 ne
1072 2580 1241 2620 quisquam
1255 2578 1328 2609 talis
1343 2577 1482 2609 exsistat.
1503 2575 1589 2618 quod
1604 2577 1634 2608 si

163 2630 232 2669 quis
248 2631 428 2670 apparuerit
444 2632 527 2667 talis,
546 2637 579 2662 tu
594 2633 776 2669 medebere,
793 2638 827 2663 ut
841 2644 891 2663 res
906 2634 939 2664 in
965 2633 1080 2664 melius
1107 2632 1312 2663 deducantur.
1337 2629 1437 2672 [321]
1460 2630 1631 2662 ridiculum

161 2681 217 2712 tibi
234 2682 314 2713 forte
330 2683 454 2714 videtur
469 2695 520 2716 me
537 2686 597 2716 ista
613 2697 754 2722 monere,
771 2697 842 2717 cum
857 2687 915 2717 tibi
931 2687 993 2717 sint
1009 2693 1085 2717 nota
1099 2698 1106 2717 z
1131 2688 1188 2717 sed
1205 2696 1264 2727 ego
1277 2685 1310 2716 in
1321 2684 1454 2716 them-is
1467 2682 1631 2725 conspicio

163 2741 331 2767 certatores
347 2747 364 2767 a
380 2739 488 2778 puenis
505 2740 676 2780 provocari,
692 2740 812 2771 nedum
827 2740 865 2771 ab
883 2741 993 2772 amicis
1005 2753 1014 2780 ;
1039 2741 1094 2782 qui
1109 2739 1343 2771 benevolentiae
1359 2737 1463 2769 studio
1474 2737 1631 2769 cohortari

158 2794 318 2830 putantur.
341 2801 395 2821 vos
422 2797 506 2822 certe
533 2803 615 2824 nunc
639 2799 790 2835 tanquam
814 2795 847 2824 in
874 2796 996 2825 theatro
1021 2794 1161 2835 quodam
1185 2792 1327 2825 certatis.
1349 2792 1460 2833 inquo
1479 2790 1505 2822 si
1520 2796 1631 2822 nostra

158 2854 255 2883 opera
280 2854 357 2885 opus
381 2851 440 2879 est,
466 2846 616 2877 certiores
632 2858 689 2877 nos
706 2848 812 2879 facite.
835 2849 886 2879 hic
903 2854 1007 2879 autern
1023 2849 1155 2890 perinde
1172 2857 1205 2878 se
1220 2857 1274 2878 res
1288 2846 1416 2881 habeut,
1434 2851 1467 2875 ut
1481 2855 1556 2876 cum
1570 2854 1629 2876 vos

159 2898 303 2928 aderatis.
326 2898 455 2929 scribite
482 2900 568 2935 mihi,
594 2902 668 2942 quid
697 2907 802 2932 actum
827 2902 869 2932 sit
894 2902 1009 2942 quidve
1027 2909 1145 2944 agatur.
1161 2912 1233 2932 nam
1250 2901 1325 2932 licet
1340 2899 1504 2930 audiamus
1517 2898 1628 2935 munita,

158 2951 233 2981 ceni
250 2952 327 2981 nihii
344 2953 505 2987 habemus,
532 2957 638 2984 mnino
657 2967 670 2985 a
693 2956 851 2987 l‘heodom
865 2964 894 2986 vt
911 2956 1077 2987 Heraclide
1094 2957 1235 2988 seruntur
1245 2954 1388 2996 epistolae
1403 2953 1630 2985 Lacedaemon·
