1840 3225
226 229 276 266 56
688 222 904 260 INCERTI
938 220 1207 259 AUCTORIS
1591 221 1683 272 [131

224 342 296 362 vero
313 340 367 371 pro
384 339 433 364 eo,
450 327 534 368 quod
551 325 676 366 quidem
693 331 739 365 est
753 325 851 365 ipsum
869 324 952 365 quod
971 324 1084 365 ipsum,
1095 323 1358 353 consideravimus
1374 323 1474 364 ipsum
1487 325 1684 367 unumquod-

227 395 287 426 que
304 383 378 424 quid
403 386 460 412 est.
506 380 606 420 quue
633 379 711 408 forte
736 379 876 409 sufficiet.
901 377 976 407 nihil
1003 378 1084 408 enim
1111 376 1145 406 in
1171 377 1259 406 nobis
1281 377 1355 418 ipsis
1385 376 1586 418 principalius
1608 390 1689 415 csse,

225 448 317 479 quam
334 436 479 471 animam,
495 434 598 465 dicere
616 442 784 474 possemus.
809 431 874 464 AL.
899 431 972 462 Non
990 436 1082 462 certe.
1108 430 1162 461 So.
1188 430 1302 462 Nonne
1319 431 1433 462 decens
1448 437 1495 462 est
1510 431 1553 462 ita
1568 437 1688 473 putare,

225 503 274 522 me
291 490 412 521 scilicet
427 499 464 519 ac
480 493 510 518 te
526 486 703 527 conspirare
720 486 864 522 invicem,
893 486 994 515 anima
1018 485 1056 515 ad
1074 485 1205 515 animam
1228 489 1349 515 utentes
1365 485 1555 516 sermonibus
1569 486 1580 516 ?
1624 485 1691 520 Ar..

224 545 266 576 Et
283 544 411 574 maxime
426 542 564 584 quidem.
607 540 664 572 So.
689 539 760 571 Hoc
784 540 889 579 itaque
906 544 982 579 erat,
998 539 1082 580 quod
1107 539 1200 579 paulo
1226 544 1297 569 ante
1320 539 1512 574 dicebamus.
1526 540 1611 580 quod
1627 540 1686 571 So-

222 603 320 629 crates
336 607 406 628 cum
426 594 589 626 Alcibiade
605 594 754 634 disputat,
773 592 911 622 oratione
935 598 1036 628 utens,
1053 602 1115 621 non
1132 593 1170 622 ad
1189 602 1349 632 personam
1377 598 1474 629 tuam,
1493 597 1526 623 ut
1539 598 1683 635 apparet,

223 652 276 682 sed
294 651 332 681 ad
351 649 548 680 Alcibiadem
567 648 657 678 verba
683 646 828 687 dirigens,
846 646 904 676 hoc
920 651 1022 676 autem
1045 646 1147 675 anima
1172 651 1228 677 est.
1275 645 1340 677 Ar..
1366 645 1447 676 Mihi
1464 657 1537 676 sane
1553 646 1687 678 videtur.

223 707 281 737 So.
306 704 450 734 Animam
466 701 560 743 igitur
575 711 664 731 nosse
677 699 780 740 jubet,
796 699 849 739 qui
866 699 1021 739 praecipit.
1069 698 1173 730 Nosce
1192 705 1220 729 te
1238 699 1351 740 ipsum.
1374 698 1470 740 [131]
1495 700 1561 731 Ar„
1587 700 1687 732 Vide-

222 765 281 789 tur.
327 758 383 788 So.
409 756 598 795 Quicunque
625 753 720 793 igitur
745 763 857 793 corpus
872 752 1044 792 cognoscit,
1071 762 1127 782 sua
1143 753 1280 793 quidem,
1298 762 1361 782 non
1389 763 1421 783 se
1448 753 1560 794 ipsum,
1588 755 1686 785 novit.

225 812 289 843 AL.
313 812 364 842 Sic
380 816 437 841 est.
483 808 534 838 So.
560 807 667 847 Atque
683 806 754 836 ideo
771 805 873 835 nullus
890 805 1039 840 medicus,
1052 811 1085 836 ut
1101 811 1146 836 cst
1165 806 1323 844 medicns;
1347 816 1448 847 neque
1464 807 1688 849 gymnasticuS,

225 871 259 896 ut
285 863 507 906 gymnasticus,
531 871 597 891 sese
625 860 721 890 novit.
769 860 831 890 AL.
858 859 944 899 Non,
973 865 1005 889 ut
1031 859 1164 891 videtur.
1210 859 1264 890 So.
1291 859 1395 890 Multo
1427 861 1526 890 minus
1543 861 1686 902 agricolae

223 920 337 960 aliique
353 916 481 957 opifices
498 925 529 945 se
545 919 748 955 cognoscunt.
773 923 873 953 neque
898 913 1028 944 enimse
1053 924 1152 953 neque
1181 924 1246 947 sua,
1274 913 1326 942 sed
1353 913 1514 944 remotiora
1541 915 1685 955 qnaedam

223 973 394 1004 seeundum
425 974 502 999 artes
531 979 600 998 suas
630 968 849 998 considerant:
890 967 926 997 iis
957 967 1038 997 enim
1065 967 1243 1002 intendunt,
1268 966 1379 1006 quibus
1412 977 1522 1008 corpus
1551 973 1685 999 curatur.

222 1027 287 1058 AL.
312 1025 394 1055 Vera
409 1033 522 1054 narras.
568 1023 623 1052 So.
647 1021 750 1057 Quare
769 1021 790 1050 si
809 1021 972 1060 prudentia
989 1026 1035 1050 est
1050 1031 1081 1051 se
1098 1020 1198 1060 ipsum
1217 1029 1419 1060 cognoscere,
1437 1020 1539 1050 nullus
1555 1021 1682 1052 istorum

221 1079 390 1111 secundum
419 1087 504 1107 suam
529 1081 623 1106 artem
648 1079 695 1105 est
711 1075 856 1115 prudens
904 1073 968 1106 Ar„
992 1073 1079 1112 Non,
1105 1079 1135 1103 ut
1162 1074 1292 1104 videtur.
1339 1073 1393 1104 So.
1416 1073 1467 1104 Ob'
1484 1075 1542 1105 hoc
1561 1076 1684 1107 mecha-

221 1134 299 1163 nicae
324 1137 403 1161 artes
428 1130 506 1165 istae,
537 1139 599 1159 non
631 1133 732 1158 autem
765 1127 839 1158 boni
869 1127 925 1157 viri
951 1127 1124 1168 disciplinae
1151 1128 1306 1158 videntur.
1353 1126 1417 1157 AL.
1443 1127 1582 1160 Prorsus.
1627 1129 1682 1161 So.

221 1187 337 1217 Nonne
363 1195 465 1215 rursus
480 1183 660 1224 quicunque
677 1182 815 1223 corporis
830 1191 932 1212 curam
961 1182 1066 1218 habet,
1091 1192 1146 1212 sua
1161 1181 1299 1222 quidem,
1315 1191 1376 1212 non
1395 1187 1495 1212 tamen
1512 1193 1544 1213 se
1567 1183 1683 1225 ipsum,

222 1239 332 1272 curat?
379 1238 443 1268 AL.
470 1237 624 1277 Apparet.
669 1236 724 1266 So.
747 1235 793 1265 At
817 1245 887 1265 vero
905 1235 954 1265 cui
981 1234 1123 1275 pecuniae
1137 1245 1218 1266 curre
1243 1240 1326 1272 sunt,
1342 1246 1400 1266 nee
1417 1246 1448 1266 se
1465 1246 1522 1267 nec
1538 1247 1604 1273 sua,
1628 1238 1683 1269 sed

221 1304 291 1335 quae
314 1291 419 1333 procul
448 1302 465 1322 a
487 1291 550 1321 suis
577 1295 659 1324 sunt,
684 1294 780 1319 curat.
828 1288 891 1318 AL.
915 1287 1058 1318 Videtur.
1102 1288 1158 1319 So.
1183 1287 1257 1318 Non
1280 1290 1435 1333 ergoguis
1451 1289 1603 1331 indulget,
1627 1291 1682 1332 qui

218 1347 367 1388 pecunias
396 1345 544 1376 cumulat.
588 1343 651 1373 AL.
675 1342 788 1372 Recte.
833 1342 888 1373 So.
913 1341 1064 1383 Quisquis
1092 1342 1184 1373 etiam
1214 1353 1327 1383 corpus
1358 1342 1530 1374 Alcibiadis
1568 1345 1686 1375 amavit

218 1410 367 1442 unquam,
393 1409 454 1429 non
482 1397 676 1428 Alcibiadem
704 1397 817 1437 ipsum,
843 1396 895 1425 sed
921 1406 991 1436 quae
1017 1395 1189 1426 Alcibiadis
1211 1401 1323 1432 essent,
1341 1397 1466 1428 amavit.
1512 1396 1577 1428 At..
1603 1397 1684 1429 Vera

221 1453 368 1495 loqueris.
414 1452 468 1483 So,
492 1450 557 1488 Qui
573 1461 643 1481 vero
661 1456 690 1480 te
706 1455 799 1488 amat,
824 1454 906 1479 amat
921 1449 1068 1480 animum.
1114 1448 1178 1480 Ar..
1203 1449 1388 1480 Necessario
1405 1451 1493 1491 sequi
1508 1460 1545 1481 ex
1561 1451 1682 1482 ratione

220 1513 274 1538 tua
301 1507 432 1537 videtur.
477 1506 532 1536 So.
556 1504 672 1535 Nonne
699 1504 744 1533 tui
770 1502 906 1544 eorporis
933 1508 1061 1539 amator,
1088 1513 1157 1533 cum
1185 1503 1316 1544 primum
1346 1503 1466 1543 species
1496 1504 1683 1542 deflorescit,

220 1561 328 1592 abiens
352 1560 489 1591 deserit?
535 1558 598 1589 Ar..
622 1559 777 1600 Apparet.
823 1558 876 1588 So.
900 1557 946 1587 At
968 1568 1038 1587 vero
1064 1557 1116 1598 qui
1141 1557 1276 1587 animum
1293 1563 1379 1588 tuum
1395 1557 1509 1598 diligit,
1524 1568 1683 1600 uunquam

220 1615 344 1652 deserit,
360 1615 461 1644 donec
477 1613 515 1644 ad
529 1613 684 1644 nieliortm
700 1612 817 1653 frugem
831 1611 1001 1652 perveniat.
1047 1611 1111 1643 AL.
1130 1610 1396 1645 Consentaneum.
1441 1612 1496 1644 So.
1514 1612 1606 1644 Hanc
1623 1623 1682 1654 ego

220 1669 260 1699 ob
275 1678 398 1700 causam
425 1671 454 1698 te
471 1666 595 1697 minime
611 1666 733 1705 desero,
748 1675 851 1696 verum
868 1664 899 1695 in
914 1664 1051 1696 amicitia
1073 1675 1248 1706 persevero,
1271 1664 1396 1707 reliquis
1413 1671 1594 1698 senescente
1616 1677 1683 1698 cor·

220 1733 294 1764 pore
310 1721 506 1753 abeuntibus.
531 1719 596 1751 AL.
620 1719 650 1750 O
665 1729 756 1761 quam
774 1720 851 1749 bene
870 1719 957 1754 facis,
975 1719 1014 1748 mi
1030 1718 1188 1749 Socrates!
1207 1729 1246 1750 ne
1262 1719 1293 1749 in
1309 1724 1465 1761 posterum
1483 1730 1531 1751 me
1546 1719 1685 1757 deseras,

221 1777 383 1808 obsecra·
405 1775 459 1806 So.
485 1774 531 1805 At
545 1774 673 1809 enitere,
691 1778 832 1814 utquam
856 1772 1079 1813 pulcherrimus
1104 1772 1168 1803 fias.
1214 1773 1279 1804 AL.
1303 1772 1460 1804 Conabor.
1503 1772 1555 1804 So.
1578 1772 1632 1805 Sic
1647 1784 1681 1804 se

220 1836 273 1861 tua
289 1840 334 1860 res
349 1829 464 1860 habet:
490 1838 548 1859 nec
573 1827 633 1857 suit
655 1836 790 1867 unquam
813 1836 871 1857 nec
894 1830 951 1861 est,
976 1831 1010 1855 ut
1033 1826 1154 1866 opinor,
1178 1825 1350 1857 Alcibiadis
1367 1826 1479 1858 Cliniae
1496 1826 1549 1857 filii
1565 1831 1683 1857 amator

219 1885 299 1914 ullus
316 1888 427 1924 praeter
442 1892 550 1921 unum,
566 1886 597 1911 et
611 1879 696 1910 illum
713 1879 840 1921 quidem
857 1879 1032 1919 amabilem,
1049 1879 1206 1911 Socratem
1223 1879 1422 1921 sophronisci
1438 1886 1469 1910 et
1486 1881 1678 1912 Phaenaretae

220 1937 329 1968 filium.
374 1936 437 1968 AL.
461 1935 543 1966 Vera
559 1934 649 1965 dicis.
693 1934 749 1964 So.
772 1932 888 1963 Nonne
905 1932 1009 1963 dixisti
1027 1943 1074 1963 me
1090 1933 1317 1974 aliquantulum
1334 1934 1529 1974 praevenisse,
1553 1944 1624 1966 eum
1649 1939 1679 1966 te

219 1991 384 2022 salutatum
400 1988 574 2020 venissem?
598 1998 668 2018 nam
691 1987 834 2018 statuisse
863 1992 903 2026 te,
929 1992 964 2017 ut
991 1986 1074 2027 prior
1097 1998 1145 2018 me
1168 1987 1235 2029 ipse
1259 1986 1451 2018 conveniens
1466 1987 1682 2030 interrogata,

218 2045 417 2086 quamobrem
434 2042 517 2073 solus
540 2052 598 2083 ego
624 2046 655 2072 te
670 2050 732 2072 non
757 2040 943 2082 reliquerim.
987 2040 1052 2073 Ar..
1077 2041 1130 2072 Sic
1153 2046 1230 2072 erat.
1275 2041 1331 2073 So.
1355 2040 1433 2072 Haec
1458 2041 1679 2083 proculdubio

218 2107 323 2135 causa,
339 2097 485 2139 quoniam
502 2100 619 2126 amator
635 2095 681 2126 tui
704 2095 786 2125 solus
805 2105 898 2132 eram,
915 2095 1007 2126 ceteri
1032 2105 1103 2125 vero
1119 2100 1253 2126 tuorum.
1277 2100 1330 2125 tua
1353 2105 1426 2126 sane
1441 2095 1587 2126 labuntur
1601 2100 1681 2126 tem-

219 2161 305 2193 pore,
320 2155 353 2181 tu
371 2155 473 2181 autem
497 2159 581 2180 nunc
606 2149 735 2190 primum
762 2148 915 2180 florescis:
943 2148 1041 2191 [132]
1064 2159 1100 2180 ac
1116 2148 1264 2189 deinceps
1287 2148 1426 2190 quidem,
1449 2148 1509 2179 nisi
1524 2149 1563 2179 ab
1577 2148 1679 2179 Athe-

216 2204 317 2236 niensi
332 2204 450 2246 populo
466 2202 681 2244 corrumparis,
697 2213 732 2234 ac
757 2203 874 2243 turpior
895 2203 1020 2239 evadas,
1044 2211 1202 2244 nunquam
1220 2206 1250 2232 te
1265 2202 1415 2234 deseram.
1439 2202 1470 2232 id
1487 2202 1569 2232 enim
1586 2202 1679 2234 vehe-

217 2263 336 2290 menter
351 2258 459 2298 timeo,
479 2267 519 2288 ne
532 2262 649 2287 amator
674 2256 784 2298 populi
800 2256 911 2294 factus,
940 2256 1029 2287 nobis
1051 2255 1266 2297 corrumparis.
1291 2255 1382 2286 multi
1404 2256 1487 2287 enirn
1504 2260 1535 2287 et
1550 2255 1679 2297 ingenui

215 2313 342 2354 quidem
357 2311 441 2353 apud
457 2311 666 2342 Athenienses
681 2311 711 2341 id
729 2310 811 2352 passi
824 2315 906 2341 sunt.
922 2320 993 2341 nam
1008 2310 1087 2341 bene
1100 2314 1283 2351 personatus
1296 2314 1343 2339 est
1359 2309 1547 2350 magnanimi
1562 2309 1676 2341 Erech-

217 2367 280 2397 thei
296 2365 443 2408 populus.
466 2365 520 2396 sed
536 2365 622 2397 illum
638 2364 788 2395 nudatum
812 2363 952 2394 contueri
969 2368 1102 2404 oportet.
1125 2363 1238 2394 adhibe
1259 2362 1356 2404 igitur
1369 2364 1462 2403 hane,
1478 2373 1570 2404 quam
1594 2364 1680 2403 dico,

216 2420 404 2452 cautionem.
452 2419 516 2451 AL.
536 2419 661 2456 Quam?
706 2418 762 2449 So.
786 2417 871 2448 Exue
897 2417 982 2448 illum
1011 2417 1106 2458 prius,
1129 2428 1147 2446 ο
1172 2418 1273 2458 beate,
1299 2427 1335 2448 ac
1366 2417 1450 2447 disce
1480 2426 1677 2459 quaecunque

216 2474 343 2504 scienda
357 2478 439 2514 sunt,
455 2478 621 2514 antequam
646 2477 814 2503 tractentur
840 2470 955 2511 civilia,
982 2476 1015 2501 ut
1040 2481 1101 2501 rem
1130 2470 1285 2511 publicam
1312 2471 1417 2505 adeas,
1444 2469 1543 2501 ferens
1571 2475 1674 2501 tecum

214 2527 493 2568 alexipharrnacum
520 2527 542 2558 i.
565 2537 592 2557 e.
618 2526 802 2557 medicinam
829 2525 1044 2566 prohibentem
1073 2524 1164 2560 mala,
1193 2535 1231 2554 ne
1257 2525 1331 2565 quid
1355 2524 1474 2555 adversi
1504 2524 1674 2565 aliquando

217 2581 353 2622 patiaris.
397 2580 460 2612 AL.
485 2581 574 2612 Bene
591 2580 665 2610 mihi
681 2580 782 2611 dicere
807 2578 931 2615 videris,
956 2590 974 2608 o
989 2579 1141 2609 Socrates.
1164 2588 1269 2608 verum
1293 2587 1406 2609 conare
1420 2576 1484 2618 jam
1509 2577 1598 2608 nobis
1620 2587 1676 2607 ex·

216 2644 342 2675 ponere,
359 2644 421 2675 qua
436 2634 552 2665 ratione
576 2634 787 2675 nosmetipsos
810 2643 962 2665 curemus.
1007 2632 1062 2663 So.
1089 2630 1204 2662 Nonne
1229 2631 1302 2662 satis
1311 2630 1378 2672 jain
1394 2641 1411 2661 a
1427 2630 1517 2661 nobis
1533 2630 1565 2660 in
1581 2639 1673 2672 supe—

213 2687 342 2719 rioribus
358 2687 519 2718 definitum
536 2689 606 2718 est?
651 2688 735 2724 Quid
753 2688 834 2719 enim
857 2687 963 2723 simus,
986 2685 1209 2716 convenienter
1237 2695 1328 2727 supra
1343 2683 1563 2716 conclusimus.
1588 2683 1675 2715 time.

213 2743 321 2772 bamus
336 2741 430 2776 enirn,
447 2751 485 2772 ne
501 2741 533 2771 in
550 2742 607 2772 hoc
623 2742 746 2783 decepti
772 2751 828 2772 nos
845 2741 929 2782 ipsos
952 2739 1079 2771 forsitan
1104 2740 1280 2779 lateremus,
1302 2736 1434 2779 alicujus
1457 2737 1593 2777 alterius,
1609 2744 1673 2768 non

213 2794 309 2826 nostri
324 2805 427 2826 curam
453 2795 612 2825 habentes.
658 2796 721 2826 Ar..
744 2796 811 2833 Est,
839 2800 874 2825 ut
901 2794 989 2826 dicis.
1034 2793 1090 2824 So.
1117 2792 1241 2824 Deinde
1270 2802 1449 2824 concessum
1479 2795 1537 2826 est,
1561 2791 1671 2821 ariimae

214 2859 317 2880 curam
341 2849 513 2879 habendam
541 2859 720 2890 semperque
748 2850 785 2879 ad
803 2849 900 2890 ipsam
917 2848 1157 2890 respicit-ndum.
1204 2847 1269 2878 AL.
1295 2845 1497 2876 Manifestum
1515 2848 1573 2875 est.
1616 2844 1672 2875 So.

213 2903 385 2944 (Yon-porum
403 2913 472 2933 vero
489 2902 863 2943 p‹·cuni;1r1.mqm-curam
879 2903 944 2934 aliis
963 2903 1184 2943 reliquendarn.
1231 2901 1292 2931 Al..
1317 2898 1462 2936 Quidni?
1506 2897 1559 2926 So.
1585 2897 1674 2935 Quo·
