1840 3225
124 241 222 291 370]
553 241 624 278 DE
656 237 961 278 REPUB'LICA
994 237 1092 275 LlB.
1127 238 1177 275 ll.
1515 242 1588 277 107

122 347 256 387 gandam
271 357 339 378 esse
352 346 519 388 justitiam,
535 356 571 376 ac
588 345 614 375 si
631 344 702 386 quis
729 353 792 373 non
817 347 909 374 acute
935 341 1133 373 cernentibus
1156 342 1259 373 literas
1286 352 1394 383 parvas
1419 344 1588 386 proculque

123 400 241 446 positas
269 401 416 442 legendas
442 400 638 437 mandasset3
661 397 776 428 deinde
805 396 1074 427 animadvertisset
1101 396 1213 437 aliquis
1240 397 1364 427 easdem
1393 396 1495 428 literas
1522 409 1589 429 esse

122 453 198 484 alibi
215 454 245 484 in
262 454 371 495 majori
385 455 520 496 quodam
538 453 608 483 loco
625 451 768 493 majores,
783 456 878 492 atque
894 450 967 480 inde
993 459 1097 490 operae
1125 450 1256 490 pretium
1280 451 1462 487 censuisset,
1479 457 1514 482 ut
1538 462 1590 483 eas

125 508 225 548 primo
242 509 380 549 legentes
406 509 450 538 ita
476 509 602 538 demum
630 506 779 541 minores,
796 505 819 535 si
848 505 965 536 eaedem
991 511 1074 539 sunt,
1090 503 1334 535 considerarent.
1380 501 1439 535 Ita*
1455 516 1591 546 prorsus,

123 561 314 592 Adimantus
330 564 384 595 ait.
408 563 462 592 sed
479 561 555 603 quid
569 567 602 592 tu
621 560 719 591 simile
735 560 766 590 in
784 560 841 590 hac
854 559 898 589 de
909 557 1033 599 justitia
1048 558 1251 598 inquisitione
1267 559 1366 595 vides,
1379 569 1400 588 o
1424 559 1589 591 Socrates?

121 615 179 646 So.
197 616 264 657 Ego
273 616 450 647 tibidicaru.
474 615 658 646 Dicimusne
668 613 821 655 justitiam
834 612 968 643 hominis
979 612 1070 642 unius
1083 612 1169 642 esse?
1186 611 1317 642 dicimus
1330 613 1424 642 totius
1435 614 1590 645 civitatis?

126 668 209 700 Am.
232 669 343 700 Plane.
376 670 437 701 So.
453 669 561 710 Atque
576 669 686 700 civitas
701 678 805 698 nonne
823 666 921 708 major
935 676 997 696 uno
1011 666 1096 696 viro?
1136 665 1218 695 Am.
1235 665 1353 707 Major.
1377 666 1432 698 So.
1450 667 1593 699 Fortasse

129 723 358 764 igiturjustitia
373 723 506 764 amplior
520 724 551 754 in
570 723 679 764 majori
696 723 790 758 inest,
804 721 986 762 faciliorque
1002 726 1049 751 est
1061 720 1200 760 cognitu.
1227 720 1344 759 Quare,
1358 721 1381 750 si
1394 722 1497 758 vultis,
1511 723 1595 764 prius

126 775 225 818 [369]
248 787 419 818 quaeremus
435 778 466 808 in
483 778 661 809 civitatibus
674 776 826 818 quidnam
844 775 884 805 sit
899 787 905 805 :
932 775 1026 815 idque
1043 774 1158 804 deinde
1175 774 1207 803 in
1225 774 1354 815 singulis
1378 776 1591 807 considerabi-

122 840 203 866 mus,
230 831 354 872 majoris
384 832 482 872 ipsius
510 832 746 862 similitudinem
774 833 806 861 in
833 829 959 860 minoris
985 830 1057 859 idea
1085 828 1348 869 contemplantes.
1393 828 1476 862 Ani.
1507 831 1590 861 Scite

121 883 210 925 loqui
225 885 348 915 videris.
395 886 450 918 So.
473 885 506 916 Si
521 886 679 916 civitatem
696 885 836 915 orat-ione
859 883 1063 914 constitutam
1085 882 1485 923 inspiceremus,justitiam
1512 894 1590 925 quo-

123 949 184 980 que
200 938 268 979 ejus
283 945 315 970 et
330 939 517 981 injustitiam
532 941 718 971 videremus.
763 938 845 969 Am.
870 938 973 969 Forte.
1020 937 1076 970 So.
1100 936 1174 973 Quo
1191 936 1275 967 sacto
1293 947 1362 978 spes
1387 936 1444 968 erit
1467 938 1590 969 facilius

121 994 345 1034 cognoscendi,
361 995 445 1035 quod
462 995 637 1036 quaerimus.
683 993 767 1024 Anr.
792 992 944 1023 Maxime.
989 991 1046 1024 So.
1070 991 1160 1032 Opus
1176 996 1223 1021 est
1239 990 1333 1031 igitur
1349 991 1430 1021 istud
1455 992 1589 1023 efficere.

122 1055 194 1076 narn
210 1057 273 1077 non
289 1058 382 1088 parva
395 1058 454 1083 res,
471 1053 504 1078 ut
519 1048 657 1078 arbitror.
681 1047 876 1078 considerate
890 1047 1008 1086 itaque.
1053 1044 1138 1076 Am.
1162 1045 1244 1075 Ecce
1269 1046 1510 1076 consideramus.
1534 1048 1588 1077 sed

122 1105 157 1129 tu
174 1110 214 1130 ne
228 1100 318 1131 aliter
332 1101 439 1132 facito.
485 1102 541 1132 So.
565 1101 618 1132 Fit
632 1102 744 1142 utique
761 1101 883 1140 civitas,
899 1106 934 1130 ut
945 1099 1098 1140 existimo,
1113 1099 1368 1140 quandoquidem
1392 1100 1495 1130 nullus
1518 1111 1591 1131 nos-

122 1158 202 1183 tr-um
217 1165 256 1185 ex
270 1155 386 1195 seipso
402 1155 556 1186 sufficiens
569 1161 629 1195 est,
645 1156 698 1186 sed
717 1155 882 1185 multorum
898 1154 1031 1194 indiget.
1054 1164 1093 1183 an
1110 1164 1182 1183 vero
1205 1158 1237 1182 tu
1266 1159 1358 1194 putas
1385 1153 1469 1184 aliud
1497 1155 1592 1184 exsti-

122 1206 196 1238 tisse
210 1208 388 1239 civitatibus
404 1209 632 1240 constituendis
648 1209 794 1238 initium?
842 1207 926 1238 Am.
950 1206 1081 1237 Nullum
1095 1206 1192 1238 aliud.
1239 1206 1294 1238 So.
1311 1207 1363 1237 Sic
1380 1207 1484 1249 itaque
1497 1217 1532 1238 se
1543 1209 1590 1238 in-

121 1260 221 1291 vicem
237 1262 399 1303 accipiunt
413 1263 553 1293 homines
569 1262 728 1304 aliumque
744 1263 782 1292 ad
800 1261 895 1292 aliurn
912 1272 1000 1291 usum
1018 1260 1185 1296 asciscunt,
1200 1271 1271 1291 cum
1298 1261 1404 1291 multis
1426 1262 1591 1303 indigeant

121 1319 154 1344 et
169 1315 282 1345 multos
298 1316 328 1345 in
346 1316 570 1347 habitationem
588 1327 678 1346 unam
696 1319 889 1356 congregant
915 1315 1195 1346 communicatores
1222 1314 1465 1356 adjutoresque:
1495 1327 1586 1357 quem

122 1373 234 1399 coetum
251 1369 407 1400 civitatem
424 1381 481 1401 nos
508 1371 715 1411 appellamus.
739 1369 869 1400 nonne?
915 1368 998 1399 Am.
1022 1368 1174 1399 Omnino.
1221 1367 1277 1399 So.
1301 1367 1490 1409 Impertiunt
1514 1381 1587 1411 ergo

123 1421 256 1453 vicissim
273 1434 341 1461 sua,
356 1429 388 1454 et
402 1424 506 1455 aliena
521 1425 654 1455 vicissim
669 1424 842 1465 accipiunt,
858 1423 1037 1454 conducere
1054 1422 1113 1453 sibi
1130 1422 1375 1453 vicissitudinem
1400 1423 1480 1454 hanc
1507 1424 1588 1455 exis-

123 1476 278 1508 timantes.
322 1478 403 1510 Am.
428 1478 479 1509 Ita
493 1489 625 1519 prorsus.
668 1478 722 1509 So.
747 1477 909 1519 Age,jam
926 1477 1152 1508 constituamus
1167 1477 1308 1507 oratione
1324 1484 1428 1508 nostra
1455 1488 1473 1508 a
1500 1479 1587 1519 prin-

122 1530 206 1571 cipio
221 1531 389 1563 civitatem.
433 1533 541 1564 Faciet
556 1538 658 1564 autern
674 1533 786 1574 ipsam,
803 1537 838 1562 ut
862 1532 994 1568 videtur,
1014 1531 1190 1573 indigentia
1214 1536 1329 1564 nostra.
1377 1531 1460 1564 Am.
1485 1533 1588 1570 Quid-

122 1583 181 1615 ni?
225 1585 281 1616 So.
304 1586 408 1617 Prima
423 1598 495 1618 vero
512 1593 544 1618 et
563 1588 696 1618 maxima
725 1587 862 1618 omnium
889 1586 1065 1627 indigentia
1091 1592 1139 1616 est
1161 1586 1346 1627 praeparatio
1372 1587 1481 1622 victus,
1499 1593 1532 1617 ut
1557 1593 1590 1619 et

98 1647 101 1650 ·
123 1638 216 1670 simus
246 1645 279 1670 et
304 1641 453 1673 vivamus.
498 1642 580 1673 Am.
601 1642 707 1675 Certe.
754 1643 810 1673 So.
834 1640 1049 1672 Habitationis
1074 1641 1223 1671 secunda.
1269 1639 1375 1671 Tertia
1400 1641 1529 1671 vestitus
1557 1648 1590 1673 et

122 1693 313 1734 hujusmodi.
360 1696 443 1726 Ani.
467 1696 533 1734 Est,
549 1701 585 1727 ut
610 1697 701 1728 dicis.
745 1697 801 1728 So.
828 1695 899 1737 Age
924 1696 1028 1737 igitur.
1052 1695 1106 1725 sed
1132 1705 1266 1736 quonam
1295 1695 1389 1724 modo
1413 1694 1521 1725 civitas
1547 1696 1588 1726 ad

121 1747 202 1778 hanc
230 1750 485 1790 praeparationem
511 1750 666 1782 sufficiet?
691 1761 731 1781 an
758 1761 822 1781 non
849 1761 930 1781 unus
957 1749 1016 1780 erit
1041 1748 1189 1790 agricola,
1206 1748 1377 1778 aedificator
1402 1748 1492 1785 alius,
1508 1749 1588 1786 alius

121 1802 244 1832 textor?
268 1803 410 1845 nunquid
425 1809 457 1834 et
471 1805 631 1835 coriarium
647 1804 764 1835 ibidem
781 1803 1065 1843 annumerabimus,
1080 1802 1127 1833 vel
1145 1803 1280 1844 aliquem
1295 1802 1390 1832 alium
1417 1813 1517 1833 rerum
1545 1803 1586 1833 ad

124 1855 261 1896 corporis
291 1867 378 1888 usum
409 1859 631 1899 pertinentium
657 1864 828 1890 curatorem
844 1859 854 1889 ?
904 1857 985 1888 Am.
1012 1857 1162 1887 Maxime.
1202 1857 1264 1887 So.
1290 1856 1358 1886 Erit
1382 1857 1488 1897 itaque
1520 1857 1588 1898 ipsa

122 1907 232 1940 civitas
246 1911 354 1942 saltem
370 1923 408 1942 ex
435 1918 569 1953 quatuor
591 1918 646 1943 aut
671 1914 810 1954 quinque
839 1912 923 1943 viris.
968 1911 1051 1942 Am.
1076 1910 1228 1951 Apparet.
1274 1909 1330 1941 So.
1352 1909 1440 1946 Quid
1467 1910 1586 1951 igitur?

121 1973 375 2006 unumquemque
390 1966 515 1996 istorum
532 1971 655 2007 oportet
668 1977 757 1996 suum
773 1977 853 2007 opus
878 1965 945 1995 aliis
970 1965 1199 1996 communicare
1213 1965 1223 1994 ?
1248 1963 1395 1995 videlicet
1420 1964 1586 2005 agricolam

121 2026 218 2047 unum
235 2018 349 2049 victum
367 2025 501 2060 quatuor
517 2031 700 2061 praeparare,
717 2020 791 2050 etin
807 2019 983 2061 quadruplo
1001 2024 1123 2060 tempus
1141 2023 1173 2049 et
1189 2018 1324 2049 laborem
1340 2019 1373 2048 in
1400 2018 1588 2059 agricultura

122 2081 316 2108 consumere,
333 2077 426 2114 atque
452 2074 520 2104 aliis
546 2075 803 2106 communicare?
824 2085 862 2105 an
889 2074 1005 2115 potius,
1021 2073 1148 2104 aliorum
1175 2083 1248 2103 cura
1275 2072 1430 2114 neglecta,
1446 2079 1586 2114 quartam

122 2125 179 2156 sibi
195 2124 253 2155 soli
269 2132 385 2166 partem
401 2138 591 2169 comparare,
608 2129 866 2170 praeparationem
884 2128 1032 2159 videlicet
1052 2127 1269 2158 alimentorum
1296 2126 1393 2169 [370]
1419 2127 1451 2157 in
1478 2133 1589 2168 quarta

123 2180 271 2220 temporis
288 2181 394 2221 parte?
417 2182 602 2223 reliquarum
619 2187 722 2213 autem
739 2183 873 2224 partium
899 2181 1047 2222 temporis
1071 2191 1165 2211 unam
1188 2181 1219 2211 in
1246 2181 1455 2212 construenda
1480 2182 1588 2218 domo,

122 2233 213 2264 aliam
227 2234 257 2264 in
271 2235 394 2272 vestitu,
405 2236 496 2266 aliam
508 2237 540 2266 in
551 2237 664 2268 calceis
677 2236 884 2268 conficiendis
897 2242 1056 2267 conterere
1069 2248 1076 2266 z
1095 2246 1196 2277 neque
1209 2234 1329 2266 curiose
1342 2234 1411 2265 aliis
1425 2246 1486 2266 rem
1501 2246 1588 2266 suam

124 2289 363 2325 communicare,
385 2291 439 2321 sed
464 2291 568 2332 ipsum
593 2290 652 2321 sibi
679 2291 746 2321 sine
774 2290 900 2321 alterius
924 2290 1042 2320 auxilio
1070 2288 1255 2330 providere?
1301 2288 1382 2320 Ant.
1407 2288 1500 2319 Forte
1528 2290 1587 2320 hoc

123 2341 230 2378 modo,
246 2352 264 2372 o
281 2342 435 2380 Socrates,
449 2343 572 2374 facilius
596 2349 677 2374 esset
702 2354 795 2385 quam
820 2343 886 2374 illo.
933 2343 990 2374 So.
1014 2342 1149 2373 Minime
1177 2352 1231 2383 per
1260 2342 1393 2373 Jovem:
1420 2343 1587 2373 absurdum

123 2394 220 2425 enim.
241 2405 312 2425 nam
338 2401 369 2426 te
394 2397 543 2438 loquente
568 2397 733 2428 considero
758 2397 844 2428 nasci
868 2407 925 2427 nos
949 2396 1077 2438 quidem
1103 2407 1165 2426 non
1192 2396 1360 2426 admodum
1390 2396 1517 2436 similes,
1534 2397 1589 2427 sed

123 2447 304 2479 differentes
318 2449 463 2491 invicem,
477 2451 679 2493 singulosque
694 2452 733 2482 ad
752 2452 874 2493 singula
890 2461 985 2492 opera
1001 2455 1163 2492 promptos
1179 2455 1288 2480 natura
1302 2449 1445 2490 produci.
1469 2461 1509 2480 an
1525 2461 1589 2482 non

123 2501 180 2532 tibi
195 2501 341 2533 videtur?
371 2503 455 2534 Am.
477 2504 561 2534 Mihi
576 2516 658 2536 vero.
691 2506 747 2537 So.
771 2506 857 2543 Quid
869 2505 998 2536 autem?
1019 2511 1166 2545 ageretne
1183 2504 1292 2535 melius
1303 2503 1415 2545 aliquis
1429 2514 1508 2534 uuus
1522 2515 1588 2535 om-

123 2566 179 2586 nes
193 2555 284 2586 simul
299 2563 392 2597 artes,
403 2558 450 2588 vel
465 2558 579 2599 singuli
591 2559 750 2600 singulas?
787 2559 870 2591 Am.
893 2559 1016 2600 Singuli
1031 2559 1179 2600 singulas.
1213 2557 1269 2589 So.
1293 2557 1393 2598 Atqui
1404 2564 1436 2589 et
1449 2559 1508 2590 hoc
1524 2569 1589 2590 ma·

126 2609 273 2641 nifestum
290 2621 356 2641 esse
371 2611 525 2648 existimo,
541 2613 625 2653 quod
643 2613 668 2644 si
683 2614 773 2645 nobis
786 2614 817 2644 in
835 2614 895 2645 alio
911 2614 1047 2655 quodam
1060 2613 1187 2653 negotio
1199 2612 1362 2653 occupatis
1375 2613 1593 2654 opportunitas

129 2663 262 2705 alicujus
289 2665 391 2706 operis
418 2666 568 2707 praeterit,
594 2667 736 2708 ejusdem
765 2669 847 2710 perit
873 2673 905 2698 et
930 2668 1023 2698 actio.
1069 2666 1150 2697 Ant.
1174 2666 1278 2696 Patet.
1323 2666 1380 2697 So.
1404 2665 1477 2697 Non
1507 2667 1590 2698 enim

128 2718 212 2758 quod
228 2718 407 2750 faciendum
423 2726 483 2759 est,
499 2719 644 2751 facientis
660 2722 756 2752 otium
773 2727 938 2764 expectare
955 2721 1021 2752 vult
1035 2733 1042 2751 ι
1067 2721 1120 2751 sed
1135 2720 1303 2751 necessitas
1314 2720 1399 2761 cogit
1412 2721 1591 2758 facientem,

125 2781 204 2811 opus
219 2771 320 2812 ipsum
337 2773 496 2803 observata
513 2784 636 2815 semper
651 2776 818 2807 occasione
836 2775 991 2817 prosequi.
1039 2775 1124 2806 Am.
1148 2773 1286 2805 Necesse
1303 2780 1360 2805 est.
1406 2773 1459 2805 So.
1483 2774 1528 2804 Ex
1545 2775 1591 2804 his

130 2829 217 2866 patet
231 2826 353 2867 singula
368 2827 434 2857 fieri
449 2834 481 2858 et
496 2828 584 2869 plura
599 2833 630 2858 et
647 2829 756 2860 melius
771 2835 803 2860 et
825 2829 957 2866 facilius,
974 2829 1101 2869 quaudo
1132 2828 1244 2869 singuli
1271 2828 1394 2869 singula
1420 2829 1592 2858 secuudum

130 2883 269 2910 naturam
286 2881 450 2912 occasione
467 2888 586 2913 servata
602 2884 641 2913 ab
656 2884 723 2913 aliis
740 2890 895 2915 cessantes
910 2884 1060 2914 efficiunt.
1106 2883 1131 2912 A
1143 2894 1189 2913 ni.
1214 2883 1264 2912 Sic
1281 2888 1325 2911 est
1353 2882 1492 2911 omniuo.
1539 2883 1592 2912 sa.

135 2931 278 2964 Pluribus
294 2934 400 2977 igitur,
415 2947 433 2967 ο
448 2935 633 2974 Adimante,
650 2948 727 2979 opus
744 2944 790 2968 est
806 2936 926 2969 civibus
944 2948 1036 2979 quarn
1064 2943 1195 2977 quatuor
1222 2936 1260 2966 ad
1289 2946 1337 2975 eu,
1354 2946 1424 2975 quar:
1450 2935 1594 2975 diximus,
