<?xml version="1.0" encoding="UTF-8"?>
<!DOCTYPE html PUBLIC "-//W3C//DTD XHTML 1.0 Transitional//EN"
    "http://www.w3.org/TR/xhtml1/DTD/xhtml1-transitional.dtd">
<html xmlns="http://www.w3.org/1999/xhtml" xml:lang="en" lang="en">
 <head>
  <title>
</title>
<meta http-equiv="Content-Type" content="text/html;charset=utf-8" />
  <meta name='ocr-system' content='tesseract 3.04.00' />
  <meta name='ocr-capabilities' content='ocr_page ocr_carea ocr_par ocr_line ocrx_word'/>
</head>
<body>
  <div class='ocr_page' id='page_1' title='image "./platonisetquaeve11plat_0027.png"; bbox 0 0 1840 3225; ppageno 0'>
   <div class='ocr_carea' id='block_1_1' title="bbox 162 221 1620 272">
    <p class='ocr_par' dir='ltr' id='par_1_1' title="bbox 162 221 1620 272">
     <span class='ocr_line' id='line_1_1' title="bbox 162 221 1620 272; baseline 0.003 -12"><span class='ocrx_word' id='word_1_1' title='bbox 162 221 234 272; x_wconf 83' lang='lat'>43]</span> <span class='ocrx_word' id='word_1_2' title='bbox 746 221 1033 262; x_wconf 78' lang='lat' dir='ltr'>PfflLEssus,</span> <span class='ocrx_word' id='word_1_3' title='bbox 1577 229 1620 265; x_wconf 87' lang='lat'>17</span> 
     </span>
    </p>
   </div>
   <div class='ocr_carea' id='block_1_2' title="bbox 139 323 1626 3008">
    <p class='ocr_par' dir='ltr' id='par_1_2' title="bbox 141 323 1626 2802">
     <span class='ocr_line' id='line_1_2' title="bbox 163 323 1625 371; baseline 0.004 -17"><span class='ocrx_word' id='word_1_4' title='bbox 163 324 320 356; x_wconf 70' lang='lat' dir='ltr'>molestias</span> <span class='ocrx_word' id='word_1_5' title='bbox 336 325 426 356; x_wconf 80' lang='lat' dir='ltr'>valde</span> <span class='ocrx_word' id='word_1_6' title='bbox 443 325 537 355; x_wconf 86' lang='lat' dir='ltr'>malas</span> <span class='ocrx_word' id='word_1_7' title='bbox 553 334 619 355; x_wconf 82' lang='lat' dir='ltr'>esse</span> <span class='ocrx_word' id='word_1_8' title='bbox 634 323 874 365; x_wconf 76' lang='lat' dir='ltr'>haudquaquam</span> <span class='ocrx_word' id='word_1_9' title='bbox 891 334 1022 356; x_wconf 77' lang='lat' dir='ltr'>asserere</span> <span class='ocrx_word' id='word_1_10' title='bbox 1034 326 1138 363; x_wconf 79' lang='lat' dir='ltr'>decet,</span> <span class='ocrx_word' id='word_1_11' title='bbox 1148 326 1180 357; x_wconf 89' lang='lat' dir='ltr'>in</span> <span class='ocrx_word' id='word_1_12' title='bbox 1191 328 1356 359; x_wconf 80' lang='lat' dir='ltr'>maximam</span> <span class='ocrx_word' id='word_1_13' title='bbox 1369 338 1405 359; x_wconf 89' lang='lat' dir='ltr'>ac</span> <span class='ocrx_word' id='word_1_14' title='bbox 1420 329 1625 371; x_wconf 79' lang='lat' dir='ltr'><strong>multiplicem</strong></span> 
     </span>
     <span class='ocr_line' id='line_1_3' title="bbox 161 376 1624 424; baseline 0.005 -17"><span class='ocrx_word' id='word_1_15' title='bbox 161 378 344 419; x_wconf 74' lang='lat' dir='ltr'>pravitatem</span> <span class='ocrx_word' id='word_1_16' title='bbox 361 378 449 410; x_wconf 87' lang='lat' dir='ltr'>aliter</span> <span class='ocrx_word' id='word_1_17' title='bbox 464 377 648 409; x_wconf 72' lang='lat' dir='ltr'>incidentes.</span> <span class='ocrx_word' id='word_1_18' title='bbox 695 376 751 409; x_wconf 89' lang='lat' dir='ltr'>So.</span> <span class='ocrx_word' id='word_1_19' title='bbox 776 376 880 408; x_wconf 82' lang='lat' dir='ltr'>Malas</span> <span class='ocrx_word' id='word_1_20' title='bbox 904 378 1013 420; x_wconf 86' lang='lat' dir='ltr'>utique</span> <span class='ocrx_word' id='word_1_21' title='bbox 1037 379 1223 422; x_wconf 85' lang='lat' dir='ltr'>voluptates,</span> <span class='ocrx_word' id='word_1_22' title='bbox 1251 387 1284 413; x_wconf 89' lang='lat' dir='ltr'>et</span> <span class='ocrx_word' id='word_1_23' title='bbox 1298 387 1424 424; x_wconf 86' lang='lat' dir='ltr'>propter</span> <span class='ocrx_word' id='word_1_24' title='bbox 1440 382 1624 423; x_wconf 78' lang='lat' dir='ltr'>pravitatem</span> 
     </span>
     <span class='ocr_line' id='line_1_4' title="bbox 161 431 1625 479; baseline 0.003 -16"><span class='ocrx_word' id='word_1_25' title='bbox 161 432 251 469; x_wconf 86' lang='lat' dir='ltr'>tales,</span> <span class='ocrx_word' id='word_1_26' title='bbox 262 433 359 474; x_wconf 86' lang='lat' dir='ltr'>paulo</span> <span class='ocrx_word' id='word_1_27' title='bbox 369 437 452 474; x_wconf 82' lang='lat' dir='ltr'>post.</span> <span class='ocrx_word' id='word_1_28' title='bbox 464 432 489 463; x_wconf 86' lang='lat' dir='ltr'>si</span> <span class='ocrx_word' id='word_1_29' title='bbox 506 431 669 473; x_wconf 83' lang='lat' dir='ltr'>placuerit,</span> <span class='ocrx_word' id='word_1_30' title='bbox 682 431 849 463; x_wconf 84' lang='lat' dir='ltr'>referemus</span> <span class='ocrx_word' id='word_1_31' title='bbox 863 443 871 462; x_wconf 90' lang='lat'>:</span> <span class='ocrx_word' id='word_1_32' title='bbox 889 432 981 463; x_wconf 77' lang='lat' dir='ltr'>salsas</span> <span class='ocrx_word' id='word_1_33' title='bbox 998 438 1101 464; x_wconf 77' lang='lat' dir='ltr'>autem</span> <span class='ocrx_word' id='word_1_34' title='bbox 1118 434 1245 476; x_wconf 83' lang='lat' dir='ltr'>insuper</span> <span class='ocrx_word' id='word_1_35' title='bbox 1260 435 1321 467; x_wconf 80' lang='lat' dir='ltr'>alio</span> <span class='ocrx_word' id='word_1_36' title='bbox 1338 436 1444 478; x_wconf 85' lang='lat' dir='ltr'>modo,</span> <span class='ocrx_word' id='word_1_37' title='bbox 1460 441 1525 467; x_wconf 88' lang='lat' dir='ltr'>tum</span> <span class='ocrx_word' id='word_1_38' title='bbox 1541 446 1625 479; x_wconf 83' lang='lat' dir='ltr'>saepe</span> 
     </span>
     <span class='ocr_line' id='line_1_5' title="bbox 160 486 1625 531; baseline 0.003 -14"><span class='ocrx_word' id='word_1_39' title='bbox 160 491 227 518; x_wconf 84' lang='lat' dir='ltr'>tum</span> <span class='ocrx_word' id='word_1_40' title='bbox 245 487 355 518; x_wconf 84' lang='lat' dir='ltr'>multas</span> <span class='ocrx_word' id='word_1_41' title='bbox 370 488 401 517; x_wconf 90' lang='lat' dir='ltr'>in</span> <span class='ocrx_word' id='word_1_42' title='bbox 418 487 508 517; x_wconf 86' lang='lat' dir='ltr'>nobis</span> <span class='ocrx_word' id='word_1_43' title='bbox 524 491 556 517; x_wconf 86' lang='lat' dir='ltr'>et</span> <span class='ocrx_word' id='word_1_44' title='bbox 570 497 637 517; x_wconf 84' lang='lat' dir='ltr'>esse</span> <span class='ocrx_word' id='word_1_45' title='bbox 652 492 684 518; x_wconf 86' lang='lat' dir='ltr'>et</span> <span class='ocrx_word' id='word_1_46' title='bbox 700 486 765 517; x_wconf 90' lang='lat' dir='ltr'>fieri</span> <span class='ocrx_word' id='word_1_47' title='bbox 782 487 952 518; x_wconf 87' lang='lat' dir='ltr'>dicendum</span> <span class='ocrx_word' id='word_1_48' title='bbox 967 493 1024 518; x_wconf 88' lang='lat' dir='ltr'>est.</span> <span class='ocrx_word' id='word_1_49' title='bbox 1047 489 1106 519; x_wconf 92' lang='lat' dir='ltr'>hoc</span> <span class='ocrx_word' id='word_1_50' title='bbox 1122 489 1204 519; x_wconf 89' lang='lat' dir='ltr'>enim</span> <span class='ocrx_word' id='word_1_51' title='bbox 1219 491 1257 520; x_wconf 83' lang='lat' dir='ltr'>ad</span> <span class='ocrx_word' id='word_1_52' title='bbox 1271 490 1480 531; x_wconf 87' lang='lat' dir='ltr'>judicandum</span> <span class='ocrx_word' id='word_1_53' title='bbox 1495 490 1625 522; x_wconf 79' lang='lat' dir='ltr'>fortasse</span> 
     </span>
     <span class='ocr_line' id='line_1_6' title="bbox 160 540 1626 583; baseline 0.003 -13"><span class='ocrx_word' id='word_1_54' title='bbox 160 541 250 572; x_wconf 86' lang='lat' dir='ltr'>nobis</span> <span class='ocrx_word' id='word_1_55' title='bbox 264 541 395 572; x_wconf 84' lang='lat' dir='ltr'>confert.</span> <span class='ocrx_word' id='word_1_56' title='bbox 440 541 527 572; x_wconf 75' lang='lat' dir='ltr'>Pno.</span> <span class='ocrx_word' id='word_1_57' title='bbox 551 540 695 578; x_wconf 85' lang='lat' dir='ltr'>Quidni?</span> <span class='ocrx_word' id='word_1_58' title='bbox 720 541 813 571; x_wconf 91' lang='lat' dir='ltr'>modo</span> <span class='ocrx_word' id='word_1_59' title='bbox 839 540 912 572; x_wconf 85' lang='lat' dir='ltr'>sint.</span> <span class='ocrx_word' id='word_1_60' title='bbox 959 541 1014 573; x_wconf 89' lang='lat' dir='ltr'>So.</span> <span class='ocrx_word' id='word_1_61' title='bbox 1040 541 1152 583; x_wconf 88' lang='lat' dir='ltr'>Atqui,</span> <span class='ocrx_word' id='word_1_62' title='bbox 1179 553 1198 573; x_wconf 94' lang='lat' dir='ltr'>o</span> <span class='ocrx_word' id='word_1_63' title='bbox 1221 543 1401 581; x_wconf 87' lang='lat' dir='ltr'>Protarche,</span> <span class='ocrx_word' id='word_1_64' title='bbox 1425 549 1461 575; x_wconf 91' lang='lat' dir='ltr'>ut</span> <span class='ocrx_word' id='word_1_65' title='bbox 1475 554 1544 575; x_wconf 89' lang='lat' dir='ltr'>mea</span> <span class='ocrx_word' id='word_1_66' title='bbox 1566 544 1626 576; x_wconf 84' lang='lat' dir='ltr'>fert</span> 
     </span>
     <span class='ocr_line' id='line_1_7' title="bbox 159 594 1625 640; baseline 0.003 -16"><span class='ocrx_word' id='word_1_67' title='bbox 159 594 282 636; x_wconf 88' lang='lat' dir='ltr'>opinio,</span> <span class='ocrx_word' id='word_1_68' title='bbox 297 599 381 629; x_wconf 83' lang='lat' dir='ltr'>sunt.</span> <span class='ocrx_word' id='word_1_69' title='bbox 428 594 505 626; x_wconf 82' lang='lat' dir='ltr'>Haec</span> <span class='ocrx_word' id='word_1_70' title='bbox 516 600 618 625; x_wconf 79' lang='lat' dir='ltr'>autem</span> <span class='ocrx_word' id='word_1_71' title='bbox 636 595 802 631; x_wconf 84' lang='lat' dir='ltr'>sententia,</span> <span class='ocrx_word' id='word_1_72' title='bbox 816 595 966 636; x_wconf 88' lang='lat' dir='ltr'>quamdiu</span> <span class='ocrx_word' id='word_1_73' title='bbox 982 596 1068 636; x_wconf 82' lang='lat' dir='ltr'>apud</span> <span class='ocrx_word' id='word_1_74' title='bbox 1084 606 1141 627; x_wconf 91' lang='lat' dir='ltr'>nos</span> <span class='ocrx_word' id='word_1_75' title='bbox 1155 602 1271 634; x_wconf 87' lang='lat' dir='ltr'>manet,</span> <span class='ocrx_word' id='word_1_76' title='bbox 1287 607 1304 627; x_wconf 81' lang='lat' dir='ltr'>a</span> <span class='ocrx_word' id='word_1_77' title='bbox 1322 598 1539 640; x_wconf 84' lang='lat' dir='ltr'>redargutione</span> <span class='ocrx_word' id='word_1_78' title='bbox 1552 609 1625 640; x_wconf 89' lang='lat' dir='ltr'>pro-</span> 
     </span>
     <span class='ocr_line' id='line_1_8' title="bbox 158 647 1623 690; baseline 0.003 -12"><span class='ocrx_word' id='word_1_79' title='bbox 158 647 209 679; x_wconf 90' lang='lat' dir='ltr'>cul</span> <span class='ocrx_word' id='word_1_80' title='bbox 224 658 291 679; x_wconf 87' lang='lat' dir='ltr'>esse</span> <span class='ocrx_word' id='word_1_81' title='bbox 306 647 497 690; x_wconf 85' lang='lat' dir='ltr'>impossibile</span> <span class='ocrx_word' id='word_1_82' title='bbox 511 654 569 679; x_wconf 88' lang='lat' dir='ltr'>est.</span> <span class='ocrx_word' id='word_1_83' title='bbox 614 647 702 679; x_wconf 79' lang='lat' dir='ltr'>Pno.</span> <span class='ocrx_word' id='word_1_84' title='bbox 725 648 842 680; x_wconf 80' lang='lat' dir='ltr'>Probe.</span> <span class='ocrx_word' id='word_1_85' title='bbox 888 648 944 679; x_wconf 89' lang='lat' dir='ltr'>So.</span> <span class='ocrx_word' id='word_1_86' title='bbox 970 648 1200 690; x_wconf 85' lang='lat' dir='ltr'>Aggrediamur</span> <span class='ocrx_word' id='word_1_87' title='bbox 1209 650 1320 681; x_wconf 85' lang='lat' dir='ltr'>iterum</span> <span class='ocrx_word' id='word_1_88' title='bbox 1337 651 1521 683; x_wconf 81' lang='lat' dir='ltr'>athletarum</span> <span class='ocrx_word' id='word_1_89' title='bbox 1538 662 1623 683; x_wconf 89' lang='lat' dir='ltr'>more</span> 
     </span>
     <span class='ocr_line' id='line_1_9' title="bbox 158 702 1622 746; baseline 0.003 -14"><span class='ocrx_word' id='word_1_90' title='bbox 158 702 240 734; x_wconf 86' lang='lat' dir='ltr'>hanc</span> <span class='ocrx_word' id='word_1_91' title='bbox 255 702 512 744; x_wconf 80' lang='lat' dir='ltr'>disputationem,</span> <span class='ocrx_word' id='word_1_92' title='bbox 558 702 645 734; x_wconf 70' lang='lat' dir='ltr'>Pno.</span> <span class='ocrx_word' id='word_1_93' title='bbox 670 702 907 744; x_wconf 83' lang='lat' dir='ltr'>Aggrediamur.</span> <span class='ocrx_word' id='word_1_94' title='bbox 950 703 1006 735; x_wconf 88' lang='lat' dir='ltr'>So.</span> <span class='ocrx_word' id='word_1_95' title='bbox 1030 703 1069 733; x_wconf 90' lang='lat' dir='ltr'>In</span> <span class='ocrx_word' id='word_1_96' title='bbox 1088 704 1298 745; x_wconf 89' lang='lat' dir='ltr'>superioribus</span> <span class='ocrx_word' id='word_1_97' title='bbox 1310 704 1456 741; x_wconf 83' lang='lat' dir='ltr'>diximus,</span> <span class='ocrx_word' id='word_1_98' title='bbox 1469 705 1622 746; x_wconf 85' lang='lat' dir='ltr'>siquidem</span> 
     </span>
     <span class='ocr_line' id='line_1_10' title="bbox 157 756 1623 801; baseline 0.002 -14"><span class='ocrx_word' id='word_1_99' title='bbox 157 757 398 797; x_wconf 84' lang='lat' dir='ltr'>meminerimus,</span> <span class='ocrx_word' id='word_1_100' title='bbox 413 757 540 798; x_wconf 89' lang='lat' dir='ltr'>quando</span> <span class='ocrx_word' id='word_1_101' title='bbox 564 757 755 798; x_wconf 87' lang='lat' dir='ltr'>cupiditates</span> <span class='ocrx_word' id='word_1_102' title='bbox 769 756 892 788; x_wconf 84' lang='lat' dir='ltr'>divisim</span> <span class='ocrx_word' id='word_1_103' title='bbox 919 757 1011 788; x_wconf 87' lang='lat' dir='ltr'>nobis</span> <span class='ocrx_word' id='word_1_104' title='bbox 1026 759 1178 797; x_wconf 83' lang='lat' dir='ltr'>inessent,</span> <span class='ocrx_word' id='word_1_105' title='bbox 1206 764 1281 790; x_wconf 89' lang='lat' dir='ltr'>tunc</span> <span class='ocrx_word' id='word_1_106' title='bbox 1296 769 1409 801; x_wconf 85' lang='lat' dir='ltr'>corpus</span> <span class='ocrx_word' id='word_1_107' title='bbox 1426 759 1623 801; x_wconf 86' lang='lat' dir='ltr'>passionibus</span> 
     </span>
     <span class='ocr_line' id='line_1_11' title="bbox 157 809 1623 855; baseline 0.004 -16"><span class='ocrx_word' id='word_1_108' title='bbox 157 809 197 840; x_wconf 80' lang='lat' dir='ltr'>ab</span> <span class='ocrx_word' id='word_1_109' title='bbox 221 810 325 840; x_wconf 84' lang='lat' dir='ltr'>anima</span> <span class='ocrx_word' id='word_1_110' title='bbox 350 810 537 852; x_wconf 84' lang='lat' dir='ltr'>discrepare.</span> <span class='ocrx_word' id='word_1_111' title='bbox 583 809 670 841; x_wconf 65' lang='lat' dir='ltr'>Pno-</span> <span class='ocrx_word' id='word_1_112' title='bbox 694 809 920 845; x_wconf 82' lang='lat' dir='ltr'>Recordamur,</span> <span class='ocrx_word' id='word_1_113' title='bbox 945 811 1092 852; x_wconf 90' lang='lat' dir='ltr'>dictaque</span> <span class='ocrx_word' id='word_1_114' title='bbox 1118 813 1185 843; x_wconf 77' lang='lat' dir='ltr'>lraec</span> <span class='ocrx_word' id='word_1_115' title='bbox 1200 813 1421 855; x_wconf 85' lang='lat' dir='ltr'>proculdubio</span> <span class='ocrx_word' id='word_1_116' title='bbox 1438 818 1521 844; x_wconf 89' lang='lat' dir='ltr'>sunt.</span> <span class='ocrx_word' id='word_1_117' title='bbox 1566 813 1623 846; x_wconf 90' lang='lat' dir='ltr'>So.</span> 
     </span>
     <span class='ocr_line' id='line_1_12' title="bbox 157 863 1623 908; baseline 0.003 -14"><span class='ocrx_word' id='word_1_118' title='bbox 157 863 274 895; x_wconf 84' lang='lat' dir='ltr'>Nonne</span> <span class='ocrx_word' id='word_1_119' title='bbox 309 864 458 905; x_wconf 90' lang='lat' dir='ltr'>cupiebat</span> <span class='ocrx_word' id='word_1_120' title='bbox 493 864 596 895; x_wconf 85' lang='lat' dir='ltr'>anima</span> <span class='ocrx_word' id='word_1_121' title='bbox 634 864 821 896; x_wconf 84' lang='lat' dir='ltr'>contrarium</span> <span class='ocrx_word' id='word_1_122' title='bbox 866 865 1005 906; x_wconf 88' lang='lat' dir='ltr'>corporis</span> <span class='ocrx_word' id='word_1_123' title='bbox 1042 866 1204 896; x_wconf 88' lang='lat' dir='ltr'>habiturn?</span> <span class='ocrx_word' id='word_1_124' title='bbox 1251 867 1481 908; x_wconf 82' lang='lat' dir='ltr'>receptaculum</span> <span class='ocrx_word' id='word_1_125' title='bbox 1519 872 1623 898; x_wconf 87' lang='lat' dir='ltr'>autem</span> 
     </span>
     <span class='ocr_line' id='line_1_13' title="bbox 155 917 1624 963; baseline 0.002 -15"><span class='ocrx_word' id='word_1_126' title='bbox 155 917 272 949; x_wconf 86' lang='lat' dir='ltr'>doloris</span> <span class='ocrx_word' id='word_1_127' title='bbox 302 924 335 949; x_wconf 86' lang='lat' dir='ltr'>et</span> <span class='ocrx_word' id='word_1_128' title='bbox 359 918 541 959; x_wconf 85' lang='lat' dir='ltr'>voluptatis,</span> <span class='ocrx_word' id='word_1_129' title='bbox 568 929 638 961; x_wconf 88' lang='lat' dir='ltr'>quae</span> <span class='ocrx_word' id='word_1_130' title='bbox 665 918 809 960; x_wconf 84' lang='lat' dir='ltr'>passione</span> <span class='ocrx_word' id='word_1_131' title='bbox 836 919 882 956; x_wconf 85' lang='lat' dir='ltr'>fit,</span> <span class='ocrx_word' id='word_1_132' title='bbox 908 925 973 950; x_wconf 89' lang='lat' dir='ltr'>erat</span> <span class='ocrx_word' id='word_1_133' title='bbox 996 920 1131 961; x_wconf 84' lang='lat' dir='ltr'>corpus?</span> <span class='ocrx_word' id='word_1_134' title='bbox 1178 920 1265 952; x_wconf 72' lang='lat' dir='ltr'>Pno.</span> <span class='ocrx_word' id='word_1_135' title='bbox 1289 920 1374 953; x_wconf 82' lang='lat' dir='ltr'>Erat.</span> <span class='ocrx_word' id='word_1_136' title='bbox 1420 921 1477 953; x_wconf 87' lang='lat' dir='ltr'>So.</span> <span class='ocrx_word' id='word_1_137' title='bbox 1500 921 1624 963; x_wconf 83' lang='lat' dir='ltr'>Collige</span> 
     </span>
     <span class='ocr_line' id='line_1_14' title="bbox 156 972 1625 1016; baseline 0.002 -14"><span class='ocrx_word' id='word_1_138' title='bbox 156 973 243 1013; x_wconf 90' lang='lat' dir='ltr'>quod</span> <span class='ocrx_word' id='word_1_139' title='bbox 272 983 309 1003; x_wconf 84' lang='lat' dir='ltr'>ex</span> <span class='ocrx_word' id='word_1_140' title='bbox 334 973 380 1003; x_wconf 84' lang='lat' dir='ltr'>his</span> <span class='ocrx_word' id='word_1_141' title='bbox 403 973 553 1014; x_wconf 87' lang='lat' dir='ltr'>sequitur.</span> <span class='ocrx_word' id='word_1_142' title='bbox 597 973 682 1004; x_wconf 69' lang='lat' dir='ltr'>Pno.</span> <span class='ocrx_word' id='word_1_143' title='bbox 702 972 776 1004; x_wconf 90' lang='lat' dir='ltr'>Dic.</span> <span class='ocrx_word' id='word_1_144' title='bbox 821 973 877 1004; x_wconf 90' lang='lat' dir='ltr'>So.</span> <span class='ocrx_word' id='word_1_145' title='bbox 901 974 1057 1011; x_wconf 88' lang='lat' dir='ltr'>Quotiens</span> <span class='ocrx_word' id='word_1_146' title='bbox 1083 974 1141 1004; x_wconf 88' lang='lat' dir='ltr'>ista</span> <span class='ocrx_word' id='word_1_147' title='bbox 1157 980 1357 1010; x_wconf 81' lang='lat' dir='ltr'>concurrunt,</span> <span class='ocrx_word' id='word_1_148' title='bbox 1381 975 1625 1016; x_wconf 88' lang='lat' dir='ltr'>congrediuntur</span> 
     </span>
     <span class='ocr_line' id='line_1_15' title="bbox 154 1026 1623 1070; baseline 0.003 -14"><span class='ocrx_word' id='word_1_149' title='bbox 154 1036 283 1068; x_wconf 86' lang='lat' dir='ltr'>quoque</span> <span class='ocrx_word' id='word_1_150' title='bbox 309 1026 488 1069; x_wconf 83' lang='lat' dir='ltr'>voluptates</span> <span class='ocrx_word' id='word_1_151' title='bbox 515 1034 610 1069; x_wconf 84' lang='lat' dir='ltr'>atque</span> <span class='ocrx_word' id='word_1_152' title='bbox 638 1027 775 1068; x_wconf 90' lang='lat' dir='ltr'>dolores,</span> <span class='ocrx_word' id='word_1_153' title='bbox 799 1038 969 1070; x_wconf 86' lang='lat' dir='ltr'>eorumque</span> <span class='ocrx_word' id='word_1_154' title='bbox 996 1038 1117 1068; x_wconf 85' lang='lat' dir='ltr'>sensus,</span> <span class='ocrx_word' id='word_1_155' title='bbox 1141 1039 1211 1070; x_wconf 83' lang='lat' dir='ltr'>quae</span> <span class='ocrx_word' id='word_1_156' title='bbox 1235 1029 1388 1060; x_wconf 85' lang='lat' dir='ltr'>contraria</span> <span class='ocrx_word' id='word_1_157' title='bbox 1416 1034 1508 1060; x_wconf 87' lang='lat' dir='ltr'>sunt:</span> <span class='ocrx_word' id='word_1_158' title='bbox 1536 1030 1623 1070; x_wconf 91' lang='lat' dir='ltr'>quod</span> 
     </span>
     <span class='ocr_line' id='line_1_16' title="bbox 155 1081 1622 1123; baseline 0.001 -12"><span class='ocrx_word' id='word_1_159' title='bbox 155 1081 296 1122; x_wconf 83' lang='lat' dir='ltr'>profecto</span> <span class='ocrx_word' id='word_1_160' title='bbox 317 1091 402 1113; x_wconf 90' lang='lat' dir='ltr'>nunc</span> <span class='ocrx_word' id='word_1_161' title='bbox 428 1081 542 1123; x_wconf 83' lang='lat' dir='ltr'>patuit.</span> <span class='ocrx_word' id='word_1_162' title='bbox 591 1081 677 1114; x_wconf 73' lang='lat' dir='ltr'>Pao.</span> <span class='ocrx_word' id='word_1_163' title='bbox 700 1081 853 1123; x_wconf 77' lang='lat' dir='ltr'>Apparet.</span> <span class='ocrx_word' id='word_1_164' title='bbox 897 1082 954 1114; x_wconf 85' lang='lat' dir='ltr'>So.</span> <span class='ocrx_word' id='word_1_165' title='bbox 980 1081 1052 1113; x_wconf 91' lang='lat' dir='ltr'>Hoc</span> <span class='ocrx_word' id='word_1_166' title='bbox 1079 1092 1206 1123; x_wconf 83' lang='lat' dir='ltr'>quoque</span> <span class='ocrx_word' id='word_1_167' title='bbox 1234 1093 1339 1114; x_wconf 89' lang='lat' dir='ltr'>nonne</span> <span class='ocrx_word' id='word_1_168' title='bbox 1361 1083 1443 1114; x_wconf 88' lang='lat' dir='ltr'>inter</span> <span class='ocrx_word' id='word_1_169' title='bbox 1466 1093 1524 1114; x_wconf 89' lang='lat' dir='ltr'>nos</span> <span class='ocrx_word' id='word_1_170' title='bbox 1547 1093 1622 1113; x_wconf 91' lang='lat' dir='ltr'>con-</span> 
     </span>
     <span class='ocr_line' id='line_1_17' title="bbox 154 1134 1619 1179; baseline 0.001 -14"><span class='ocrx_word' id='word_1_171' title='bbox 154 1135 264 1165; x_wconf 88' lang='lat' dir='ltr'>venit?</span> <span class='ocrx_word' id='word_1_172' title='bbox 309 1134 397 1167; x_wconf 74' lang='lat' dir='ltr'>Pno.</span> <span class='ocrx_word' id='word_1_173' title='bbox 422 1135 607 1172; x_wconf 86' lang='lat' dir='ltr'>Quidnam?</span> <span class='ocrx_word' id='word_1_174' title='bbox 652 1135 706 1166; x_wconf 92' lang='lat' dir='ltr'>So.</span> <span class='ocrx_word' id='word_1_175' title='bbox 731 1135 906 1177; x_wconf 89' lang='lat' dir='ltr'>Utrumque</span> <span class='ocrx_word' id='word_1_176' title='bbox 933 1136 1030 1177; x_wconf 87' lang='lat' dir='ltr'>magis</span> <span class='ocrx_word' id='word_1_177' title='bbox 1058 1136 1200 1167; x_wconf 87' lang='lat' dir='ltr'>minusve</span> <span class='ocrx_word' id='word_1_178' title='bbox 1225 1136 1395 1178; x_wconf 87' lang='lat' dir='ltr'>suscipere,</span> <span class='ocrx_word' id='word_1_179' title='bbox 1424 1136 1619 1179; x_wconf 84' lang='lat' dir='ltr'>voluptatem</span> 
     </span>
     <span class='ocr_line' id='line_1_18' title="bbox 153 1189 1622 1231; baseline 0.002 -12"><span class='ocrx_word' id='word_1_180' title='bbox 153 1189 269 1230; x_wconf 80' lang='lat' dir='ltr'>pariter</span> <span class='ocrx_word' id='word_1_181' title='bbox 282 1194 376 1231; x_wconf 87' lang='lat' dir='ltr'>atque</span> <span class='ocrx_word' id='word_1_182' title='bbox 392 1190 543 1226; x_wconf 87' lang='lat' dir='ltr'>dolorem,</span> <span class='ocrx_word' id='word_1_183' title='bbox 571 1194 603 1219; x_wconf 88' lang='lat' dir='ltr'>et</span> <span class='ocrx_word' id='word_1_184' title='bbox 627 1190 666 1219; x_wconf 87' lang='lat' dir='ltr'>ad</span> <span class='ocrx_word' id='word_1_185' title='bbox 691 1200 790 1231; x_wconf 82' lang='lat' dir='ltr'>genus</span> <span class='ocrx_word' id='word_1_186' title='bbox 814 1190 932 1221; x_wconf 83' lang='lat' dir='ltr'>infiniti</span> <span class='ocrx_word' id='word_1_187' title='bbox 958 1190 1084 1221; x_wconf 85' lang='lat' dir='ltr'>referri?</span> <span class='ocrx_word' id='word_1_188' title='bbox 1129 1190 1219 1223; x_wconf 74' lang='lat' dir='ltr'>Pno.</span> <span class='ocrx_word' id='word_1_189' title='bbox 1243 1190 1402 1222; x_wconf 86' lang='lat' dir='ltr'>Convenit</span> <span class='ocrx_word' id='word_1_190' title='bbox 1423 1196 1518 1222; x_wconf 85' lang='lat' dir='ltr'>certe.</span> <span class='ocrx_word' id='word_1_191' title='bbox 1564 1190 1622 1222; x_wconf 87' lang='lat' dir='ltr'>So.</span> 
     </span>
     <span class='ocr_line' id='line_1_19' title="bbox 152 1242 1620 1284; baseline 0.001 -12"><span class='ocrx_word' id='word_1_192' title='bbox 152 1242 308 1280; x_wconf 83' lang='lat' dir='ltr'>Quaedam</span> <span class='ocrx_word' id='word_1_193' title='bbox 325 1242 418 1283; x_wconf 87' lang='lat' dir='ltr'>igitur</span> <span class='ocrx_word' id='word_1_194' title='bbox 432 1242 612 1283; x_wconf 80' lang='lat' dir='ltr'>conjectura</span> <span class='ocrx_word' id='word_1_195' title='bbox 627 1243 735 1273; x_wconf 84' lang='lat' dir='ltr'>horum</span> <span class='ocrx_word' id='word_1_196' title='bbox 751 1248 834 1274; x_wconf 88' lang='lat' dir='ltr'>recte</span> <span class='ocrx_word' id='word_1_197' title='bbox 845 1243 1090 1284; x_wconf 86' lang='lat' dir='ltr'>judicandorum</span> <span class='ocrx_word' id='word_1_198' title='bbox 1106 1244 1196 1275; x_wconf 89' lang='lat' dir='ltr'>nobis</span> <span class='ocrx_word' id='word_1_199' title='bbox 1211 1244 1310 1275; x_wconf 83' lang='lat' dir='ltr'>adest.</span> <span class='ocrx_word' id='word_1_200' title='bbox 1356 1244 1446 1275; x_wconf 75' lang='lat' dir='ltr'>Pno.</span> <span class='ocrx_word' id='word_1_201' title='bbox 1470 1243 1620 1280; x_wconf 83' lang='lat' dir='ltr'>Ubinam,</span> 
     </span>
     <span class='ocr_line' id='line_1_20' title="bbox 152 1295 1622 1339; baseline 0.001 -12"><span class='ocrx_word' id='word_1_202' title='bbox 152 1301 185 1327; x_wconf 90' lang='lat' dir='ltr'>et</span> <span class='ocrx_word' id='word_1_203' title='bbox 199 1296 378 1338; x_wconf 86' lang='lat' dir='ltr'>quomodo?</span> <span class='ocrx_word' id='word_1_204' title='bbox 424 1296 479 1327; x_wconf 86' lang='lat' dir='ltr'>So.</span> <span class='ocrx_word' id='word_1_205' title='bbox 501 1295 619 1327; x_wconf 82' lang='lat' dir='ltr'>Nonne</span> <span class='ocrx_word' id='word_1_206' title='bbox 644 1296 838 1338; x_wconf 85' lang='lat' dir='ltr'>propositum</span> <span class='ocrx_word' id='word_1_207' title='bbox 862 1297 896 1328; x_wconf 87' lang='lat' dir='ltr'>in</span> <span class='ocrx_word' id='word_1_208' title='bbox 922 1298 982 1329; x_wconf 90' lang='lat' dir='ltr'>hoc</span> <span class='ocrx_word' id='word_1_209' title='bbox 1000 1297 1124 1338; x_wconf 85' lang='lat' dir='ltr'>judicio</span> <span class='ocrx_word' id='word_1_210' title='bbox 1147 1297 1238 1328; x_wconf 89' lang='lat' dir='ltr'>nobis</span> <span class='ocrx_word' id='word_1_211' title='bbox 1260 1303 1321 1334; x_wconf 90' lang='lat' dir='ltr'>est,</span> <span class='ocrx_word' id='word_1_212' title='bbox 1350 1298 1465 1339; x_wconf 82' lang='lat' dir='ltr'>passim</span> <span class='ocrx_word' id='word_1_213' title='bbox 1494 1298 1622 1339; x_wconf 86' lang='lat' dir='ltr'>dignos·</span> 
     </span>
     <span class='ocr_line' id='line_1_21' title="bbox 151 1349 1621 1394; baseline 0 -13"><span class='ocrx_word' id='word_1_214' title='bbox 151 1360 234 1387; x_wconf 86' lang='lat' dir='ltr'>cere,</span> <span class='ocrx_word' id='word_1_215' title='bbox 253 1349 409 1392; x_wconf 66' lang='lat' dir='ltr'>quamam</span> <span class='ocrx_word' id='word_1_216' title='bbox 438 1361 475 1381; x_wconf 81' lang='lat' dir='ltr'>ex</span> <span class='ocrx_word' id='word_1_217' title='bbox 506 1349 544 1381; x_wconf 85' lang='lat' dir='ltr'>iis</span> <span class='ocrx_word' id='word_1_218' title='bbox 572 1349 682 1392; x_wconf 89' lang='lat' dir='ltr'>major,</span> <span class='ocrx_word' id='word_1_219' title='bbox 711 1361 782 1392; x_wconf 82' lang='lat' dir='ltr'>quae</span> <span class='ocrx_word' id='word_1_220' title='bbox 809 1351 919 1389; x_wconf 85' lang='lat' dir='ltr'>minor,</span> <span class='ocrx_word' id='word_1_221' title='bbox 945 1362 1015 1393; x_wconf 86' lang='lat' dir='ltr'>quae</span> <span class='ocrx_word' id='word_1_222' title='bbox 1042 1351 1153 1394; x_wconf 85' lang='lat' dir='ltr'>magis,</span> <span class='ocrx_word' id='word_1_223' title='bbox 1184 1362 1255 1394; x_wconf 86' lang='lat' dir='ltr'>quae</span> <span class='ocrx_word' id='word_1_224' title='bbox 1284 1351 1445 1392; x_wconf 82' lang='lat' dir='ltr'>intensior,</span> <span class='ocrx_word' id='word_1_225' title='bbox 1475 1351 1621 1393; x_wconf 87' lang='lat' dir='ltr'>voluptas</span> 
     </span>
     <span class='ocr_line' id='line_1_22' title="bbox 150 1404 1621 1447; baseline 0 -12"><span class='ocrx_word' id='word_1_226' title='bbox 150 1404 275 1437; x_wconf 83' lang='lat' dir='ltr'>scilicet</span> <span class='ocrx_word' id='word_1_227' title='bbox 297 1405 336 1435; x_wconf 91' lang='lat' dir='ltr'>ad</span> <span class='ocrx_word' id='word_1_228' title='bbox 363 1404 548 1442; x_wconf 85' lang='lat' dir='ltr'>molestiam,</span> <span class='ocrx_word' id='word_1_229' title='bbox 571 1410 604 1435; x_wconf 89' lang='lat' dir='ltr'>et</span> <span class='ocrx_word' id='word_1_230' title='bbox 631 1405 671 1435; x_wconf 91' lang='lat' dir='ltr'>ad</span> <span class='ocrx_word' id='word_1_231' title='bbox 700 1405 874 1436; x_wconf 85' lang='lat' dir='ltr'>molestiam</span> <span class='ocrx_word' id='word_1_232' title='bbox 895 1406 1049 1443; x_wconf 84' lang='lat' dir='ltr'>molestia,</span> <span class='ocrx_word' id='word_1_233' title='bbox 1075 1417 1111 1438; x_wconf 88' lang='lat' dir='ltr'>ac</span> <span class='ocrx_word' id='word_1_234' title='bbox 1139 1406 1283 1447; x_wconf 88' lang='lat' dir='ltr'>voluptas</span> <span class='ocrx_word' id='word_1_235' title='bbox 1308 1405 1418 1436; x_wconf 89' lang='lat' dir='ltr'>iterum</span> <span class='ocrx_word' id='word_1_236' title='bbox 1446 1405 1484 1435; x_wconf 84' lang='lat' dir='ltr'>ad</span> <span class='ocrx_word' id='word_1_237' title='bbox 1510 1405 1621 1446; x_wconf 82' lang='lat' dir='ltr'>volup-</span> 
     </span>
     <span class='ocr_line' id='line_1_23' title="bbox 150 1458 1620 1500; baseline 0 -10"><span class='ocrx_word' id='word_1_238' title='bbox 150 1459 272 1490; x_wconf 85' lang='lat' dir='ltr'>tatem?</span> <span class='ocrx_word' id='word_1_239' title='bbox 317 1459 405 1490; x_wconf 74' lang='lat' dir='ltr'>Pno.</span> <span class='ocrx_word' id='word_1_240' title='bbox 430 1458 508 1490; x_wconf 83' lang='lat' dir='ltr'>Haec</span> <span class='ocrx_word' id='word_1_241' title='bbox 535 1459 661 1500; x_wconf 88' lang='lat' dir='ltr'>quidem</span> <span class='ocrx_word' id='word_1_242' title='bbox 686 1459 759 1489; x_wconf 86' lang='lat' dir='ltr'>talia</span> <span class='ocrx_word' id='word_1_243' title='bbox 784 1465 867 1496; x_wconf 86' lang='lat' dir='ltr'>sunt,</span> <span class='ocrx_word' id='word_1_244' title='bbox 894 1464 926 1490; x_wconf 87' lang='lat' dir='ltr'>et</span> <span class='ocrx_word' id='word_1_245' title='bbox 951 1459 1035 1490; x_wconf 87' lang='lat' dir='ltr'>istud</span> <span class='ocrx_word' id='word_1_246' title='bbox 1057 1459 1172 1500; x_wconf 89' lang='lat' dir='ltr'>judicii</span> <span class='ocrx_word' id='word_1_247' title='bbox 1197 1458 1293 1489; x_wconf 84' lang='lat' dir='ltr'>nostri</span> <span class='ocrx_word' id='word_1_248' title='bbox 1309 1458 1515 1500; x_wconf 86' lang='lat' dir='ltr'>propositum.</span> <span class='ocrx_word' id='word_1_249' title='bbox 1561 1458 1620 1490; x_wconf 89' lang='lat' dir='ltr'>So.</span> 
     </span>
     <span class='ocr_line' id='line_1_24' title="bbox 150 1512 1621 1555; baseline 0 -12"><span class='ocrx_word' id='word_1_250' title='bbox 150 1513 238 1551; x_wconf 88' lang='lat' dir='ltr'>Quid</span> <span class='ocrx_word' id='word_1_251' title='bbox 268 1523 340 1544; x_wconf 90' lang='lat' dir='ltr'>vero</span> <span class='ocrx_word' id='word_1_252' title='bbox 355 1513 366 1543; x_wconf 92' lang='lat'>?</span> <span class='ocrx_word' id='word_1_253' title='bbox 412 1512 445 1542; x_wconf 89' lang='lat' dir='ltr'>in</span> <span class='ocrx_word' id='word_1_254' title='bbox 481 1517 625 1553; x_wconf 89' lang='lat' dir='ltr'>aspectu,</span> <span class='ocrx_word' id='word_1_255' title='bbox 664 1513 784 1543; x_wconf 83' lang='lat' dir='ltr'>eminus</span> <span class='ocrx_word' id='word_1_256' title='bbox 822 1517 877 1544; x_wconf 84' lang='lat' dir='ltr'>aut</span> <span class='ocrx_word' id='word_1_257' title='bbox 908 1513 1050 1545; x_wconf 88' lang='lat' dir='ltr'>cominus</span> <span class='ocrx_word' id='word_1_258' title='bbox 1083 1513 1314 1555; x_wconf 81' lang='lat' dir='ltr'>magnitudines</span> <span class='ocrx_word' id='word_1_259' title='bbox 1345 1512 1420 1554; x_wconf 82' lang='lat'><strong>[42]</strong></span> <span class='ocrx_word' id='word_1_260' title='bbox 1455 1512 1621 1554; x_wconf 80' lang='lat' dir='ltr'>inspicere,</span> 
     </span>
     <span class='ocr_line' id='line_1_25' title="bbox 148 1566 1620 1608; baseline -0.001 -10"><span class='ocrx_word' id='word_1_261' title='bbox 148 1568 308 1598; x_wconf 78' lang='lat' dir='ltr'>veritatem</span> <span class='ocrx_word' id='word_1_262' title='bbox 339 1567 496 1607; x_wconf 85' lang='lat' dir='ltr'>obscurat,</span> <span class='ocrx_word' id='word_1_263' title='bbox 519 1566 660 1607; x_wconf 86' lang='lat' dir='ltr'>falsaque</span> <span class='ocrx_word' id='word_1_264' title='bbox 689 1566 813 1607; x_wconf 76' lang='lat' dir='ltr'>opinari</span> <span class='ocrx_word' id='word_1_265' title='bbox 851 1567 1032 1608; x_wconf 88' lang='lat' dir='ltr'>compellit:</span> <span class='ocrx_word' id='word_1_266' title='bbox 1072 1567 1104 1597; x_wconf 90' lang='lat' dir='ltr'>in</span> <span class='ocrx_word' id='word_1_267' title='bbox 1143 1567 1302 1598; x_wconf 90' lang='lat' dir='ltr'>doloribus</span> <span class='ocrx_word' id='word_1_268' title='bbox 1325 1571 1429 1596; x_wconf 89' lang='lat' dir='ltr'>autern</span> <span class='ocrx_word' id='word_1_269' title='bbox 1453 1571 1486 1597; x_wconf 89' lang='lat' dir='ltr'>et</span> <span class='ocrx_word' id='word_1_270' title='bbox 1509 1566 1620 1607; x_wconf 78' lang='lat' dir='ltr'>volup-</span> 
     </span>
     <span class='ocr_line' id='line_1_26' title="bbox 149 1619 1619 1661; baseline -0.002 -8"><span class='ocrx_word' id='word_1_271' title='bbox 149 1621 265 1653; x_wconf 82' lang='lat' dir='ltr'>tatibus</span> <span class='ocrx_word' id='word_1_272' title='bbox 279 1621 363 1652; x_wconf 87' lang='lat' dir='ltr'>idem</span> <span class='ocrx_word' id='word_1_273' title='bbox 379 1620 504 1651; x_wconf 86' lang='lat' dir='ltr'>minime</span> <span class='ocrx_word' id='word_1_274' title='bbox 520 1619 579 1650; x_wconf 80' lang='lat' dir='ltr'>fit?</span> <span class='ocrx_word' id='word_1_275' title='bbox 615 1620 702 1650; x_wconf 75' lang='lat' dir='ltr'>Pno.</span> <span class='ocrx_word' id='word_1_276' title='bbox 724 1619 832 1650; x_wconf 88' lang='lat' dir='ltr'>Multo</span> <span class='ocrx_word' id='word_1_277' title='bbox 849 1620 958 1660; x_wconf 85' lang='lat' dir='ltr'>magis,</span> <span class='ocrx_word' id='word_1_278' title='bbox 974 1631 992 1650; x_wconf 95' lang='lat' dir='ltr'>o</span> <span class='ocrx_word' id='word_1_279' title='bbox 1008 1620 1163 1651; x_wconf 85' lang='lat' dir='ltr'>Socrates.</span> <span class='ocrx_word' id='word_1_280' title='bbox 1200 1620 1255 1651; x_wconf 88' lang='lat' dir='ltr'>So.</span> <span class='ocrx_word' id='word_1_281' title='bbox 1279 1619 1318 1651; x_wconf 91' lang='lat' dir='ltr'>Id</span> <span class='ocrx_word' id='word_1_282' title='bbox 1336 1620 1456 1661; x_wconf 82' lang='lat' dir='ltr'>utique,</span> <span class='ocrx_word' id='word_1_283' title='bbox 1472 1619 1518 1650; x_wconf 86' lang='lat' dir='ltr'>illi</span> <span class='ocrx_word' id='word_1_284' title='bbox 1534 1621 1619 1661; x_wconf 89' lang='lat' dir='ltr'>quod</span> 
     </span>
     <span class='ocr_line' id='line_1_27' title="bbox 149 1673 1621 1718; baseline -0.001 -12"><span class='ocrx_word' id='word_1_285' title='bbox 149 1675 244 1718; x_wconf 87' lang='lat' dir='ltr'>paulo</span> <span class='ocrx_word' id='word_1_286' title='bbox 260 1680 333 1706; x_wconf 89' lang='lat' dir='ltr'>ante</span> <span class='ocrx_word' id='word_1_287' title='bbox 349 1679 503 1705; x_wconf 85' lang='lat' dir='ltr'>narratum</span> <span class='ocrx_word' id='word_1_288' title='bbox 529 1673 601 1710; x_wconf 84' lang='lat' dir='ltr'>fuit,</span> <span class='ocrx_word' id='word_1_289' title='bbox 617 1673 804 1704; x_wconf 87' lang='lat' dir='ltr'>contrarium</span> <span class='ocrx_word' id='word_1_290' title='bbox 818 1678 877 1706; x_wconf 86' lang='lat' dir='ltr'>est.</span> <span class='ocrx_word' id='word_1_291' title='bbox 923 1674 1010 1706; x_wconf 72' lang='lat' dir='ltr'>Pno.</span> <span class='ocrx_word' id='word_1_292' title='bbox 1035 1674 1122 1711; x_wconf 87' lang='lat' dir='ltr'>Quid</span> <span class='ocrx_word' id='word_1_293' title='bbox 1148 1673 1215 1705; x_wconf 87' lang='lat' dir='ltr'>ais?</span> <span class='ocrx_word' id='word_1_294' title='bbox 1261 1674 1317 1705; x_wconf 87' lang='lat' dir='ltr'>So.</span> <span class='ocrx_word' id='word_1_295' title='bbox 1340 1673 1431 1705; x_wconf 89' lang='lat' dir='ltr'>Tunc</span> <span class='ocrx_word' id='word_1_296' title='bbox 1453 1673 1536 1704; x_wconf 88' lang='lat' dir='ltr'>enim</span> <span class='ocrx_word' id='word_1_297' title='bbox 1553 1673 1621 1714; x_wconf 88' lang='lat' dir='ltr'>opi-</span> 
     </span>
     <span class='ocr_line' id='line_1_28' title="bbox 147 1727 1619 1770; baseline -0.002 -9"><span class='ocrx_word' id='word_1_298' title='bbox 147 1731 258 1761; x_wconf 88' lang='lat' dir='ltr'>niones</span> <span class='ocrx_word' id='word_1_299' title='bbox 272 1731 335 1770; x_wconf 77' lang='lat' dir='ltr'>hae,</span> <span class='ocrx_word' id='word_1_300' title='bbox 352 1729 436 1760; x_wconf 79' lang='lat' dir='ltr'>falsae</span> <span class='ocrx_word' id='word_1_301' title='bbox 463 1738 499 1759; x_wconf 88' lang='lat' dir='ltr'>ac</span> <span class='ocrx_word' id='word_1_302' title='bbox 527 1738 606 1758; x_wconf 80' lang='lat' dir='ltr'>verae</span> <span class='ocrx_word' id='word_1_303' title='bbox 629 1727 762 1768; x_wconf 76' lang='lat' dir='ltr'>effectae,</span> <span class='ocrx_word' id='word_1_304' title='bbox 778 1727 902 1759; x_wconf 85' lang='lat' dir='ltr'>dolores</span> <span class='ocrx_word' id='word_1_305' title='bbox 931 1738 992 1759; x_wconf 89' lang='lat' dir='ltr'>una</span> <span class='ocrx_word' id='word_1_306' title='bbox 1014 1735 1046 1760; x_wconf 90' lang='lat' dir='ltr'>et</span> <span class='ocrx_word' id='word_1_307' title='bbox 1062 1729 1240 1770; x_wconf 85' lang='lat' dir='ltr'>voluptates</span> <span class='ocrx_word' id='word_1_308' title='bbox 1263 1727 1408 1770; x_wconf 87' lang='lat' dir='ltr'>passione</span> <span class='ocrx_word' id='word_1_309' title='bbox 1423 1737 1480 1758; x_wconf 89' lang='lat' dir='ltr'>sua</span> <span class='ocrx_word' id='word_1_310' title='bbox 1497 1737 1619 1769; x_wconf 75' lang='lat' dir='ltr'>prorsus</span> 
     </span>
     <span class='ocr_line' id='line_1_29' title="bbox 148 1772 1621 1826; baseline -0.003 -10"><span class='ocrx_word' id='word_1_311' title='bbox 148 1784 332 1826; x_wconf 89' lang='lat' dir='ltr'>implebant.</span> <span class='ocrx_word' id='word_1_312' title='bbox 378 1783 465 1814; x_wconf 70' lang='lat' dir='ltr'>Pno.</span> <span class='ocrx_word' id='word_1_313' title='bbox 488 1782 573 1814; x_wconf 83' lang='lat' dir='ltr'>Vera</span> <span class='ocrx_word' id='word_1_314' title='bbox 598 1792 713 1813; x_wconf 88' lang='lat' dir='ltr'>narras.</span> <span class='ocrx_word' id='word_1_315' title='bbox 760 1782 814 1813; x_wconf 88' lang='lat' dir='ltr'>So.</span> <span class='ocrx_word' id='word_1_316' title='bbox 837 1782 934 1814; x_wconf 90' lang='lat' dir='ltr'>Nunc</span> <span class='ocrx_word' id='word_1_317' title='bbox 964 1787 1069 1813; x_wconf 88' lang='lat' dir='ltr'>autern</span> <span class='ocrx_word' id='word_1_318' title='bbox 1094 1784 1142 1813; x_wconf 87' lang='lat' dir='ltr'>hae</span> <span class='ocrx_word' id='word_1_319' title='bbox 1168 1793 1206 1813; x_wconf 83' lang='lat' dir='ltr'>ex</span> <span class='ocrx_word' id='word_1_320' title='bbox 1231 1793 1269 1813; x_wconf 92' lang='lat' dir='ltr'>eo</span> <span class='ocrx_word' id='word_1_321' title='bbox 1286 1772 1371 1823; x_wconf 83' lang='lat' dir='ltr'>quod</span> <span class='ocrx_word' id='word_1_322' title='bbox 1389 1781 1503 1823; x_wconf 88' lang='lat' dir='ltr'>passim</span> <span class='ocrx_word' id='word_1_323' title='bbox 1521 1786 1621 1812; x_wconf 84' lang='lat' dir='ltr'>trans·</span> 
     </span>
     <span class='ocr_line' id='line_1_30' title="bbox 146 1836 1619 1878; baseline -0.003 -8"><span class='ocrx_word' id='word_1_324' title='bbox 146 1839 259 1870; x_wconf 85' lang='lat' dir='ltr'>mutari</span> <span class='ocrx_word' id='word_1_325' title='bbox 272 1838 394 1869; x_wconf 88' lang='lat' dir='ltr'>eminus</span> <span class='ocrx_word' id='word_1_326' title='bbox 408 1843 440 1868; x_wconf 91' lang='lat' dir='ltr'>et</span> <span class='ocrx_word' id='word_1_327' title='bbox 454 1837 596 1868; x_wconf 87' lang='lat' dir='ltr'>cominus</span> <span class='ocrx_word' id='word_1_328' title='bbox 611 1836 788 1878; x_wconf 80' lang='lat' dir='ltr'>videantur,</span> <span class='ocrx_word' id='word_1_329' title='bbox 805 1842 837 1867; x_wconf 91' lang='lat' dir='ltr'>et</span> <span class='ocrx_word' id='word_1_330' title='bbox 853 1838 892 1868; x_wconf 88' lang='lat' dir='ltr'>ad</span> <span class='ocrx_word' id='word_1_331' title='bbox 910 1847 943 1868; x_wconf 91' lang='lat' dir='ltr'>se</span> <span class='ocrx_word' id='word_1_332' title='bbox 957 1837 1093 1868; x_wconf 88' lang='lat' dir='ltr'>invicem</span> <span class='ocrx_word' id='word_1_333' title='bbox 1110 1842 1342 1878; x_wconf 84' lang='lat' dir='ltr'>comparentur,</span> <span class='ocrx_word' id='word_1_334' title='bbox 1359 1836 1537 1877; x_wconf 88' lang='lat' dir='ltr'>voluptates</span> <span class='ocrx_word' id='word_1_335' title='bbox 1548 1836 1619 1877; x_wconf 89' lang='lat' dir='ltr'>qui-</span> 
     </span>
     <span class='ocr_line' id='line_1_31' title="bbox 146 1889 1619 1933; baseline -0.003 -10"><span class='ocrx_word' id='word_1_336' title='bbox 146 1893 219 1923; x_wconf 88' lang='lat' dir='ltr'>dem</span> <span class='ocrx_word' id='word_1_337' title='bbox 235 1893 275 1923; x_wconf 92' lang='lat' dir='ltr'>ad</span> <span class='ocrx_word' id='word_1_338' title='bbox 291 1892 425 1928; x_wconf 91' lang='lat' dir='ltr'>dolores,</span> <span class='ocrx_word' id='word_1_339' title='bbox 442 1891 574 1933; x_wconf 81' lang='lat' dir='ltr'>majores</span> <span class='ocrx_word' id='word_1_340' title='bbox 601 1891 912 1932; x_wconf 86' lang='lat' dir='ltr'>vehementioresque</span> <span class='ocrx_word' id='word_1_341' title='bbox 940 1891 1095 1928; x_wconf 86' lang='lat' dir='ltr'>videntur,</span> <span class='ocrx_word' id='word_1_342' title='bbox 1121 1896 1154 1922; x_wconf 86' lang='lat' dir='ltr'>et</span> <span class='ocrx_word' id='word_1_343' title='bbox 1176 1890 1300 1921; x_wconf 89' lang='lat' dir='ltr'>dolores</span> <span class='ocrx_word' id='word_1_344' title='bbox 1324 1900 1426 1920; x_wconf 87' lang='lat' dir='ltr'>rursus</span> <span class='ocrx_word' id='word_1_345' title='bbox 1449 1890 1489 1920; x_wconf 87' lang='lat' dir='ltr'>ad</span> <span class='ocrx_word' id='word_1_346' title='bbox 1505 1889 1619 1931; x_wconf 53' lang='lat' dir='ltr'>volup-*</span> 
     </span>
     <span class='ocr_line' id='line_1_32' title="bbox 145 1943 1617 1986; baseline -0.003 -8"><span class='ocrx_word' id='word_1_347' title='bbox 145 1951 225 1978; x_wconf 77' lang='lat' dir='ltr'>tates</span> <span class='ocrx_word' id='word_1_348' title='bbox 237 1952 356 1978; x_wconf 88' lang='lat' dir='ltr'>contra.</span> <span class='ocrx_word' id='word_1_349' title='bbox 382 1946 469 1977; x_wconf 73' lang='lat' dir='ltr'>Pno.</span> <span class='ocrx_word' id='word_1_350' title='bbox 485 1945 575 1976; x_wconf 92' lang='lat' dir='ltr'>Talia</span> <span class='ocrx_word' id='word_1_351' title='bbox 584 1946 728 1986; x_wconf 86' lang='lat' dir='ltr'>quaedam</span> <span class='ocrx_word' id='word_1_352' title='bbox 738 1955 866 1976; x_wconf 80' lang='lat' dir='ltr'>necesse</span> <span class='ocrx_word' id='word_1_353' title='bbox 881 1951 927 1976; x_wconf 90' lang='lat' dir='ltr'>est</span> <span class='ocrx_word' id='word_1_354' title='bbox 938 1945 978 1976; x_wconf 89' lang='lat' dir='ltr'>ob</span> <span class='ocrx_word' id='word_1_355' title='bbox 991 1955 1042 1976; x_wconf 86' lang='lat' dir='ltr'>eas</span> <span class='ocrx_word' id='word_1_356' title='bbox 1055 1955 1164 1976; x_wconf 79' lang='lat' dir='ltr'>causas</span> <span class='ocrx_word' id='word_1_357' title='bbox 1176 1944 1253 1976; x_wconf 85' lang='lat' dir='ltr'>fieri.</span> <span class='ocrx_word' id='word_1_358' title='bbox 1279 1943 1332 1975; x_wconf 78' lang='lat' dir='ltr'>So,</span> <span class='ocrx_word' id='word_1_359' title='bbox 1349 1943 1445 1981; x_wconf 91' lang='lat' dir='ltr'>Quod</span> <span class='ocrx_word' id='word_1_360' title='bbox 1458 1943 1484 1974; x_wconf 85' lang='lat' dir='ltr'>si</span> <span class='ocrx_word' id='word_1_361' title='bbox 1498 1949 1617 1985; x_wconf 88' lang='lat' dir='ltr'>quanto</span> 
     </span>
     <span class='ocr_line' id='line_1_33' title="bbox 145 1997 1617 2042; baseline -0.003 -11"><span class='ocrx_word' id='word_1_362' title='bbox 145 2005 277 2042; x_wconf 84' lang='lat' dir='ltr'>utraque</span> <span class='ocrx_word' id='word_1_363' title='bbox 292 1999 410 2041; x_wconf 88' lang='lat' dir='ltr'>majora</span> <span class='ocrx_word' id='word_1_364' title='bbox 424 1998 472 2030; x_wconf 87' lang='lat' dir='ltr'>vel</span> <span class='ocrx_word' id='word_1_365' title='bbox 501 1999 619 2030; x_wconf 87' lang='lat' dir='ltr'>minora</span> <span class='ocrx_word' id='word_1_366' title='bbox 633 2009 726 2040; x_wconf 83' lang='lat' dir='ltr'>quam</span> <span class='ocrx_word' id='word_1_367' title='bbox 748 2009 855 2030; x_wconf 79' lang='lat' dir='ltr'>revera</span> <span class='ocrx_word' id='word_1_368' title='bbox 880 1999 953 2036; x_wconf 90' lang='lat' dir='ltr'>sint,</span> <span class='ocrx_word' id='word_1_369' title='bbox 978 2004 1142 2041; x_wconf 82' lang='lat' dir='ltr'>apparent,</span> <span class='ocrx_word' id='word_1_370' title='bbox 1156 1998 1343 2029; x_wconf 83' lang='lat' dir='ltr'>tantundem</span> <span class='ocrx_word' id='word_1_371' title='bbox 1367 1997 1437 2039; x_wconf 88' lang='lat' dir='ltr'>ipse</span> <span class='ocrx_word' id='word_1_372' title='bbox 1454 1997 1617 2033; x_wconf 88' lang='lat' dir='ltr'>ademeris,</span> 
     </span>
     <span class='ocr_line' id='line_1_34' title="bbox 145 2052 1617 2095; baseline -0.001 -11"><span class='ocrx_word' id='word_1_373' title='bbox 145 2063 251 2085; x_wconf 86' lang='lat' dir='ltr'>nonne</span> <span class='ocrx_word' id='word_1_374' title='bbox 266 2053 309 2091; x_wconf 88' lang='lat' dir='ltr'>id,</span> <span class='ocrx_word' id='word_1_375' title='bbox 325 2054 411 2095; x_wconf 88' lang='lat' dir='ltr'>quod</span> <span class='ocrx_word' id='word_1_376' title='bbox 427 2064 497 2084; x_wconf 88' lang='lat' dir='ltr'>curn</span> <span class='ocrx_word' id='word_1_377' title='bbox 514 2059 666 2095; x_wconf 89' lang='lat' dir='ltr'>appareat</span> <span class='ocrx_word' id='word_1_378' title='bbox 679 2054 806 2095; x_wconf 82' lang='lat' dir='ltr'>quidem</span> <span class='ocrx_word' id='word_1_379' title='bbox 822 2058 1001 2095; x_wconf 82' lang='lat' dir='ltr'>utrumque,</span> <span class='ocrx_word' id='word_1_380' title='bbox 1018 2064 1082 2084; x_wconf 90' lang='lat' dir='ltr'>non</span> <span class='ocrx_word' id='word_1_381' title='bbox 1099 2059 1203 2084; x_wconf 89' lang='lat' dir='ltr'>tamen</span> <span class='ocrx_word' id='word_1_382' title='bbox 1219 2052 1271 2091; x_wconf 85' lang='lat' dir='ltr'>sit,</span> <span class='ocrx_word' id='word_1_383' title='bbox 1293 2062 1395 2093; x_wconf 81' lang='lat' dir='ltr'>neque</span> <span class='ocrx_word' id='word_1_384' title='bbox 1419 2055 1502 2083; x_wconf 84' lang='lat' dir='ltr'>recte</span> <span class='ocrx_word' id='word_1_385' title='bbox 1518 2061 1617 2093; x_wconf 80' lang='lat' dir='ltr'>appa-</span> 
     </span>
     <span class='ocr_line' id='line_1_35' title="bbox 144 2105 1618 2149; baseline -0.002 -11"><span class='ocrx_word' id='word_1_386' title='bbox 144 2118 211 2139; x_wconf 87' lang='lat' dir='ltr'>rere</span> <span class='ocrx_word' id='word_1_387' title='bbox 236 2107 333 2145; x_wconf 85' lang='lat' dir='ltr'>dices,</span> <span class='ocrx_word' id='word_1_388' title='bbox 361 2117 463 2149; x_wconf 86' lang='lat' dir='ltr'>neque</span> <span class='ocrx_word' id='word_1_389' title='bbox 490 2117 628 2149; x_wconf 88' lang='lat' dir='ltr'>unquam</span> <span class='ocrx_word' id='word_1_390' title='bbox 654 2107 809 2148; x_wconf 83' lang='lat' dir='ltr'>ejusmodi</span> <span class='ocrx_word' id='word_1_391' title='bbox 834 2106 1005 2148; x_wconf 87' lang='lat' dir='ltr'>voluptatis</span> <span class='ocrx_word' id='word_1_392' title='bbox 1028 2106 1077 2138; x_wconf 85' lang='lat' dir='ltr'>vel</span> <span class='ocrx_word' id='word_1_393' title='bbox 1102 2106 1252 2137; x_wconf 79' lang='lat' dir='ltr'>niolestiae</span> <span class='ocrx_word' id='word_1_394' title='bbox 1275 2105 1432 2147; x_wconf 83' lang='lat' dir='ltr'>portiones</span> <span class='ocrx_word' id='word_1_395' title='bbox 1449 2110 1547 2136; x_wconf 88' lang='lat' dir='ltr'>rectas</span> <span class='ocrx_word' id='word_1_396' title='bbox 1563 2112 1618 2136; x_wconf 93' lang='lat' dir='ltr'>aut</span> 
     </span>
     <span class='ocr_line' id='line_1_36' title="bbox 145 2159 1616 2203; baseline -0.002 -10"><span class='ocrx_word' id='word_1_397' title='bbox 145 2173 231 2194; x_wconf 88' lang='lat' dir='ltr'>veras</span> <span class='ocrx_word' id='word_1_398' title='bbox 246 2162 376 2193; x_wconf 81' lang='lat' dir='ltr'>audebis</span> <span class='ocrx_word' id='word_1_399' title='bbox 390 2171 524 2194; x_wconf 86' lang='lat' dir='ltr'>asserere</span> <span class='ocrx_word' id='word_1_400' title='bbox 538 2161 549 2192; x_wconf 76' lang='lat'>3</span> <span class='ocrx_word' id='word_1_401' title='bbox 594 2162 680 2193; x_wconf 72' lang='lat' dir='ltr'>Pno.</span> <span class='ocrx_word' id='word_1_402' title='bbox 703 2161 755 2193; x_wconf 90' lang='lat' dir='ltr'>Sic</span> <span class='ocrx_word' id='word_1_403' title='bbox 769 2166 827 2193; x_wconf 83' lang='lat' dir='ltr'>est.</span> <span class='ocrx_word' id='word_1_404' title='bbox 872 2162 928 2194; x_wconf 91' lang='lat' dir='ltr'>So.</span> <span class='ocrx_word' id='word_1_405' title='bbox 955 2163 1035 2195; x_wconf 85' lang='lat' dir='ltr'>Post</span> <span class='ocrx_word' id='word_1_406' title='bbox 1047 2162 1113 2192; x_wconf 81' lang='lat' dir='ltr'>haec</span> <span class='ocrx_word' id='word_1_407' title='bbox 1129 2160 1222 2203; x_wconf 81' lang='lat' dir='ltr'>igitur</span> <span class='ocrx_word' id='word_1_408' title='bbox 1237 2159 1454 2201; x_wconf 86' lang='lat' dir='ltr'>inspiciamus,</span> <span class='ocrx_word' id='word_1_409' title='bbox 1468 2170 1543 2190; x_wconf 84' lang='lat' dir='ltr'>num</span> <span class='ocrx_word' id='word_1_410' title='bbox 1557 2160 1616 2190; x_wconf 89' lang='lat' dir='ltr'>hac</span> 
     </span>
     <span class='ocr_line' id='line_1_37' title="bbox 143 2213 1613 2258; baseline -0.003 -10"><span class='ocrx_word' id='word_1_411' title='bbox 143 2217 264 2248; x_wconf 86' lang='lat' dir='ltr'>ratione</span> <span class='ocrx_word' id='word_1_412' title='bbox 280 2216 312 2246; x_wconf 93' lang='lat' dir='ltr'>in</span> <span class='ocrx_word' id='word_1_413' title='bbox 329 2216 464 2247; x_wconf 86' lang='lat' dir='ltr'>medium</span> <span class='ocrx_word' id='word_1_414' title='bbox 482 2215 645 2247; x_wconf 84' lang='lat' dir='ltr'>afferamus</span> <span class='ocrx_word' id='word_1_415' title='bbox 667 2216 846 2258; x_wconf 86' lang='lat' dir='ltr'>voluptates</span> <span class='ocrx_word' id='word_1_416' title='bbox 861 2222 955 2257; x_wconf 82' lang='lat' dir='ltr'>atque</span> <span class='ocrx_word' id='word_1_417' title='bbox 972 2216 1128 2247; x_wconf 86' lang='lat' dir='ltr'>molestias</span> <span class='ocrx_word' id='word_1_418' title='bbox 1155 2215 1248 2246; x_wconf 83' lang='lat' dir='ltr'>falsas</span> <span class='ocrx_word' id='word_1_419' title='bbox 1271 2214 1370 2245; x_wconf 84' lang='lat' dir='ltr'>multo</span> <span class='ocrx_word' id='word_1_420' title='bbox 1387 2213 1495 2255; x_wconf 81' lang='lat' dir='ltr'>inagis,</span> <span class='ocrx_word' id='word_1_421' title='bbox 1519 2224 1613 2255; x_wconf 87' lang='lat' dir='ltr'>quam</span> 
     </span>
     <span class='ocr_line' id='line_1_38' title="bbox 143 2267 1616 2312; baseline -0.003 -10"><span class='ocrx_word' id='word_1_422' title='bbox 143 2271 211 2302; x_wconf 85' lang='lat' dir='ltr'>istae</span> <span class='ocrx_word' id='word_1_423' title='bbox 226 2271 300 2308; x_wconf 83' lang='lat' dir='ltr'>sint,</span> <span class='ocrx_word' id='word_1_424' title='bbox 315 2281 386 2312; x_wconf 86' lang='lat' dir='ltr'>quae</span> <span class='ocrx_word' id='word_1_425' title='bbox 402 2276 435 2302; x_wconf 91' lang='lat' dir='ltr'>et</span> <span class='ocrx_word' id='word_1_426' title='bbox 449 2276 602 2312; x_wconf 88' lang='lat' dir='ltr'>apparent</span> <span class='ocrx_word' id='word_1_427' title='bbox 617 2271 650 2302; x_wconf 90' lang='lat' dir='ltr'>in</span> <span class='ocrx_word' id='word_1_428' title='bbox 666 2271 854 2307; x_wconf 86' lang='lat' dir='ltr'>viventibus,</span> <span class='ocrx_word' id='word_1_429' title='bbox 872 2277 904 2302; x_wconf 85' lang='lat' dir='ltr'>et</span> <span class='ocrx_word' id='word_1_430' title='bbox 919 2270 1082 2302; x_wconf 84' lang='lat' dir='ltr'>exsistunt.</span> <span class='ocrx_word' id='word_1_431' title='bbox 1128 2270 1214 2301; x_wconf 70' lang='lat' dir='ltr'>Pno.</span> <span class='ocrx_word' id='word_1_432' title='bbox 1240 2267 1358 2306; x_wconf 90' lang='lat' dir='ltr'>Quales</span> <span class='ocrx_word' id='word_1_433' title='bbox 1381 2268 1471 2305; x_wconf 84' lang='lat' dir='ltr'>dicis,</span> <span class='ocrx_word' id='word_1_434' title='bbox 1487 2272 1519 2299; x_wconf 90' lang='lat' dir='ltr'>et</span> <span class='ocrx_word' id='word_1_435' title='bbox 1536 2278 1616 2310; x_wconf 85' lang='lat' dir='ltr'>quo-</span> 
     </span>
     <span class='ocr_line' id='line_1_39' title="bbox 143 2324 1614 2367; baseline -0.003 -11"><span class='ocrx_word' id='word_1_436' title='bbox 143 2325 264 2356; x_wconf 87' lang='lat' dir='ltr'>modo?</span> <span class='ocrx_word' id='word_1_437' title='bbox 308 2325 364 2358; x_wconf 90' lang='lat' dir='ltr'>So.</span> <span class='ocrx_word' id='word_1_438' title='bbox 386 2324 516 2356; x_wconf 87' lang='lat' dir='ltr'>Dictum</span> <span class='ocrx_word' id='word_1_439' title='bbox 533 2330 580 2356; x_wconf 88' lang='lat' dir='ltr'>est</span> <span class='ocrx_word' id='word_1_440' title='bbox 594 2335 819 2366; x_wconf 80' lang='lat' dir='ltr'>saepenumero,</span> <span class='ocrx_word' id='word_1_441' title='bbox 844 2325 930 2367; x_wconf 87' lang='lat' dir='ltr'>quod</span> <span class='ocrx_word' id='word_1_442' title='bbox 955 2324 1165 2366; x_wconf 87' lang='lat' dir='ltr'>quorumlibet</span> <span class='ocrx_word' id='word_1_443' title='bbox 1191 2329 1301 2353; x_wconf 84' lang='lat' dir='ltr'>natura</span> <span class='ocrx_word' id='word_1_444' title='bbox 1323 2327 1468 2363; x_wconf 87' lang='lat' dir='ltr'>corrupta</span> <span class='ocrx_word' id='word_1_445' title='bbox 1484 2331 1614 2353; x_wconf 88' lang='lat' dir='ltr'>concre-</span> 
     </span>
     <span class='ocr_line' id='line_1_40' title="bbox 143 2375 1614 2420; baseline -0.003 -11"><span class='ocrx_word' id='word_1_446' title='bbox 143 2379 282 2410; x_wconf 84' lang='lat' dir='ltr'>tionibus</span> <span class='ocrx_word' id='word_1_447' title='bbox 297 2379 361 2410; x_wconf 78' lang='lat' dir='ltr'>sive</span> <span class='ocrx_word' id='word_1_448' title='bbox 374 2379 626 2416; x_wconf 86' lang='lat' dir='ltr'>discretionibus,</span> <span class='ocrx_word' id='word_1_449' title='bbox 637 2379 859 2420; x_wconf 84' lang='lat' dir='ltr'>repletionibus</span> <span class='ocrx_word' id='word_1_450' title='bbox 872 2379 920 2410; x_wconf 89' lang='lat' dir='ltr'>vel</span> <span class='ocrx_word' id='word_1_451' title='bbox 932 2377 1200 2414; x_wconf 85' lang='lat' dir='ltr'>evacuationibus,</span> <span class='ocrx_word' id='word_1_452' title='bbox 1215 2375 1414 2408; x_wconf 81' lang='lat' dir='ltr'>incrementis</span> <span class='ocrx_word' id='word_1_453' title='bbox 1426 2375 1614 2417; x_wconf 87' lang='lat' dir='ltr'>quibusdam</span> 
     </span>
     <span class='ocr_line' id='line_1_41' title="bbox 143 2428 1611 2475; baseline -0.003 -12"><span class='ocrx_word' id='word_1_454' title='bbox 143 2432 192 2463; x_wconf 84' lang='lat' dir='ltr'>vel</span> <span class='ocrx_word' id='word_1_455' title='bbox 208 2433 426 2470; x_wconf 85' lang='lat' dir='ltr'>decrementis,</span> <span class='ocrx_word' id='word_1_456' title='bbox 440 2433 575 2475; x_wconf 88' lang='lat' dir='ltr'>dolores,</span> <span class='ocrx_word' id='word_1_457' title='bbox 589 2433 751 2474; x_wconf 71' lang='lat' dir='ltr'>molestiae,</span> <span class='ocrx_word' id='word_1_458' title='bbox 766 2433 922 2464; x_wconf 86' lang='lat' dir='ltr'>cruciatus</span> <span class='ocrx_word' id='word_1_459' title='bbox 937 2438 1102 2474; x_wconf 88' lang='lat' dir='ltr'>ceteraque</span> <span class='ocrx_word' id='word_1_460' title='bbox 1119 2432 1150 2462; x_wconf 87' lang='lat' dir='ltr'>id</span> <span class='ocrx_word' id='word_1_461' title='bbox 1168 2441 1266 2473; x_wconf 88' lang='lat' dir='ltr'>genus</span> <span class='ocrx_word' id='word_1_462' title='bbox 1283 2430 1474 2461; x_wconf 84' lang='lat' dir='ltr'>exoriuntur.</span> <span class='ocrx_word' id='word_1_463' title='bbox 1523 2428 1611 2459; x_wconf 78' lang='lat' dir='ltr'>PRo.</span> 
     </span>
     <span class='ocr_line' id='line_1_42' title="bbox 142 2481 1613 2528; baseline -0.003 -10"><span class='ocrx_word' id='word_1_464' title='bbox 142 2486 233 2528; x_wconf 82' lang='lat' dir='ltr'>Saepe</span> <span class='ocrx_word' id='word_1_465' title='bbox 244 2486 311 2527; x_wconf 90' lang='lat' dir='ltr'>jam</span> <span class='ocrx_word' id='word_1_466' title='bbox 325 2487 456 2518; x_wconf 87' lang='lat' dir='ltr'>dictum.</span> <span class='ocrx_word' id='word_1_467' title='bbox 501 2487 556 2519; x_wconf 87' lang='lat' dir='ltr'>So.</span> <span class='ocrx_word' id='word_1_468' title='bbox 581 2486 625 2518; x_wconf 87' lang='lat' dir='ltr'>At</span> <span class='ocrx_word' id='word_1_469' title='bbox 640 2498 711 2519; x_wconf 91' lang='lat' dir='ltr'>cum</span> <span class='ocrx_word' id='word_1_470' title='bbox 725 2487 756 2519; x_wconf 91' lang='lat' dir='ltr'>in</span> <span class='ocrx_word' id='word_1_471' title='bbox 774 2493 914 2519; x_wconf 86' lang='lat' dir='ltr'>naturam</span> <span class='ocrx_word' id='word_1_472' title='bbox 932 2498 1018 2519; x_wconf 85' lang='lat' dir='ltr'>suam</span> <span class='ocrx_word' id='word_1_473' title='bbox 1035 2486 1250 2522; x_wconf 83' lang='lat' dir='ltr'>restituuntur,</span> <span class='ocrx_word' id='word_1_474' title='bbox 1271 2483 1500 2516; x_wconf 81' lang='lat' dir='ltr'>restitutionem</span> <span class='ocrx_word' id='word_1_475' title='bbox 1518 2481 1613 2513; x_wconf 86' lang='lat' dir='ltr'>talem</span> 
     </span>
     <span class='ocr_line' id='line_1_43' title="bbox 142 2537 1613 2582; baseline -0.003 -11"><span class='ocrx_word' id='word_1_476' title='bbox 142 2540 336 2582; x_wconf 85' lang='lat' dir='ltr'>voluptatem</span> <span class='ocrx_word' id='word_1_477' title='bbox 353 2541 435 2571; x_wconf 88' lang='lat' dir='ltr'>circa</span> <span class='ocrx_word' id='word_1_478' title='bbox 461 2551 518 2571; x_wconf 79' lang='lat' dir='ltr'>nos</span> <span class='ocrx_word' id='word_1_479' title='bbox 535 2542 708 2582; x_wconf 80' lang='lat' dir='ltr'>posuimus,</span> <span class='ocrx_word' id='word_1_480' title='bbox 754 2542 842 2574; x_wconf 75' lang='lat' dir='ltr'>Pno.</span> <span class='ocrx_word' id='word_1_481' title='bbox 866 2542 982 2573; x_wconf 85' lang='lat' dir='ltr'>Probe.</span> <span class='ocrx_word' id='word_1_482' title='bbox 1028 2542 1084 2572; x_wconf 89' lang='lat' dir='ltr'>So.</span> <span class='ocrx_word' id='word_1_483' title='bbox 1110 2540 1197 2578; x_wconf 88' lang='lat' dir='ltr'>Quid</span> <span class='ocrx_word' id='word_1_484' title='bbox 1221 2544 1338 2579; x_wconf 82' lang='lat' dir='ltr'>autern,</span> <span class='ocrx_word' id='word_1_485' title='bbox 1355 2547 1424 2569; x_wconf 88' lang='lat' dir='ltr'>cum</span> <span class='ocrx_word' id='word_1_486' title='bbox 1441 2537 1524 2568; x_wconf 87' lang='lat' dir='ltr'>circa</span> <span class='ocrx_word' id='word_1_487' title='bbox 1539 2547 1613 2568; x_wconf 90' lang='lat' dir='ltr'>nos-</span> 
     </span>
     <span class='ocr_line' id='line_1_44' title="bbox 141 2592 1612 2638; baseline -0.001 -14"><span class='ocrx_word' id='word_1_488' title='bbox 141 2598 220 2625; x_wconf 83' lang='lat' dir='ltr'>trum</span> <span class='ocrx_word' id='word_1_489' title='bbox 237 2605 350 2636; x_wconf 88' lang='lat' dir='ltr'>corpus</span> <span class='ocrx_word' id='word_1_490' title='bbox 365 2595 474 2625; x_wconf 86' lang='lat' dir='ltr'>horum</span> <span class='ocrx_word' id='word_1_491' title='bbox 490 2595 566 2626; x_wconf 86' lang='lat' dir='ltr'>nihil</span> <span class='ocrx_word' id='word_1_492' title='bbox 583 2596 720 2628; x_wconf 85' lang='lat' dir='ltr'>accidit?</span> <span class='ocrx_word' id='word_1_493' title='bbox 759 2596 846 2628; x_wconf 73' lang='lat' dir='ltr'>Pno.</span> <span class='ocrx_word' id='word_1_494' title='bbox 871 2596 917 2628; x_wconf 94' lang='lat' dir='ltr'>At</span> <span class='ocrx_word' id='word_1_495' title='bbox 935 2597 1061 2638; x_wconf 90' lang='lat' dir='ltr'>quando</span> <span class='ocrx_word' id='word_1_496' title='bbox 1077 2596 1108 2626; x_wconf 90' lang='lat' dir='ltr'>id</span> <span class='ocrx_word' id='word_1_497' title='bbox 1127 2593 1295 2635; x_wconf 80' lang='lat' dir='ltr'>contingit,</span> <span class='ocrx_word' id='word_1_498' title='bbox 1312 2603 1331 2623; x_wconf 92' lang='grc' dir='ltr'>ο</span> <span class='ocrx_word' id='word_1_499' title='bbox 1347 2592 1491 2623; x_wconf 82' lang='lat' dir='ltr'>Socrates</span> <span class='ocrx_word' id='word_1_500' title='bbox 1505 2592 1517 2622; x_wconf 85' lang='lat'>?</span> <span class='ocrx_word' id='word_1_501' title='bbox 1555 2592 1612 2623; x_wconf 84' lang='lat' dir='ltr'>So.</span> 
     </span>
     <span class='ocr_line' id='line_1_45' title="bbox 141 2645 1613 2693; baseline -0.002 -14"><span class='ocrx_word' id='word_1_502' title='bbox 141 2647 230 2679; x_wconf 87' lang='lat' dir='ltr'>Nihil</span> <span class='ocrx_word' id='word_1_503' title='bbox 245 2649 284 2679; x_wconf 89' lang='lat' dir='ltr'>ad</span> <span class='ocrx_word' id='word_1_504' title='bbox 301 2659 376 2686; x_wconf 88' lang='lat' dir='ltr'>rem,</span> <span class='ocrx_word' id='word_1_505' title='bbox 392 2660 411 2680; x_wconf 90' lang='lat' dir='ltr'>o</span> <span class='ocrx_word' id='word_1_506' title='bbox 427 2648 606 2687; x_wconf 83' lang='lat' dir='ltr'>Protarche,</span> <span class='ocrx_word' id='word_1_507' title='bbox 622 2650 680 2682; x_wconf 88' lang='lat' dir='ltr'>ista</span> <span class='ocrx_word' id='word_1_508' title='bbox 695 2657 750 2682; x_wconf 89' lang='lat' dir='ltr'>tua</span> <span class='ocrx_word' id='word_1_509' title='bbox 773 2651 897 2693; x_wconf 77' lang='lat' dir='ltr'>petitio.</span> <span class='ocrx_word' id='word_1_510' title='bbox 944 2651 1032 2682; x_wconf 71' lang='lat' dir='ltr'>Pno.</span> <span class='ocrx_word' id='word_1_511' title='bbox 1057 2649 1192 2682; x_wconf 86' lang='lat' dir='ltr'>Curnam</span> <span class='ocrx_word' id='word_1_512' title='bbox 1208 2648 1219 2678; x_wconf 89' lang='lat'>?</span> <span class='ocrx_word' id='word_1_513' title='bbox 1269 2647 1326 2678; x_wconf 81' lang='lat' dir='ltr'>So.</span> <span class='ocrx_word' id='word_1_514' title='bbox 1351 2646 1435 2684; x_wconf 89' lang='lat' dir='ltr'>Quia</span> <span class='ocrx_word' id='word_1_515' title='bbox 1457 2645 1535 2677; x_wconf 88' lang='lat' dir='ltr'>nihil</span> <span class='ocrx_word' id='word_1_516' title='bbox 1552 2645 1613 2676; x_wconf 87' lang='lat' dir='ltr'>im-</span> 
     </span>
     <span class='ocr_line' id='line_1_46' title="bbox 141 2698 1611 2747; baseline -0.003 -13"><span class='ocrx_word' id='word_1_517' title='bbox 141 2702 251 2744; x_wconf 87' lang='lat' dir='ltr'>pedies</span> <span class='ocrx_word' id='word_1_518' title='bbox 265 2713 326 2740; x_wconf 91' lang='lat' dir='ltr'>me,</span> <span class='ocrx_word' id='word_1_519' title='bbox 343 2704 428 2745; x_wconf 89' lang='lat' dir='ltr'>quod</span> <span class='ocrx_word' id='word_1_520' title='bbox 445 2709 517 2735; x_wconf 88' lang='lat' dir='ltr'>ante</span> <span class='ocrx_word' id='word_1_521' title='bbox 535 2712 722 2746; x_wconf 78' lang='lat' dir='ltr'>rogaveram,</span> <span class='ocrx_word' id='word_1_522' title='bbox 739 2715 839 2737; x_wconf 87' lang='lat' dir='ltr'>rursus</span> <span class='ocrx_word' id='word_1_523' title='bbox 851 2706 1049 2747; x_wconf 82' lang='lat' dir='ltr'>interrogare.</span> <span class='ocrx_word' id='word_1_524' title='bbox 1097 2703 1185 2737; x_wconf 74' lang='lat' dir='ltr'>Pno.</span> <span class='ocrx_word' id='word_1_525' title='bbox 1209 2701 1295 2739; x_wconf 90' lang='lat' dir='ltr'>Quid</span> <span class='ocrx_word' id='word_1_526' title='bbox 1306 2700 1384 2731; x_wconf 85' lang='lat' dir='ltr'>illud</span> <span class='ocrx_word' id='word_1_527' title='bbox 1401 2701 1411 2730; x_wconf 86' lang='lat'>?</span> <span class='ocrx_word' id='word_1_528' title='bbox 1456 2699 1514 2731; x_wconf 89' lang='lat' dir='ltr'>So.</span> <span class='ocrx_word' id='word_1_529' title='bbox 1538 2698 1611 2730; x_wconf 86' lang='lat' dir='ltr'>Nisi</span> 
     </span>
     <span class='ocr_line' id='line_1_47' title="bbox 141 2752 1607 2802; baseline -0.003 -16"><span class='ocrx_word' id='word_1_530' title='bbox 141 2755 208 2798; x_wconf 76' lang='lat' dir='ltr'>fiat,</span> <span class='ocrx_word' id='word_1_531' title='bbox 223 2767 242 2787; x_wconf 92' lang='lat' dir='ltr'>o</span> <span class='ocrx_word' id='word_1_532' title='bbox 258 2756 437 2794; x_wconf 84' lang='lat' dir='ltr'>Protarche,</span> <span class='ocrx_word' id='word_1_533' title='bbox 454 2758 515 2789; x_wconf 89' lang='lat' dir='ltr'>tale</span> <span class='ocrx_word' id='word_1_534' title='bbox 530 2758 608 2800; x_wconf 87' lang='lat' dir='ltr'>quid</span> <span class='ocrx_word' id='word_1_535' title='bbox 623 2760 737 2797; x_wconf 84' lang='lat' dir='ltr'>dicam,</span> <span class='ocrx_word' id='word_1_536' title='bbox 753 2760 829 2802; x_wconf 89' lang='lat' dir='ltr'>quid</span> <span class='ocrx_word' id='word_1_537' title='bbox 846 2770 972 2792; x_wconf 81' lang='lat' dir='ltr'>necesse</span> <span class='ocrx_word' id='word_1_538' title='bbox 988 2765 1035 2791; x_wconf 86' lang='lat' dir='ltr'>est</span> <span class='ocrx_word' id='word_1_539' title='bbox 1050 2769 1087 2790; x_wconf 83' lang='lat' dir='ltr'>ex</span> <span class='ocrx_word' id='word_1_540' title='bbox 1104 2759 1164 2789; x_wconf 92' lang='lat' dir='ltr'>hoc</span> <span class='ocrx_word' id='word_1_541' title='bbox 1177 2756 1266 2788; x_wconf 88' lang='lat' dir='ltr'>nobis</span> <span class='ocrx_word' id='word_1_542' title='bbox 1281 2753 1489 2796; x_wconf 84' lang='lat' dir='ltr'>contingere?</span> <span class='ocrx_word' id='word_1_543' title='bbox 1514 2752 1607 2785; x_wconf 74' lang='lat' dir='ltr'>Pno</span> 
     </span>
    </p>

    <p class='ocr_par' dir='ltr' id='par_1_3' title="bbox 139 2805 1610 2856">
     <span class='ocr_line' id='line_1_48' title="bbox 139 2805 1610 2856; baseline -0.003 -14"><span class='ocrx_word' id='word_1_544' title='bbox 139 2809 194 2842; x_wconf 85' lang='lat' dir='ltr'>An</span> <span class='ocrx_word' id='word_1_545' title='bbox 209 2811 242 2842; x_wconf 89' lang='lat' dir='ltr'>id</span> <span class='ocrx_word' id='word_1_546' title='bbox 257 2811 347 2849; x_wconf 86' lang='lat' dir='ltr'>dicis,</span> <span class='ocrx_word' id='word_1_547' title='bbox 362 2812 510 2844; x_wconf 87' lang='lat' dir='ltr'>videlicet</span> <span class='ocrx_word' id='word_1_548' title='bbox 524 2823 653 2855; x_wconf 88' lang='lat' dir='ltr'>corpore</span> <span class='ocrx_word' id='word_1_549' title='bbox 668 2814 703 2845; x_wconf 88' lang='lat' dir='ltr'>in</span> <span class='ocrx_word' id='word_1_550' title='bbox 719 2820 860 2845; x_wconf 84' lang='lat' dir='ltr'>neutram</span> <span class='ocrx_word' id='word_1_551' title='bbox 875 2819 994 2856; x_wconf 87' lang='lat' dir='ltr'>partem</span> <span class='ocrx_word' id='word_1_552' title='bbox 1009 2812 1191 2854; x_wconf 81' lang='lat' dir='ltr'>exagitato?</span> <span class='ocrx_word' id='word_1_553' title='bbox 1230 2810 1288 2841; x_wconf 86' lang='lat' dir='ltr'>So.</span> <span class='ocrx_word' id='word_1_554' title='bbox 1310 2808 1373 2839; x_wconf 87' lang='lat' dir='ltr'>Id</span> <span class='ocrx_word' id='word_1_555' title='bbox 1365 2817 1479 2853; x_wconf 78' lang='lat' dir='ltr'>ipsum</span> <span class='ocrx_word' id='word_1_556' title='bbox 1519 2805 1610 2837; x_wconf 75' lang='lat' dir='ltr'>Pno-</span> 
     </span>
    </p>

    <p class='ocr_par' dir='ltr' id='par_1_4' title="bbox 139 2859 1610 2964">
     <span class='ocr_line' id='line_1_49' title="bbox 139 2859 1609 2911; baseline -0.002 -16"><span class='ocrx_word' id='word_1_557' title='bbox 139 2863 284 2902; x_wconf 81' lang='lat' dir='ltr'>Constat,</span> <span class='ocrx_word' id='word_1_558' title='bbox 299 2876 317 2896; x_wconf 90' lang='grc' dir='ltr'><strong>ο</strong></span> <span class='ocrx_word' id='word_1_559' title='bbox 333 2866 486 2904; x_wconf 84' lang='lat' dir='ltr'>Socrates,</span> <span class='ocrx_word' id='word_1_560' title='bbox 512 2877 613 2910; x_wconf 86' lang='lat' dir='ltr'>neque</span> <span class='ocrx_word' id='word_1_561' title='bbox 630 2868 821 2910; x_wconf 87' lang='lat' dir='ltr'>voluptatem</span> <span class='ocrx_word' id='word_1_562' title='bbox 838 2879 940 2911; x_wconf 90' lang='lat' dir='ltr'>neque</span> <span class='ocrx_word' id='word_1_563' title='bbox 955 2868 1094 2900; x_wconf 89' lang='lat' dir='ltr'>dolorem</span> <span class='ocrx_word' id='word_1_564' title='bbox 1110 2877 1148 2898; x_wconf 92' lang='lat' dir='ltr'>eo</span> <span class='ocrx_word' id='word_1_565' title='bbox 1176 2866 1245 2907; x_wconf 89' lang='lat' dir='ltr'>ipso</span> <span class='ocrx_word' id='word_1_566' title='bbox 1261 2864 1294 2894; x_wconf 90' lang='lat' dir='ltr'>in</span> <span class='ocrx_word' id='word_1_567' title='bbox 1311 2867 1450 2904; x_wconf 86' lang='lat' dir='ltr'>tempore</span> <span class='ocrx_word' id='word_1_568' title='bbox 1474 2859 1609 2902; x_wconf 80' lang='lat' dir='ltr'>percipi·</span> 
     </span>
     <span class='ocr_line' id='line_1_50' title="bbox 140 2914 1610 2964; baseline -0.005 -14"><span class='ocrx_word' id='word_1_569' title='bbox 140 2918 216 2961; x_wconf 76' lang='lat'><strong>[43]</strong></span> <span class='ocrx_word' id='word_1_570' title='bbox 241 2919 296 2951; x_wconf 87' lang='lat' dir='ltr'>So.</span> <span class='ocrx_word' id='word_1_571' title='bbox 320 2919 423 2951; x_wconf 86' lang='lat' dir='ltr'>Recte</span> <span class='ocrx_word' id='word_1_572' title='bbox 438 2921 565 2953; x_wconf 87' lang='lat' dir='ltr'>nimium</span> <span class='ocrx_word' id='word_1_573' title='bbox 592 2923 791 2964; x_wconf 75' lang='lat' dir='ltr'>respondisti.</span> <span class='ocrx_word' id='word_1_574' title='bbox 840 2923 968 2959; x_wconf 79' lang='lat' dir='ltr'>Verum,</span> <span class='ocrx_word' id='word_1_575' title='bbox 985 2928 1019 2953; x_wconf 88' lang='lat' dir='ltr'>ut</span> <span class='ocrx_word' id='word_1_576' title='bbox 1035 2922 1175 2962; x_wconf 85' lang='lat' dir='ltr'>arbitror,</span> <span class='ocrx_word' id='word_1_577' title='bbox 1192 2919 1224 2951; x_wconf 83' lang='lat' dir='ltr'>id</span> <span class='ocrx_word' id='word_1_578' title='bbox 1247 2917 1354 2953; x_wconf 75' lang='lat' dir='ltr'>sentis,</span> <span class='ocrx_word' id='word_1_579' title='bbox 1379 2914 1463 2957; x_wconf 85' lang='lat' dir='ltr'>quod</span> <span class='ocrx_word' id='word_1_580' title='bbox 1481 2922 1610 2945; x_wconf 67' lang='lat' dir='ltr'>necesse</span> 
     </span>
    </p>

    <p class='ocr_par' dir='ltr' id='par_1_5' title="bbox 235 2966 1516 3008">
     <span class='ocr_line' id='line_1_51' title="bbox 235 2966 1516 3008; baseline 0.005 -3"><span class='ocrx_word' id='word_1_581' title='bbox 235 2973 331 3006; x_wconf 74' lang='grc' dir='ltr'>Ριιιι..</span> <span class='ocrx_word' id='word_1_582' title='bbox 350 2974 403 3005; x_wconf 72' lang='lat' dir='ltr'>Tr.</span> <span class='ocrx_word' id='word_1_583' title='bbox 902 2977 950 3008; x_wconf 90' lang='lat'>11.</span> <span class='ocrx_word' id='word_1_584' title='bbox 1490 2966 1516 2998; x_wconf 85' lang='lat' dir='ltr'>C</span> 
     </span>
    </p>
   </div>
  </div>
 </body>
</html>
