1840 3225
175 271 255 308 444
774 267 1041 306 PLATONIS
1543 270 1638 322 [957

177 361 253 393 dum
278 360 476 393 reconciliati
501 361 611 392 tertios
635 365 760 402 petunt,
787 360 912 392 debitor
938 360 1069 402 quidem
1095 360 1194 391 victus
1216 361 1402 392 tantundem
1422 366 1455 392 et
1480 360 1643 392 dimidiam

175 416 304 457 insuper
333 415 434 446 debiti
459 420 593 457 partem,
623 421 660 446 ut
684 414 832 450 diximus,
859 415 972 445 victori
995 414 1150 455 deponat:
1176 421 1338 446 accusator
1358 420 1464 446 autem
1478 421 1646 456 superatus

177 469 352 500 dimidiam.
377 470 432 500 sed
449 469 488 500 de
505 469 652 500 creandis
667 469 925 510 declarandisque
935 468 1107 511 judicibus,
1134 468 1175 499 de
1190 468 1320 500 istorum
1335 468 1476 500 omnium
1490 469 1646 500 ministra·

173 524 274 560 tione,
286 523 326 554 de
341 524 544 565 temporibus,
562 524 593 554 in
608 523 720 566 quibus
736 523 858 564 singula
872 522 1017 554 facienda
1029 529 1114 562 sunt,
1128 521 1168 553 de
1181 522 1319 553 ferendis
1331 523 1496 564 suffragiis,
1506 523 1545 554 de
1559 532 1646 554 mora

177 582 212 608 et
224 577 375 608 dilatione
388 577 515 618 judicii,
533 578 678 614 termino,
695 577 857 613 citatione,
872 577 1010 618 repulsa,
1025 587 1061 607 ac
1078 576 1117 606 de
1133 576 1244 608 ceteris
1260 577 1414 613 omnibus,
1429 588 1499 618 quae
1517 576 1648 618 judiciis

177 631 353 663 necessaria
368 636 452 668 sunt,
468 632 610 673 quamvis
624 632 657 662 in
673 631 883 673 superioribus
905 631 1086 672 tetigimus:
1111 636 1228 667 tamen,
1252 641 1323 673 quae
1348 632 1478 672 pulchra
1503 636 1588 666 sunt,
1612 635 1649 661 nt

177 687 275 718 habet
300 687 511 728 proverbium,
537 691 568 717 et
592 687 640 716 bis
662 692 695 717 et
721 692 768 717 ter
793 691 879 717 recte
901 685 965 716 dici
980 690 1121 727 posstmt.
1144 685 1241 727 [957]
1266 695 1363 727 parva
1378 695 1450 716 vero
1465 694 1598 726 quaeque
1614 689 1649 715 et

178 741 309 784 inventu
324 740 440 777 facilia,
453 741 480 771 si
496 740 681 782 legumlator
694 740 848 781 antiquior
864 740 1105 781 praetermiserit,
1120 739 1228 781 junior
1242 740 1373 781 repleat.
1390 738 1446 770 sed
1462 739 1501 770 de
1518 738 1648 780 privatis

179 795 306 837 quidem
329 794 459 837 judiciis
481 795 560 826 satis
581 794 647 836 jam
675 794 793 825 dictum
824 799 881 824 est.
904 794 1034 835 publica
1054 805 1129 824 vero
1155 800 1248 835 atque
1264 794 1451 831 communia,
1468 794 1584 835 quibus
1599 792 1649 823 usi

178 850 390 891 magistratus,
406 859 476 890 qnae
491 849 531 879 ad
548 859 603 879 eos
616 849 786 889 pertinent,
802 854 965 889 peragunt,
995 849 1027 878 in
1052 848 1160 878 multis
1185 848 1366 878 civitatibus
1393 857 1412 878 a
1438 847 1648 888 prudentibus

178 903 253 934 viris
279 908 364 934 recte
392 904 563 934 constituta
586 902 797 943 reperiuntur.
819 902 904 932 unde
932 902 1081 932 custodes
1107 902 1212 942 legum
1228 907 1365 942 oportet,
1382 912 1451 942 quae
1468 901 1542 932 huic
1556 911 1647 932 novae

177 958 359 999 reipublicae
386 963 571 998 congruant,
596 956 760 997 accipere:
786 955 840 991 ita,
870 960 908 985 ut
932 955 1057 996 singula
1082 956 1223 996 periculo
1246 955 1422 986 examinata
1438 960 1473 986 et
1487 955 1646 997 corrigant

178 1011 348 1053 diligenter
362 1016 395 1041 et
408 1011 552 1052 probent,
567 1009 667 1041 donec
682 1009 870 1040 sufficienter
883 1020 916 1040 se
934 1009 1048 1040 habere
1062 1015 1234 1050 putentur3
1259 1015 1292 1040 et
1307 1010 1444 1050 deniqne
1461 1009 1653 1041 discussioni

177 1066 242 1096 fine
271 1065 416 1106 imposito
439 1065 499 1101 his,
525 1070 674 1105 tanquam
696 1064 921 1100 immobilibus,
949 1074 1004 1105 per
1029 1069 1131 1095 totam
1153 1064 1251 1094 vitam
1279 1069 1416 1094 utantur.
1453 1063 1492 1094 de
1523 1064 1650 1095 silentio

176 1129 264 1155 vero,
279 1118 372 1149 laude
387 1118 697 1159 vituperationeque‚
724 1123 756 1149 et
778 1118 818 1148 de
838 1117 946 1159 justis,
963 1118 1063 1155 bonis,
1082 1118 1232 1154 honestis,
1248 1128 1319 1159 quae
1334 1118 1367 1148 in
1383 1118 1452 1149 aliis
1470 1118 1651 1149 civitatibus

179 1173 342 1209 differunt,
365 1178 400 1203 et
425 1172 545 1204 dictum
569 1178 617 1203 est
643 1177 675 1203 et
702 1172 735 1203 in
762 1172 825 1203 fine
850 1172 983 1204 dicetur.
1006 1172 1047 1203 ad
1074 1183 1144 1214 quae
1170 1173 1275 1204 omnia
1290 1182 1399 1213 aequus
1413 1172 1537 1203 futurus
1547 1172 1650 1214 judex

179 1227 336 1269 respicere
352 1226 457 1263 debet,
474 1232 569 1268 atque
582 1237 711 1269 operam
726 1227 814 1263 dare,
829 1232 865 1257 ut
880 1228 934 1258 has
950 1227 1057 1268 legum
1071 1226 1311 1258 constitutiones
1334 1230 1407 1257 ante
1421 1226 1528 1258 omnia
1548 1226 1651 1257 discat

179 1287 213 1312 et
227 1286 333 1312 mente
349 1281 476 1312 firmiter
489 1286 608 1312 teneat.
630 1292 705 1312 nam
721 1281 762 1312 ad
775 1281 958 1312 faciendum
975 1291 1049 1312 eum
1066 1281 1179 1318 virum,
1193 1280 1248 1322 qui
1265 1279 1376 1311 didicit
1390 1280 1520 1316 bonum,
1535 1280 1651 1322 scripta

177 1335 286 1377 legum
302 1346 365 1377 prae
382 1336 498 1367 ceteris
511 1336 672 1372 doct-riuis,
688 1337 717 1366 si
731 1341 815 1367 recte
832 1346 865 1367 se
881 1336 1009 1372 habent,
1023 1335 1158 1366 maxime
1175 1335 1354 1366 conferunt.
1376 1334 1517 1376 alioquin
1532 1340 1651 1366 temere

179 1389 326 1421 miranda
351 1389 522 1431 divinaque
543 1391 597 1421 lex
627 1400 744 1421 nomen
769 1390 869 1421 menti
895 1390 1067 1431 proximum
1091 1388 1279 1432 possideret.
1299 1399 1360 1420 nus
1387 1389 1471 1419 enim
1500 1393 1649 1426 mentem,

177 1453 288 1475 nomos
315 1453 389 1474 vero
404 1443 505 1484 legem
521 1444 690 1485 significat.
713 1454 784 1474 narn
801 1455 873 1475 cum
885 1445 979 1475 multi
994 1454 1154 1475 sermones
1176 1443 1216 1473 de
1239 1442 1334 1474 laude
1351 1441 1648 1483 vituperationeque

177 1497 410 1534 nonnullorum,
426 1497 541 1538 partim
555 1498 745 1529 carminibus
758 1498 871 1539 partim
892 1499 994 1529 soluta
1004 1498 1157 1533 oratione,
1173 1506 1240 1528 tuni
1256 1497 1361 1538 scripti
1378 1496 1649 1532 circumferantur,

177 1556 247 1582 tum
263 1551 404 1592 quotidie
418 1551 451 1582 iu
464 1552 598 1590 coronis,
614 1562 670 1583 seu
686 1551 907 1583 contendendo
922 1552 987 1582 sive
999 1552 1078 1582 falso
1093 1551 1307 1587 assentiendo,
1323 1550 1515 1580 habeantur:
1540 1550 1648 1580 horum

177 1605 316 1636 omnium
338 1606 538 1646 perspicuum
560 1617 694 1637 examen
713 1606 900 1648 legislatoris
927 1607 1045 1647 scripta
1065 1606 1155 1636 nobis
1169 1611 1252 1635 sunt.
1273 1605 1357 1646 haec,
1371 1604 1460 1645 quasi
1474 1603 1648 1634 remedium

177 1659 396 1700 medelamque
423 1660 574 1691 adversus
600 1661 728 1691 aliarum
753 1661 925 1691 orationum
955 1670 1091 1696 venena,
1118 1660 1236 1700 probus
1257 1657 1358 1699 judex
1389 1668 1498 1689 secum
1526 1667 1649 1699 semper

176 1713 299 1744 tenebit
311 1724 318 1741 ε
344 1713 456 1753 quibus
469 1724 503 1744 se
515 1714 618 1755 ipsum
630 1714 853 1754 civitatemque
863 1714 1057 1754 emendabit,
1069 1714 1170 1744 bonos
1183 1712 1381 1744 confirmabit
1392 1718 1488 1754 atque
1501 1712 1647 1743 extollet:

175 1777 288 1809 pravos
303 1778 341 1798 ex
351 1768 540 1809 ignorantia,
555 1767 797 1803 incontinentia,
810 1767 992 1804 timiditate,
1009 1772 1052 1804 et,
1068 1773 1103 1798 ut
1115 1767 1293 1798 summatim
1308 1767 1421 1803 dicam,
1443 1777 1481 1798 ex
1493 1765 1650 1807 injustitia

176 1822 333 1858 universa,
348 1832 405 1863 pro
420 1821 546 1858 viribus,
562 1822 588 1852 si
602 1822 761 1853 sanabiles
777 1827 860 1858 suut,
876 1821 1045 1852 revocabit.
1067 1822 1163 1864 [958]
1187 1831 1260 1852 nam
1271 1821 1299 1852 si
1311 1821 1415 1852 sanari
1427 1831 1493 1852 non
1505 1825 1651 1862 possunt,

177 1876 234 1918 qui
248 1886 300 1906 eos
314 1874 415 1907 1'norte
432 1876 581 1913 afficiunt,
597 1876 683 1919 apud
698 1886 807 1907 omnes
820 1876 911 1907 laude
925 1877 1013 1917 digni
1033 1875 1158 1917 judices
1177 1875 1387 1917 judicumque
1402 1875 1562 1916 principes
1582 1885 1647 1906 non

176 1931 293 1973 injuria
308 1932 421 1973 saepius
435 1931 499 1962 dici
513 1942 607 1973 posse
621 1931 779 1962 videntur.
796 1930 851 1962 sed
863 1936 1032 1972 postquam
1048 1940 1152 1961 annua
1167 1931 1286 1972 judicia
1299 1935 1411 1962 exacta
1425 1934 1508 1965 sunt,
1524 1928 1647 1970 legibus

175 1985 245 2016 istis
267 1990 416 2016 utantur:
441 1986 578 2027 primum
602 1986 811 2026 magistratus,
838 1986 891 2027 qui
913 1986 976 2028 jam
997 1985 1151 2028 judicium
1175 1991 1310 2021 exercet,
1331 1984 1484 2016 debitoris
1505 1984 1646 2016 damnati

176 2040 344 2081 pecuniam
358 2040 487 2081 petitori
499 2051 625 2071 omnem
640 2041 753 2077 tradat,
769 2041 955 2072 necessariis
968 2046 1089 2071 tantum
1106 2040 1146 2071 ad
1160 2051 1251 2071 usum
1266 2039 1403 2070 relictis:
1427 2037 1523 2080 idque
1538 2039 1646 2070 statim

177 2098 250 2134 post
280 2093 343 2124 lata
365 2094 512 2135 suffragia
540 2094 604 2129 fiat,
627 2095 792 2125 nuntiante
820 2105 965 2136 praecone
991 2100 1024 2125 et
1043 2094 1206 2135 judicibus
1231 2093 1445 2125 audientibus
1467 2092 1594 2130 deinde,
1619 2094 1648 2124 si

174 2147 333 2178 secundus
344 2158 362 2177 a
373 2148 438 2178 lata
451 2148 607 2178 sententia
618 2147 719 2179 aderit
729 2149 854 2185 mensis,
868 2159 970 2189 neque
981 2149 1091 2180 victori
1106 2149 1205 2179 victus
1218 2154 1330 2190 sponte
1340 2149 1427 2190 justa
1441 2147 1642 2188 persolverit:

171 2201 309 2243 judices,
324 2202 378 2242 qui
393 2201 584 2233 sententiam
598 2202 750 2239 tulerunt,
764 2208 908 2233 cunctam
924 2202 1073 2233 debitoris
1088 2203 1253 2244 pecuniam
1271 2202 1377 2233 victori
1394 2200 1530 2232 tradant.
1553 2201 1640 2242 quod

172 2256 199 2286 si
230 2255 398 2297 praesentia
418 2255 522 2286 minus
547 2256 713 2292 sufficiunt,
740 2267 799 2287 nec
822 2257 923 2287 minus
949 2267 1041 2297 quam
1063 2256 1210 2287 drachma
1229 2256 1338 2286 deficit
1358 2265 1434 2295 una,
1462 2265 1527 2285 non
1544 2254 1640 2286 liceat

175 2310 291 2341 deinde
304 2310 438 2340 debitori
454 2311 540 2352 prius
554 2311 650 2341 alium
665 2320 851 2352 quemquam
867 2311 898 2340 in
908 2310 1065 2351 judiciuin
1079 2311 1212 2345 trahere,
1229 2320 1322 2351 quam
1339 2309 1482 2340 debitum
1492 2310 1642 2341 creditori

174 2369 274 2395 totum
291 2364 435 2395 restituat
449 2375 455 2394 ε
481 2365 560 2395 trahi
573 2374 647 2395 vero
659 2365 698 2395 ab
715 2365 786 2395 aliis
800 2365 912 2406 possit.
936 2365 962 2395 si
979 2365 1046 2405 quis
1062 2364 1228 2405 injudicio
1242 2364 1405 2394 damnatus
1414 2363 1540 2404 judices
1554 2363 1643 2404 ipsos

174 2418 299 2455 laeserit,
329 2424 384 2449 aut
407 2418 573 2460 quicquam
600 2429 708 2450 eorum
730 2418 847 2459 injuste
875 2418 1055 2455 abstulerit,
1079 2419 1172 2450 iidem
1199 2419 1259 2460 ipsi
1279 2418 1406 2459 judices
1426 2419 1466 2448 ad
1493 2417 1641 2450 custodes

173 2474 277 2514 legum
305 2473 459 2504 deserant.
481 2483 500 2504 a
522 2473 635 2515 quibus
663 2475 690 2504 si
712 2473 850 2504 criminis
869 2473 962 2514 hujus
991 2473 1198 2509 damnabitur,
1226 2473 1314 2514 quasi
1333 2472 1491 2504 civitatem
1512 2482 1639 2504 omnem

174 2526 324 2568 legesque
340 2527 497 2563 everterit,
513 2528 680 2559 mon‘atnr.
703 2528 759 2569 qui
773 2527 830 2558 sub
846 2527 892 2558 his
907 2527 1029 2568 legibus
1044 2527 1143 2568 geniti
1163 2527 1350 2568 educatique
1366 2526 1481 2557 liberos
1495 2526 1641 2559 similiter

172 2587 350 2621 genuerunt
375 2587 470 2623 atque
492 2582 715 2619 educaverunt,
737 2583 781 2613 ita
802 2593 874 2613 cum
898 2582 969 2612 aliis
993 2582 1118 2618 versati,
1143 2588 1179 2613 ut
1203 2581 1393 2612 moderatum
1414 2579 1508 2611 suerit
1529 2590 1636 2612 eorum

173 2636 407 2672 commercium,
424 2636 520 2666 illatae
537 2637 661 2678 injuriae
677 2647 786 2678 poenas
800 2636 957 2672 dederint,
972 2643 1110 2677 acceptae
1122 2636 1292 2678 exegerint,
1306 2634 1401 2666 sicuti
1409 2633 1496 2675 juste
1512 2633 1639 2675 legibus

170 2689 246 2729 istis
260 2698 360 2730 usque
377 2690 417 2720 ad
432 2696 630 2721 senectutem
642 2691 768 2731 vivunt,
782 2691 826 2721 ita
841 2690 1011 2721 secuudum
1026 2696 1171 2721 naturam
1194 2700 1212 2721 e
1236 2690 1300 2720 vita
1314 2686 1485 2719 decedunt.
1504 2688 1639 2718 mortuis

171 2752 246 2773 vero
260 2747 323 2773 tam
340 2743 413 2774 viris
428 2754 522 2785 quam
537 2745 729 2782 mulieribus,
745 2745 984 2786 parentationes
999 2744 1140 2785 quidem,
1151 2751 1182 2775 et
1195 2754 1263 2785 quae
1276 2742 1317 2774 ad
1327 2742 1426 2776 Deos,
1439 2741 1505 2771 sive
1516 2740 1638 2772 inferos

169 2795 237 2827 sive
265 2807 404 2838 superos,
431 2798 601 2839 pertinent,
623 2800 796 2831 secundum
822 2809 975 2840 responsa
1001 2800 1209 2841 interpretum
1236 2798 1322 2828 fiant.
1349 2795 1471 2827 nullum
1495 2794 1529 2825 in
1557 2795 1637 2826 loco

167 2849 315 2882 foecundo
330 2857 363 2882 et
377 2862 452 2893 agro
468 2852 508 2882 ad
523 2854 678 2884 culturam
694 2860 768 2895 apto
783 2854 961 2895 sepulcrum
980 2854 1034 2884 fiat
1049 2865 1056 2884 ι
1081 2855 1138 2884 sed
1163 2853 1189 2884 is
1217 2853 1305 2883 locus
1319 2859 1450 2891 corpora
1465 2849 1632 2880 defuncto·

167 2913 236 2936 rum
259 2905 404 2947 recipiat,
430 2907 485 2947 qui
512 2907 552 2938 ad
575 2913 681 2939 cetera
707 2908 829 2939 inutilis
850 2914 883 2939 et
907 2907 948 2938 ad
962 2908 994 2938 id
1011 2913 1133 2939 tantum
1148 2906 1332 2938 commodus
1343 2905 1484 2935 viventes
1499 2903 1633 2935 minime

166 2959 267 2992 laedit.
287 2971 347 2993 nec
371 2961 457 2994 eni-m
482 2971 501 2993 a
526 2962 606 2993 vivis
628 2973 732 3004 neque
749 2974 768 2994 a
783 2963 913 2995 mortuis
929 2968 1019 2995 terrae
1031 2963 1138 2995 matris
1153 2959 1340 2994 foecunditas
1353 2957 1555 3001 impedienda
1567 2962 1633 2989 est.
