1840 3225
93 233 192 283 456]
532 231 604 268 DE
636 227 943 267 REPUBLICA
977 229 1076 266 LIB.
1109 229 1155 265 V.
1479 230 1548 267 151

93 336 226 368 censes?
270 335 384 367 GLAu.
410 334 572 376 Equidem.
617 333 670 364 So.
695 331 867 363 Medicinae
895 343 967 363 vero
998 338 1105 374 aptum
1135 333 1240 372 aliam,
1269 339 1301 364 et
1331 334 1422 365 aliam
1452 335 1549 366 virum

95 395 272 432 promptum
289 391 328 421 ad
343 389 569 420 fabricandum.
615 386 732 418 GLAu.
755 386 905 418 Omnino.
951 387 1007 417 So.
1033 387 1147 418 Nonne
1163 395 1194 418 et
1210 398 1307 428 genus
1331 389 1461 420 virorum
1489 402 1555 421 rnu-

92 444 266 485 lierumque
282 455 390 485 genus,
407 443 433 473 si
458 443 497 472 ad
522 448 616 472 artem
644 441 779 482 aliquam
803 447 858 470 aut
885 441 968 471 aliud
998 442 1134 471 studium
1162 442 1242 473 inter
1266 453 1300 473 se
1325 444 1482 481 differant,
1497 447 1556 478 hoc

95 498 218 539 utrique
233 497 450 538 assignandum
467 507 533 526 esse
549 496 688 526 dicemus
703 496 713 525 ?
738 495 784 525 sin
800 500 903 525 auteur
921 495 979 526 lioc
1004 495 1074 536 ipso
1099 496 1251 526 duntaxat
1276 497 1450 539 discrepare
1475 500 1555 531 invi-

95 563 163 584 cem
179 553 354 588 videantur,
371 551 453 592 quod
470 550 584 581 femina
600 550 726 591 quidem
743 549 893 590 concipit,
908 549 954 579 vir·
978 550 1090 590 gignit,
1107 550 1205 580 nihilo
1233 552 1328 592 magis
1358 553 1555 586 admittemus

93 611 251 636 ostensum
267 605 373 644 fuisse,
388 605 473 645 quod
489 604 527 634 ad
545 604 590 644 id,
606 615 668 645 quo
694 604 733 634 de
762 614 846 634 nunc
873 614 929 633 nos
956 604 1122 644 loquimur,
1139 615 1157 634 a
1181 604 1245 634 viro
1271 605 1388 636 femina
1411 608 1556 640 differat:

92 660 148 690 sed
165 659 267 689 adhuc
280 658 474 689 censebimus
491 663 552 688 tam
569 659 715 688 custodes
727 668 820 699 quam
838 657 978 688 mulieres
995 658 1133 698 ipsorum
1149 658 1258 688 eadem
1276 660 1360 699 apud
1387 671 1443 691 nos
1469 672 1555 693 exer-

92 723 162 744 cere
177 712 310 743 debere?
355 711 470 742 GLAu.
493 710 594 742 Recte
618 711 776 742 nimirum.
822 711 880 742 So.
903 711 1021 741 Nonne
1047 717 1117 752 post
1142 712 1210 742 haec
1231 712 1379 753 jubemus
1405 725 1488 755 eum,
1502 717 1555 757 qui

91 766 245 798 contraria
260 765 348 802 dicit,
364 766 422 795 hoc
438 765 542 806 ipsum
561 765 649 794 nobis
664 765 840 800 ostendere,
857 764 895 794 ad
911 775 1005 805 quam
1020 770 1115 795 artem
1129 766 1253 806 quodve
1269 766 1403 797 officium
1432 779 1469 799 ex
1497 769 1557 806 his,

93 818 192 861 [455]
217 829 288 860 quae
302 819 505 850 instituendae
520 818 638 849 civitati
656 818 852 857 conducunt,
867 828 929 847 non
946 819 1055 848 eadem
1070 818 1120 853 sit,
1136 819 1189 849 sed
1218 819 1338 849 diversa
1364 821 1421 850 viri
1448 822 1558 853 mulie-

91 873 170 904 risve
186 874 319 904 natura?
366 873 480 904 Grau.
504 873 555 904 Sic
573 873 681 913 utique
697 873 801 904 decet.
848 871 904 902 So.
929 871 1022 902 Forte
1039 873 1123 912 quod
1141 878 1173 902 tu
1201 873 1294 914 paulo
1319 880 1391 905 ante
1416 875 1555 912 dicebas.

91 926 171 958 alius
187 937 312 969 quoque
327 927 456 962 diceret,
473 927 576 957 subito
591 927 717 967 quidem
744 927 783 956 ad
811 926 1029 956 sufficientiam
1057 926 1161 957 dicere
1187 937 1250 957 non
1274 928 1366 959 facile
1393 940 1482 960 esse:
1507 931 1556 961 sin

91 987 196 1012 autem
211 982 435 1018 consideretur,
450 982 535 1012 haud
551 981 680 1011 multum
698 980 835 1012 difficile.
882 980 998 1011 GLAU.
1021 980 1150 1011 Diceret
1166 981 1284 1023 utique.
1330 982 1386 1014 So.
1412 984 1470 1015 Vis
1481 995 1555 1026 ergo

91 1046 214 1067 oremus
230 1047 312 1072 eum,
329 1036 383 1077 qui
398 1037 465 1066 haec
489 1035 579 1066 nobis
605 1035 752 1076 opponit,
769 1040 803 1065 ut
828 1045 916 1065 aures
942 1035 1031 1065 nobis
1060 1040 1184 1076 praestet
1209 1037 1424 1078 attendatque,
1441 1038 1466 1068 si
1492 1050 1555 1079 qua

91 1090 210 1120 ratione
226 1090 270 1120 illi
286 1091 449 1120 ostendere
466 1100 629 1131 possumus
646 1090 764 1119 nullum
781 1100 848 1120 esse
865 1088 1001 1119 studium
1018 1089 1057 1118 ad
1074 1100 1120 1119 res
1137 1089 1256 1120 civitati
1278 1091 1554 1124 subministrandas

90 1143 227 1174 mulieris
244 1143 424 1184 proprium?
470 1143 585 1174 GLAU.
611 1143 761 1174 Omnino.
806 1143 861 1173 So.
888 1141 959 1183 Age
971 1143 1090 1183 itaque,
1106 1143 1245 1174 dicemus
1261 1145 1299 1174 ad
1327 1155 1409 1181 eum,
1426 1157 1554 1187 respon-

91 1197 131 1228 de
147 1209 154 1227 ε
180 1198 320 1238 nunquid
337 1198 379 1228 ita
397 1198 534 1233 dicebas,
550 1198 588 1227 ad
605 1197 731 1239 aliquod
748 1207 827 1237 opus
842 1196 978 1237 aliquem
998 1197 1081 1227 bono
1108 1207 1126 1227 a
1151 1203 1260 1227 natura
1285 1198 1414 1239 ingenio
1441 1202 1554 1241 praedi-

91 1256 168 1287 tum,
184 1251 319 1292 aliquem
335 1257 453 1287 contra,
469 1262 506 1281 ex
522 1262 559 1281 eo
577 1253 660 1292 quod
678 1251 730 1281 ille
745 1251 837 1281 facile
854 1251 1022 1291 quicquam
1042 1251 1186 1292 percipit,
1204 1252 1253 1282 hic
1269 1253 1394 1283 difficile
1410 1265 1416 1283 :
1442 1260 1474 1285 et
1489 1256 1553 1298 ille,

89 1304 117 1335 si
133 1305 224 1335 breve
239 1305 314 1345 quid
335 1315 353 1335 a
379 1315 536 1346 quoquam
563 1305 720 1340 didicerit,
736 1316 773 1335 ex
797 1316 834 1335 eo
861 1305 930 1345 ipse
957 1304 1121 1345 plurimum
1148 1306 1331 1336 adinvenit:
1359 1308 1408 1338 hic
1435 1315 1552 1352 autem,

90 1368 161 1389 curn
180 1359 266 1399 plura
281 1359 427 1389 didicerit
442 1359 738 1399 excogitaveritque,
757 1359 850 1398 paulo
867 1364 936 1399 post
951 1358 1163 1397 obliviscitum
1186 1364 1217 1389 et
1234 1359 1277 1389 illi
1295 1361 1421 1401 quidem
1439 1374 1552 1404 corpo-

87 1411 126 1442 ris
144 1413 278 1443 membra
293 1412 480 1443 sufficienter
496 1413 591 1442 menti
609 1413 818 1452 subserviunt,
833 1413 906 1443 huic
922 1418 1026 1443 autem
1043 1413 1242 1453 repugnant?
1289 1414 1344 1444 An
1361 1414 1421 1444 alia
1443 1424 1555 1457 praeter

90 1466 158 1497 haec
171 1471 255 1501 sunt,
271 1466 385 1507 quibus
401 1467 559 1497 hominem
576 1467 615 1496 ad
631 1465 736 1507 aliqua
752 1472 861 1496 natura
878 1467 958 1497 bene
974 1467 1151 1497 institutum
1167 1472 1199 1498 et
1214 1478 1297 1507 eum,
1312 1468 1367 1509 qui
1382 1476 1489 1500 contra
1505 1477 1553 1502 est

88 1519 233 1561 affectus,
248 1520 439 1561 distinguis?
486 1520 601 1551 GLAU.
627 1520 741 1551 Nullus
757 1521 818 1551 alia
834 1521 929 1552 dicet.
973 1521 1029 1551 So.
1052 1520 1159 1551 Scisne
1176 1521 1294 1562 ailquid
1310 1523 1349 1552 ab
1376 1523 1551 1556 hominibus

89 1574 234 1610 exerceri,
250 1574 280 1604 in
297 1584 360 1615 quo
375 1585 437 1605 non
454 1575 558 1605 omnia
573 1575 682 1605 eadem
701 1575 830 1605 virorum
849 1585 946 1615 genus
962 1580 994 1605 et
1008 1574 1212 1605 excellentius
1226 1575 1340 1606 habeat
1365 1587 1457 1617 quam
1485 1590 1552 1609 mu-

88 1625 198 1658 lierum
216 1638 313 1668 genus
329 1633 361 1658 et
375 1627 577 1659 excellentius
593 1628 706 1658 habeat
722 1639 814 1669 quam
833 1618 992 1659 mulierum
1010 1629 1131 1669 genus?
1157 1639 1195 1659 an
1213 1628 1274 1659 late
1300 1630 1399 1660 verbis
1427 1633 1555 1673 vagabi-

90 1691 169 1717 mur,
186 1682 310 1712 texendi
327 1682 488 1712 artificium
505 1688 783 1713 commemorantes
800 1682 1077 1723 placentarumque
1094 1688 1126 1713 et
1151 1683 1351 1713 obsoniorum
1379 1686 1555 1718 confectio·

89 1745 160 1765 nem
175 1735 186 1765 ?
209 1735 240 1766 in
254 1735 367 1777 quibus
382 1736 501 1777 aliquid
520 1736 679 1767 mulierum
697 1748 762 1767 esse
779 1737 900 1767 videtur
916 1749 923 1766 ι
943 1737 996 1766 ubi
1010 1737 1230 1778 perridiculum
1244 1748 1317 1768 sane
1329 1745 1471 1779 apparet,
1482 1751 1554 1772 cum

91 1789 235 1820 vincitur.
281 1789 397 1821 Guu.
421 1789 505 1820 Vera
522 1790 668 1831 loqueriS,
683 1791 757 1832 quia
774 1791 865 1831 longe
890 1791 922 1821 in
951 1791 1108 1831 omnibus,
1125 1797 1159 1822 ut
1186 1792 1228 1822 ita
1255 1792 1394 1827 dixerim,
1411 1803 1509 1834 genus
1536 1807 1555 1826 a

91 1852 204 1883 genere
219 1848 391 1884 superatur.
416 1844 558 1875 mulieres
573 1851 676 1876 autem
694 1846 798 1875 multae
815 1845 920 1875 multis
936 1846 1007 1876 viris
1024 1846 1063 1875 ad
1092 1846 1189 1876 multa
1214 1847 1457 1886 praestantiores:
1483 1848 1554 1878 uni-

90 1906 210 1927 versum
224 1907 296 1928 vero
311 1897 412 1938 ipsum
429 1909 460 1929 se
477 1899 582 1935 habet,
597 1904 633 1929 ut
649 1899 739 1930 dicis.
785 1900 842 1930 So.
867 1899 997 1929 Nullum
1015 1899 1108 1940 igitur
1134 1905 1192 1936 est,
1209 1910 1227 1929 ο
1255 1900 1365 1936 amice,
1383 1901 1463 1931 inter
1488 1912 1554 1939 eos,

90 1950 144 1991 qui
172 1950 328 1982 civitatem
356 1958 478 1991 curant,
495 1953 630 1983 officium
657 1953 792 1984 mulieris
820 1953 990 1994 proprium,
1007 1963 1070 1994 qua.
1094 1953 1202 1984 mulier
1227 1959 1297 1993 cstj.
1320 1959 1374 1984 aut
1400 1955 1457 1985 viri
1484 1967 1556 1996 pro—

90 2003 205 2044 prium,
221 2014 283 2045 qua
299 2005 365 2035 vir:
389 2005 444 2036 sed
461 2016 549 2046 aeque
565 2007 712 2047 dispersae
738 2007 770 2036 in
797 2007 1008 2037 animantibus
1037 2007 1174 2048 utrisque
1200 2013 1334 2038 naturae:
1360 2014 1392 2039 et
1415 2010 1553 2040 omnium

91 2057 219 2099 quidem
235 2069 363 2099 operum
381 2066 491 2090 natura
507 2070 636 2100 compos
652 2066 699 2090 est
714 2061 842 2100 femina,
859 2061 998 2091 omnium
1014 2067 1046 2092 et
1063 2062 1106 2091 vir
1122 2068 1169 2092 est
1185 2072 1313 2103 compos
1330 2075 1336 2091 :
1362 2062 1393 2092 in
1410 2063 1555 2094 omnibus

87 2118 190 2144 autem
206 2114 391 2145 imbecillior
406 2114 531 2146 femina.
579 2115 692 2146 GLAU.
717 2116 768 2147 Sic
784 2122 830 2146 est
846 2126 980 2157 prorsuS.
1025 2116 1079 2147 So.
1102 2116 1187 2146 Num
1214 2116 1285 2147 viris
1309 2118 1414 2148 omnia
1440 2118 1551 2158 praeci-

91 2167 224 2209 piemuS‚
240 2167 358 2201 mulieri
375 2175 478 2200 autem
495 2169 598 2200 nihil?
645 2169 760 2201 Grau.
785 2170 829 2200 At
845 2171 1029 2212 quomodo?
1075 2171 1131 2201 So.
1156 2170 1213 2201 Est
1229 2171 1349 2212 utique,
1367 2177 1400 2201 ut
1425 2182 1481 2202 nos
1508 2183 1557 2203 as-

91 2231 237 2262 seremus,
249 2221 332 2253 inter
348 2222 490 2254 mulieres
506 2233 631 2264 quoque
647 2223 706 2253 alia
723 2224 886 2254 medicinae
903 2229 988 2264 apta,
1005 2224 1065 2254 alia
1091 2224 1216 2254 minime
1232 2236 1238 2254 :
1265 2224 1326 2254 alia
1353 2224 1481 2265 musica,
1497 2225 1558 2256 alia

91 2281 201 2306 natura
216 2286 233 2306 a
248 2277 366 2308 musica
381 2277 493 2310 aliena.
540 2277 653 2309 Gmu.
678 2278 822 2315 Quidni?
869 2279 925 2310 So.
951 2279 991 2308 Et
1015 2279 1076 2309 alia
1101 2279 1227 2320 quidem
1255 2280 1294 2309 ad
1321 2279 1559 2310 exercitationes

91 2331 301 2371 gymnasticas
316 2337 348 2361 et
362 2342 425 2362 reru
451 2332 612 2363 militarern'
641 2332 737 2375 [456]
766 2339 919 2374 prompta,
935 2333 996 2363 alia
1020 2344 1091 2364 vero
1115 2334 1155 2363 ad
1182 2334 1248 2363 haec
1276 2332 1394 2374 inepta.
1440 2333 1556 2365 Gustu.

91 2383 142 2414 Sic
158 2385 297 2415 arbitror.
341 2385 396 2417 So,
423 2385 473 2416 An
491 2396 553 2416 non
569 2391 602 2417 et
616 2397 677 2417 una
693 2388 819 2428 quidem
835 2388 999 2429 sapientire
1015 2388 1154 2418 studiosa
1169 2392 1227 2422 est,
1245 2386 1341 2417 altera
1368 2387 1553 2428 sapientiam

91 2438 233 2477 spernit:
257 2444 290 2469 et
306 2449 367 2469 una
383 2440 464 2470 elato
492 2441 608 2478 animo,
625 2441 723 2472 altera
749 2452 819 2472 vero
844 2442 1014 2483 depresso?
1060 2441 1175 2472 Gmu.
1198 2441 1240 2471 Et
1262 2441 1320 2471 hoc
1340 2451 1454 2470 assero.
1498 2441 1555 2473 So.

92 2489 150 2521 Est
165 2502 238 2532 ergo
253 2497 286 2522 et
302 2492 382 2523 inter
396 2494 525 2524 feminas
540 2495 683 2536 quaedam
699 2496 738 2525 ad
755 2496 994 2526 custodiendum
1011 2496 1136 2532 idonea,
1153 2495 1296 2536 quaedam
1320 2494 1457 2524 minime.
1501 2494 1554 2524 An

91 2555 155 2575 non
186 2551 325 2576 naturam
355 2548 514 2588 quandam
544 2549 725 2590 hujusmodi
753 2549 913 2581 civitatem
945 2549 1187 2580 custodientium
1218 2549 1351 2578 virorum
1379 2548 1530 2589 elegimus
1544 2549 1556 2578 ?

93 2598 209 2632 GLAU.
234 2599 435 2640 Ejuscemodi
451 2608 546 2633 certe.
592 2602 646 2634 Su.
671 2603 815 2635 Mulieris
831 2605 936 2645 itaque
952 2610 984 2634 et
999 2604 1054 2634 viri
1069 2604 1179 2634 eadem
1195 2604 1262 2633 haec
1278 2608 1387 2632 natura
1412 2602 1450 2632 ad
1477 2602 1558 2632 civi-

90 2657 185 2683 tatem
200 2655 436 2686 custodiendam
453 2668 460 2686 ;
485 2656 544 2686 nisi
560 2658 644 2698 quod
663 2658 841 2689 mulieribus
858 2664 892 2689 ut
906 2658 1174 2694 imbecillioribus,
1190 2657 1261 2687 viris
1278 2662 1312 2686 ut
1332 2656 1557 2686 robustioribus

89 2711 138 2737 est
153 2709 316 2741 utendum.
361 2709 477 2740 Gur.
503 2709 656 2751 Apparet.
698 2711 757 2742 So.
780 2712 932 2743 Mulieres
949 2712 1054 2752 itaque
1071 2711 1147 2741 tales
1162 2710 1315 2752 eligendae
1331 2715 1414 2747 sunt,
1433 2714 1466 2740 ut
1489 2720 1556 2740 una

92 2769 164 2798 cum
181 2761 250 2792 viris
264 2767 295 2792 et
309 2763 416 2794 colant
430 2770 461 2794 et
477 2765 657 2795 custodiant
671 2766 840 2807 civitatem,
856 2772 1022 2808 postquam
1038 2766 1162 2796 idoneae
1187 2770 1260 2796 sunt
1285 2770 1318 2795 et
1342 2770 1452 2795 natura
1479 2764 1556 2805 ipsis

93 2821 247 2855 cognatae.
293 2816 407 2849 GLAU.
435 2818 573 2851 Prorsus.
619 2819 676 2850 So.
697 2819 808 2852 Studia
834 2832 907 2852 vero
934 2830 1039 2850 nonne
1062 2820 1171 2851 eadem
1195 2819 1314 2850 naturis
1336 2818 1454 2849 eisdem
1482 2821 1558 2847 sunt

95 2867 280 2900 tribuenda?
326 2870 442 2902 Gau.
465 2872 596 2904 Eadem.
641 2872 696 2905 So.
722 2874 832 2916 Longo
849 2875 974 2906 taudem
990 2873 1121 2905 circuitu
1149 2873 1188 2904 ad
1217 2873 1318 2914 priora
1343 2871 1398 2902 illa
1424 2870 1555 2901 revoluti

97 2929 214 2959 sumus,
229 2925 501 2968 concessimusque
517 2927 600 2958 haud
616 2937 683 2960 esse
699 2933 807 2960 contra
822 2934 975 2965 naturam,
991 2932 1025 2958 ut
1041 2928 1205 2960 custodum
1221 2926 1364 2958 mulieres
1381 2923 1496 2955 musica
1523 2928 1556 2953 et
