1840 3225
168 195 266 246 672]
648 192 722 231 DE
753 189 983 229 LEGIBUS
1016 190 1116 230 LIB.
1148 191 1200 229 11.
1547 194 1623 231 309

167 297 220 330 Sic
235 297 364 329 omnino
376 307 517 329 necesse.
562 296 698 328 Arnen.
721 294 806 333 Quid
822 294 933 335 porro?
957 293 983 324 si
1003 293 1072 335 quis
1095 293 1245 326 rationem
1269 295 1336 337 ejus
1359 294 1473 336 quidve
1497 294 1625 332 habeat,

167 362 232 383 non
247 351 408 393 intelligit,
423 351 585 393 numquid,
599 349 683 392 quod
697 348 842 384 diximus,
854 358 917 389 quo
932 354 1026 389 pacto
1037 353 1120 380 recte
1132 358 1166 379 se
1181 349 1304 385 habeat,
1320 349 1350 380 in
1368 348 1473 391 aliquo
1487 359 1626 391 unquam

169 406 362 448 cognoscet?
407 406 484 438 Cn.
507 405 579 442 Quo
595 408 687 446 pacto
713 403 744 433 id
772 402 836 433 fieri
864 402 994 443 posset?
1054 402 1192 434 Arnen.
1216 402 1286 435 Hoc
1305 403 1412 445 itaque
1433 403 1564 435 nuncin
1580 403 1630 434 bis

169 460 328 492 invenisse
343 459 493 496 videmur,
507 460 589 500 quod
607 462 752 489 cantores
767 467 822 488 eos
837 457 985 493 seniores,
1002 467 1080 498 qnos
1091 457 1177 498 prius
1191 458 1319 499 quidem
1333 459 1479 488 nolentes
1495 459 1538 488 ita
1559 468 1630 499 pro-

169 525 328 552 vocamus,
340 520 376 545 ut
389 514 521 545 libenter
535 511 765 554 quodammodo
780 516 908 547 canant,
923 521 1019 552 usque
1036 511 1116 542 adeo
1128 512 1196 542 haec
1211 512 1358 542 didicisse
1370 522 1498 543 necesse
1513 519 1572 548 est,
1596 516 1632 542 ut

171 579 279 600 eorum
291 569 423 610 quilibet
435 573 498 598 tam
515 576 710 598 numerorum
735 576 918 607 progressus
933 571 966 596 et
986 567 1126 606 pondera
1141 576 1233 607 quam
1248 576 1341 596 sonos
1356 566 1462 596 fidium
1477 566 1634 596 harmoni-

173 634 226 654 cos
242 628 460 663 consequatur,
482 627 517 652 ut
539 625 712 652 concentus
728 625 761 651 et
786 630 932 651 numeros
953 620 1168 660 intelligentes
1192 619 1263 650 illos
1279 620 1393 660 eligere
1409 620 1542 661 possint,
1557 630 1636 661 quos

173 677 270 708 tantis
286 686 323 707 ac
338 675 455 706 talibus
469 675 631 706 decantari
646 679 811 716 oporteat3
834 679 928 716 atque
951 673 996 704 ita
1010 679 1160 705 canentes
1175 678 1207 704 et
1218 674 1279 715 ipsi
1295 674 1471 715 voluptates
1485 674 1637 705 innocuas

171 730 339 764 confestim
355 730 529 771 percipiant
553 737 587 760 et
595 730 727 771 juvenes
742 728 782 759 ad
798 729 910 770 probos
923 739 1024 759 mores
1039 727 1077 758 de
1095 728 1240 759 cantibus
1263 728 1438 769 perducant
1453 733 1485 759 et
1500 728 1639 760 oblecta-

172 785 295 816 mentis.
317 790 446 815 eatenus
469 789 573 815 autem
591 783 677 814 docti
693 783 939 825 exquisitiorem,
955 793 1047 824 quam
1071 783 1184 823 vulgus
1199 788 1231 813 et
1245 782 1348 823 poet-ce
1364 783 1426 824 ipsi
1440 782 1640 824 disciplinam

173 839 345 870 habebunt.
369 838 493 870 tertium
508 839 634 880 quidem
650 837 739 875 illud,
756 838 821 869 sive
845 838 928 868 bona
951 837 1015 867 sive
1039 837 1122 867 mala
1143 836 1278 867 imitatio
1295 836 1346 873 sit,
1362 848 1426 868 non
1440 843 1488 868 est
1503 848 1642 874 necesse,

175 898 210 925 ut
225 893 324 935 poe'ta
337 898 525 934 cognoscat:
551 898 738 924 concentum
764 903 837 923 vero
861 902 1086 932 numerumque
1113 901 1256 922 necesse.
1279 892 1331 922 isti
1347 898 1450 923 autem
1466 892 1571 922 omnia
1585 892 1642 923 tria

173 958 363 990 cognoscere
388 947 517 983 debent,
540 953 575 977 ut
597 948 752 988 optimum
766 952 799 978 et
815 947 986 977 secuudum
1011 946 1128 987 eligere
1145 952 1273 987 queant.
1299 946 1396 988 [671]
1422 947 1513 978 aliter
1536 952 1641 978 autem

171 1013 332 1044 nunquam
346 1002 545 1037 sufficienter,
561 1002 660 1032 veluti
674 1001 941 1032 incantationibus
963 1000 1163 1041 quibusdam,
1185 1005 1333 1041 poterunt
1354 1000 1505 1042 juvenum
1523 1002 1642 1032 animos

174 1057 213 1088 ad
231 1057 375 1087 virtutem
392 1057 529 1088 allicere.
567 1057 740 1091 enimvero,
768 1055 854 1096 quod
884 1055 923 1085 ab
949 1055 1041 1085 initio
1066 1054 1233 1092 voluimus,
1257 1061 1292 1086 ut
1318 1055 1468 1086 videlicet
1493 1055 1645 1098 Dionysii

177 1112 271 1142 choro
286 1116 401 1142 rectam
417 1121 511 1152 opem
527 1121 626 1141 sermo
644 1116 748 1142 noster
763 1110 898 1145 afferret,
916 1120 972 1151 pro
986 1109 1101 1140 viribus
1115 1110 1237 1140 dictum
1251 1115 1310 1140 est.
1334 1120 1440 1140 verum
1465 1110 1643 1141 considere-

179 1176 260 1202 mus,
275 1175 315 1196 an
330 1166 389 1196 hoc
402 1165 446 1195 ita
460 1166 503 1196 sit
517 1165 646 1196 factum.
670 1165 744 1195 talis
767 1164 874 1205 utique
897 1169 1072 1195 conventus
1101 1163 1260 1194 hominum
1284 1164 1461 1194 necessario
1485 1170 1645 1206 compota-

177 1220 264 1251 tione
281 1219 501 1261 progrediente
517 1219 724 1250 turbulentior
738 1218 899 1250 redditur:
924 1217 1008 1260 quod
1031 1223 1064 1248 et
1078 1228 1096 1248 a
1109 1218 1266 1259 principio
1286 1219 1505 1259 supposuimus
1529 1219 1559 1249 iu
1587 1220 1647 1257 his,

178 1285 250 1315 quae
267 1274 346 1305 fiunt
359 1274 466 1310 hodie,
481 1274 659 1304 necessario
674 1273 750 1304 fieri.
797 1272 876 1304 ΟΜ.
898 1271 1050 1302 Necesse.
1093 1271 1232 1303 Arnen.
1256 1271 1320 1303 Ubi
1334 1278 1418 1304 certe
1431 1274 1646 1316 unusquisque

179 1337 214 1358 se
230 1327 298 1368 ipso
315 1327 411 1358 levior
423 1327 526 1358 factus
540 1327 697 1357 extollitur
713 1331 746 1356 et
760 1327 896 1356 exsultat
911 1324 1104 1366 audaciaque
1120 1326 1269 1366 repletur,
1284 1336 1343 1357 nec
1357 1327 1445 1356 audit
1462 1327 1647 1368 proximum,

178 1381 235 1411 sed
251 1385 317 1411 tam
328 1380 379 1411 sui
395 1380 492 1422 ipsius
508 1391 602 1421 quam
619 1385 796 1411 ceterorum
811 1379 949 1410 omnium
965 1379 1080 1410 ducem
1091 1389 1125 1409 se
1142 1379 1346 1410 sufficientem
1357 1380 1525 1412 existimat.
1572 1381 1650 1413 Cu.

180 1434 314 1476 Absque
331 1434 441 1466 dubio.
484 1434 624 1466 Arum«.
653 1435 707 1465 An
733 1445 797 1465 non
819 1434 964 1469 diximus.
981 1433 1129 1475 quotiens
1143 1433 1205 1465 ista
1219 1434 1313 1475 fiunt,
1327 1435 1501 1466 bibentium
1518 1436 1649 1472 animos,

179 1489 264 1521 sicut
277 1489 311 1520 in
324 1490 396 1531 igne
419 1489 544 1525 ferrum,
561 1489 604 1519 ita
621 1489 694 1519 vino
707 1489 865 1519 ferventes
879 1487 1250 1530 mollioresjunioresque
1266 1489 1344 1526 fieri,
1358 1495 1390 1520 et
1399 1489 1513 1522 iccirco
1526 1491 1650 1522 facilius

181 1542 310 1580 deduci,
325 1542 425 1573 veluti
439 1541 566 1584 quando
578 1542 713 1584 juvenes
728 1547 837 1580 erant;
861 1542 887 1573 si
909 1542 979 1583 quis
1004 1547 1037 1572 et
1060 1542 1160 1583 possit
1183 1548 1215 1573 et
1237 1543 1317 1574 sciat
1332 1544 1453 1575 erudire
1470 1555 1523 1576 eos
1539 1555 1575 1576 ac
1592 1545 1652 1575 fin-

183 1607 256 1639 gere
269 1598 280 1627 ?
304 1597 441 1628 fictorem
456 1607 531 1628 vero
546 1597 682 1627 eundem
698 1607 777 1633 esse,
793 1596 846 1638 qui
863 1603 895 1627 et
918 1601 994 1628 tunc
1009 1597 1124 1638 probus
1153 1597 1312 1638 legislator
1329 1597 1501 1629 dicebatur.
1516 1599 1604 1641 cujus
1617 1600 1651 1630 in

186 1651 308 1692 legibus
321 1650 550 1692 compotationi
564 1650 676 1681 modus
697 1655 746 1681 est
766 1651 1027 1692 praescribendus,
1052 1654 1088 1681 ut
1109 1651 1231 1692 possint
1253 1652 1302 1681 hae
1327 1651 1410 1693 leges
1437 1653 1650 1684 confidentem

184 1704 276 1736 illum
291 1706 504 1747 audacemque
520 1712 553 1736 et
566 1705 840 1747 impudentiorem,
856 1716 949 1747 quam
973 1705 1096 1742 deceat,
1120 1705 1248 1743 factum,
1271 1707 1327 1747 qui
1351 1706 1491 1738 ordinem
1515 1708 1652 1739 vicissim

184 1759 220 1790 in
236 1759 373 1796 silentio,
389 1770 544 1796 sermone,
557 1759 792 1801 compotatione
813 1766 846 1790 et
861 1760 979 1791 musica
1002 1770 1122 1791 servare
1137 1771 1203 1791 non
1226 1761 1307 1798 vult,
1329 1762 1476 1793 cohibere
1492 1768 1585 1804 atque
1612 1762 1655 1793 ita

185 1815 350 1855 instruere,
367 1819 402 1844 ut
425 1819 533 1845 contra
548 1814 581 1844 in
602 1814 744 1845 omnibus
766 1814 869 1845 facere
894 1815 972 1845 velit
995 1825 1089 1856 quam
1111 1814 1230 1854 faciat3
1253 1821 1362 1846 contra
1389 1815 1602 1857 insurgentem
1617 1828 1654 1848 ac

186 1874 310 1910 turpem
339 1867 563 1899 confidentiam
592 1868 797 1899 admoventes
829 1868 970 1899 timorem
1001 1867 1152 1910 optimum
1175 1878 1245 1899 curn
1263 1868 1396 1910 justitia.
1421 1880 1515 1910 quem
1530 1869 1656 1911 quidem

188 1923 330 1954 timorem
359 1922 503 1953 divinum
539 1923 691 1964 pudorem
720 1928 753 1953 et
780 1923 1001 1954 verecundiam
1030 1922 1272 1954 nominavimus.
1329 1923 1406 1955 Cn.
1441 1925 1512 1960 Est,
1538 1930 1574 1955 ut
1598 1925 1657 1957 ais.

192 1976 270 2008 Aru
278 1987 335 2008 rm.
358 1977 478 2008 Harum
495 1977 599 2018 legum
620 1982 763 2008 auctores
778 1982 871 2019 atque
887 1978 1035 2008 custodes
1058 1987 1076 2008 a
1098 1977 1332 2018 perturbatione
1345 1983 1377 2008 et
1392 1977 1542 2009 ebrietate
1558 1989 1657 2010 renio-

195 2035 245 2062 tos
258 2040 329 2061 esse
343 2035 479 2071 oportet,
491 2030 721 2061 vinolentorum
737 2031 844 2062 duces.
867 2031 934 2062 sine
951 2031 1063 2073 quibus
1078 2037 1190 2062 contra
1205 2031 1383 2062 ebrietatem
1399 2042 1538 2073 pugnare
1553 2032 1660 2063 durius

193 2089 254 2121 est,
269 2094 366 2126 quam
380 2084 447 2116 siue
462 2085 597 2115 ducibus
612 2084 719 2115 sobriis
742 2097 811 2116 cum
828 2086 969 2116 hostibus
985 2086 1143 2116 dimicare.
1165 2085 1190 2116 si
1215 2085 1284 2127 quis
1300 2090 1402 2117 autem
1418 2096 1524 2128 neque
1539 2087 1658 2118 obtem·

192 2148 299 2181 perare
312 2138 391 2169 velit
414 2138 463 2168 his
477 2149 579 2180 neque
606 2138 736 2170 ducibus
753 2140 903 2182 Dionysii
931 2140 1013 2171 ultra
1035 2150 1134 2171 annos
1157 2140 1323 2181 sexaginta
1345 2141 1439 2177 natis,
1463 2141 1583 2183 aequale
1609 2143 1659 2173 vel

190 2193 285 2224 etiam
310 2193 411 2235 majus
440 2192 576 2224 dedecus
599 2193 688 2231 ferat,
713 2205 806 2235 quam
822 2194 876 2236 qui
900 2194 1031 2225 ducibus
1056 2194 1170 2225 Martis
1195 2205 1258 2224 non
1284 2200 1384 2236 paret.
1431 2195 1507 2227 CL1.
1542 2195 1658 2229 Recte.

194 2246 338 2278 Anu-m.
360 2247 491 2284 Nonne,
505 2248 533 2279 si
548 2248 622 2279 talis
638 2249 772 2280 ebrietas
787 2249 923 2291 talisque
941 2248 1031 2280 ludus
1046 2249 1256 2286 adhiberetur,
1272 2254 1501 2291 compotatores
1516 2260 1660 2292 maguam

196 2301 272 2332 inde
288 2302 456 2334 utilitatem
472 2305 648 2341 consecuti,
665 2310 697 2335 et
712 2305 830 2347 majori,
853 2315 945 2347 quam
962 2306 1058 2347 prius,
1074 2305 1208 2337 invicem
1231 2306 1449 2337 benevolentia
1465 2306 1580 2348 juncti,
1596 2317 1659 2337 non

195 2360 312 2392 autem,
326 2356 417 2387 sicuti
435 2368 530 2395 nunc,
563 2359 680 2390 inimici
705 2359 926 2391 discederent?
952 2360 1049 2403 [6⁷2]
1077 2371 1147 2391 cum
1171 2360 1307 2401 legitime
1332 2360 1465 2392 invicem
1487 2361 1661 2392 conversati

195 2414 301 2440 essent
315 2415 349 2440 et
362 2409 549 2442 ducentibus
565 2413 675 2443 sobriis
699 2414 865 2445 temulenti
891 2424 1016 2455 quoque
1039 2414 1161 2455 legibus
1186 2414 1464 2455 obtemperassent.
1509 2414 1584 2446 Cu.
1609 2415 1661 2446 Sic

198 2470 292 2500 certe,
309 2463 332 2494 si
349 2464 420 2495 talis
446 2470 530 2495 esset
550 2466 694 2502 ebrietas,
720 2467 845 2507 qualem
875 2468 970 2498 modo
994 2469 1151 2498 narrabas.
1199 2467 1339 2498 Arum.
1362 2467 1412 2499 Ne
1435 2468 1530 2510 igitur
1555 2468 1661 2500 Liberi

197 2518 295 2559 patris
312 2528 421 2549 munus
437 2519 621 2560 simpliciter
636 2520 681 2550 ita
698 2521 917 2564 vituperemus,
943 2523 1033 2564 quasi
1050 2523 1163 2553 malum
1188 2521 1228 2552 sit
1244 2533 1344 2564 neque
1359 2522 1500 2563 (lignum,
1517 2528 1552 2553 ut
1564 2523 1597 2554 in
1615 2524 1659 2555 ci-

198 2572 295 2603 vitate
312 2572 490 2614 recipiatur.
513 2575 599 2614 atqui
623 2575 713 2614 plura
739 2575 832 2607 etiam
859 2577 891 2607 in
918 2577 998 2608 hanc
1025 2577 1211 2608 sententiam
1236 2576 1339 2607 referri
1356 2582 1497 2618 possent,
1521 2578 1663 2619 quamvis

201 2626 366 2657 maximum
379 2626 461 2657 illud
475 2627 601 2663 bonum,
618 2628 704 2669 quod
720 2629 848 2670 largitur
863 2630 1052 2673 Dionysius),
1067 2631 1178 2662 efferre
1194 2630 1226 2661 in
1243 2631 1356 2661 multos
1368 2641 1474 2662 verear
1480 2642 1489 2670 ;
1513 2633 1660 2673 quoniam

201 2679 356 2717 homines,
373 2691 444 2711 cum
459 2680 627 2717 audierint,
651 2693 716 2713 non
738 2688 824 2714 recte
849 2685 1008 2726 accipiant
1032 2695 1091 2715 nec
1107 2684 1298 2726 intelligant.
1343 2684 1421 2716 CL1.
1444 2685 1531 2722 Quid
1555 2685 1661 2716 istud?

201 2732 339 2765 Arnim.
363 2733 484 2766 Rumor
497 2735 625 2776 quidam
640 2742 673 2767 et
687 2737 771 2768 fama
786 2738 918 2770 defluxit
933 2740 972 2770 ad
990 2750 1060 2776 nos,
1077 2741 1158 2770 hunc
1175 2738 1280 2770 Deum
1293 2749 1312 2770 a
1327 2749 1459 2771 noverca
1480 2739 1606 2771 Junone
1621 2751 1660 2770 ex

201 2786 298 2817 animi
311 2788 468 2819 sententia
483 2789 557 2820 olim
574 2790 769 2822 deturbatum
785 2791 893 2829 fuisse,
910 2798 1002 2834 atque
1016 2793 1130 2825 iccirco
1145 2793 1318 2824 ulciscendi
1335 2793 1433 2834 gratia
1447 2793 1661 2824 bacchationis

200 2840 344 2872 choream
357 2852 481 2874 omnem
496 2845 711 2885 queinsauiam
726 2845 937 2885 induxisse‚et
950 2849 1054 2878 vinum
1065 2848 1104 2878 ad
1122 2848 1180 2878 hoe
1197 2847 1300 2889 ipsum
1314 2847 1469 2878 tribuisse.
1485 2858 1544 2888 ego
1559 2853 1662 2878 autem

203 2894 270 2925 haec
285 2895 348 2926 illis
364 2896 500 2934 dimitto,
516 2899 570 2940 qui
586 2904 686 2931 tutum
703 2900 888 2932 arbitrantur
904 2902 979 2933 talia
994 2902 1033 2933 de
1052 2902 1121 2933 Diis
1137 2902 1253 2934 dicere.
1274 2902 1352 2933 illud
1370 2907 1472 2932 tamen
1487 2901 1562 2938 scio,
1579 2902 1663 2943 quod

204 2948 324 2981 nullum
340 2950 456 2984 animal
471 2963 540 2984 cum
557 2958 645 2985 tanta
661 2965 696 2987 ac
710 2955 765 2986 tali
781 2955 918 2988 nascitur
945 2956 1165 2997 intelligentia,
1191 2961 1308 2999 quanta
1333 2962 1364 2987 ct
1386 2955 1486 2997 qualis
1502 2955 1569 2991 sibi,
1592 2966 1662 2988 cuni
