1840 3225
210 219 260 255 52
677 211 900 250 INCERTI
932 209 1204 248 Aucroars
1571 212 1669 262 [124

204 318 331 359 quidam
348 316 460 359 gravis,
476 326 558 347 unus
574 326 609 346 ex
626 315 677 355 iis,
693 314 746 357 qui
764 314 803 346 ad
820 313 982 346 Persarum
1006 324 1110 355 regern
1133 311 1266 354 profecti
1294 316 1394 349 erant,
1415 321 1449 343 se
1475 312 1665 355 quandoque

201 371 356 412 integmm
372 381 461 412 paene
478 370 573 407 diem,
590 369 683 401 latam
699 379 735 400 ac
751 368 884 400 fertilem
900 378 1078 410 peragrasse
1105 366 1308 409 provinciam,
1324 376 1418 408 quam
1433 364 1544 398 incolae
1562 366 1665 398 uxoris

201 424 294 466 regia>
309 424 423 456 Zonam
440 423 612 465 appellant.
636 433 703 454 esse
718 433 844 464 quoque
860 422 966 459 aliam,
982 422 1107 453 nomine
1124 421 1309 464 Calyptram
1324 420 1347 452 i.
1365 430 1393 452 e.
1418 426 1560 452 ornatum
1580 421 1667 463 capi-

202 475 243 508 tis
256 477 436 508 muliebrem
449 489 455 507 :
481 481 576 518 atque
591 476 635 508 ita
651 477 763 507 multas
780 477 855 508 alias
868 477 1012 517 regiones
1028 476 1172 517 pulchras
1188 486 1224 507 ac
1240 475 1355 506 fertiles
1371 475 1411 505 ad
1427 479 1569 506 ornatum
1585 475 1664 516 regi-

201 541 252 562 nae
269 531 371 562 referri
386 529 576 572 nominaque
593 530 723 571 singulis
738 530 815 562 locis
844 541 862 561 a
890 529 1020 571 singulis
1036 529 1226 561 ornamentis
1242 529 1396 570 imposita.
1440 528 1664 569 Quamobrem,

205 583 330 625 opinor,
347 585 372 615 si
387 584 457 626 quis
473 584 591 616 dleeret
607 583 769 615 Amistridi
786 583 895 614 Xerxis
911 584 1038 624 quidem
1056 583 1154 620 uxori,
1170 583 1249 624 regis
1275 588 1378 614 autem
1394 582 1496 620 matri,
1511 581 1663 614 Dinoma-

202 638 275 668 ches
291 637 387 668 filium
404 638 435 668 in
451 638 555 668 animo
571 638 685 668 habere
701 648 772 668 cum
789 648 845 668 suo
862 647 1001 678 pugnare
1016 649 1023 667 :
1050 647 1120 668 cum
1136 636 1328 668 Dinomachi
1349 641 1475 668 ornatus
1489 636 1571 668 adsit
1583 635 1664 667 forte

201 690 430 732 quinquaginta
440 691 593 722 minarum
608 702 617 729 3
642 691 704 726 filio
720 701 792 721 vero
812 690 877 731 agri
893 690 1015 732 plethra
1029 690 1061 720 in
1077 689 1232 721 Erchiasis
1259 689 1360 721 minus
1384 700 1478 732 quam
1501 694 1639 721 trecenta
1654 700 1662 720 :

200 754 269 775 eam
291 744 522 785 admiraturam‚
539 755 602 786 qua
615 754 647 775 re
662 744 759 775 fretus
774 743 957 775 Alcibiades
979 744 1095 775 audeat
1120 754 1190 775 cum
1215 743 1386 774 Artaxerxe
1412 753 1562 785 pugnare.
1585 753 1666 774 reor-

200 807 262 838 que
276 797 363 828 illam
387 798 614 834 arbitraturam,
631 798 715 829 hunc
732 797 828 828 virum
851 798 885 828 in
909 798 995 828 nulla
1020 797 1080 828 alia
1103 807 1147 834 re,
1171 797 1232 828 nisi
1255 796 1419 838 diligentia
1434 796 1664 838 sapientiaque,

198 851 351 883 confisum
367 852 398 882 id
414 852 564 893 aggredi:
590 853 657 882 haec
674 852 794 893 quippe
821 851 887 882 sola
915 852 998 894 apud
1023 851 1150 883 Graecos
1174 850 1379 882 aestimatione
1401 851 1498 892 digna
1523 850 1665 883 existere.

201 906 298 942 Quod
314 905 340 936 si
354 906 433 937 sorte
448 904 570 937 audiret
587 905 787 937 Alcibiadem
799 906 891 936 istum
909 911 1065 937 certamen
1081 910 1202 936 tanturn
1219 905 1308 942 inire,
1327 906 1425 946 primo
1441 905 1568 946 quidem
1584 914 1663 935 non·

198 958 274 992 dum
289 958 425 1000 integros
439 959 549 1000 viginti
564 969 662 990 annos
678 963 784 990 natum
801 970 807 990 :
833 959 949 990 deinde
975 959 1102 990 omnino
1125 959 1300 996 indoctum,
1316 969 1375 990 nec
1400 958 1500 990 amico
1514 969 1572 990 suo
1588 958 1663 990 obe-

200 1011 351 1053 dientem,
366 1012 485 1043 dicenti
510 1012 594 1054 prius
620 1013 804 1044 discendum
828 1013 1111 1054 exercendumque,
1127 1023 1221 1055 quam
1246 1017 1367 1043 tantum
1395 1023 1499 1054 regem
1513 1012 1661 1044 invadat:

199 1065 329 1096 arbitror
354 1065 438 1097 illam
462 1066 668 1097 admiratione
696 1067 852 1098 concitam
876 1066 1146 1108 interrogaturam,
1162 1067 1312 1109 quidnam
1334 1067 1387 1108 sit,
1401 1078 1464 1108 quo
1480 1067 1663 1108 adolescens

196 1119 258 1150 iste
275 1118 425 1152 confidat.
468 1119 529 1150 Cui
544 1119 570 1150 si
586 1120 857 1160 responderemus,
874 1119 1121 1161 pulchritudine,
1138 1120 1334 1162 proceritate,
1346 1120 1664 1162 nobilitate,divitiis,

199 1172 304 1202 animo
320 1177 351 1203 te
366 1173 460 1204 fidere
475 1184 482 1203 ε
508 1183 578 1214 nos,
595 1184 613 1204 o
631 1172 828 1213 Alcibiades,
840 1173 975 1205 insanire
991 1179 1126 1215 putaret,
1148 1175 1216 1206 haec
1231 1176 1315 1216 apud
1332 1185 1405 1206 suos
1419 1174 1524 1207 omnia
1539 1174 1661 1216 potiora

200 1225 413 1266 conspIciens.
448 1226 634 1268 Eodemque
649 1227 743 1258 modo
761 1227 991 1269 Lampidonem
1008 1227 1214 1270 Leotychidae
1229 1228 1336 1266 filiam,
1360 1228 1458 1270 [124]
1482 1227 1663 1260 Archidami

198 1289 271 1310 vero
288 1289 424 1319 uxorem,
438 1279 552 1320 Agidis
565 1285 669 1311 autem
683 1286 821 1319 matrem,
838 1281 893 1322 qui
909 1291 1016 1312 omnes
1031 1292 1119 1323 reges
1134 1281 1291 1322 exstitere,
1306 1282 1495 1319 miraturum,
1518 1292 1588 1318 cum
1604 1291 1661 1312 no-

197 1331 238 1363 rit
252 1331 356 1373 qualia
371 1332 453 1364 circa
469 1343 501 1363 se
517 1338 601 1370 sunt,
618 1339 649 1364 te
666 1339 727 1364 tam
748 1334 827 1364 male
855 1334 1040 1365 instructum
1056 1334 1120 1365 filio
1137 1345 1193 1366 suo
1208 1345 1271 1365 non
1287 1335 1430 1366 dubitare
1447 1334 1563 1366 bellum
1577 1334 1661 1371 indi-

196 1394 279 1415 cere.
324 1385 425 1426 Atqui
441 1396 544 1417 nonne
562 1391 651 1428 turpe
668 1387 801 1423 videtur,
817 1386 844 1417 si
871 1387 1006 1418 hostium
1035 1387 1177 1419 mulieres
1202 1388 1314 1420 rectIus
1339 1389 1380 1419 de
1406 1389 1496 1419 nobis
1509 1388 1662 1428 sentiunt,

196 1448 290 1479 quam
307 1448 363 1468 nos
378 1439 452 1479 ipsi,
466 1440 729 1480 quemadmodum
745 1445 853 1471 contra
868 1440 938 1471 illos
954 1451 1011 1471 nos
1033 1440 1117 1482 ipsos
1140 1441 1303 1483 accingere
1329 1441 1523 1472 debeamus?
1567 1441 1661 1473 Cete-

197 1501 277 1528 rum,
293 1503 311 1523 o
328 1492 431 1532 beate,
447 1492 523 1523 mihi
539 1503 662 1534 parens,
679 1498 710 1523 et
726 1492 783 1530 illi,
798 1494 883 1534 quod
900 1493 932 1523 in
957 1493 1092 1534 Delphis
1117 1499 1175 1530 est,
1190 1495 1416 1535 epigrammati,
1431 1494 1538 1526 Nosce
1559 1499 1589 1526 te
1610 1493 1660 1535 ip-

196 1554 264 1575 sum
281 1557 287 1576 :
311 1546 458 1587 quoniam
474 1545 495 1576 ii
511 1551 583 1576 sunt
599 1546 763 1576 adversarii
780 1546 887 1582 nostri,
904 1556 967 1576 non
979 1557 1058 1587 quos
1075 1546 1141 1587 ipse
1156 1547 1269 1578 rebaris
1284 1558 1293 1580 ς
1316 1558 1396 1588 quos
1419 1547 1546 1588 quidem
1574 1547 1662 1578 nulla

196 1609 228 1632 re
245 1599 316 1634 alia,
334 1599 393 1630 nisi
409 1599 563 1630 industria
579 1605 611 1630 et
630 1604 706 1636 arte,
722 1610 865 1640 superare
883 1610 1056 1640 possumus.
1081 1600 1193 1641 quibus
1219 1600 1360 1642 profecto
1376 1601 1402 1631 si
1416 1600 1541 1632 inferior
1556 1600 1662 1636 fueris,

196 1651 294 1692 gloria
309 1647 435 1693 quoq'ue
451 1653 535 1693 apud
553 1652 679 1684 Graecos
695 1659 727 1683 ct
743 1653 894 1684 Barbaros
910 1654 964 1684 tibi
982 1653 1081 1684 deerit
1097 1665 1103 1683 :
1130 1663 1223 1695 quam
1248 1654 1292 1685 sic
1315 1655 1460 1685 ardenter
1474 1654 1588 1686 videris
1602 1665 1659 1696 ap·

197 1710 316 1746 petere,
333 1710 366 1736 ut
382 1716 472 1737 nemo
491 1716 627 1748 unquam
650 1706 767 1748 aliquid
783 1707 942 1739 ardentius
967 1708 1193 1748 concupiverit.
1239 1707 1304 1738 Ar..
1328 1707 1430 1744 Quam
1447 1707 1540 1750 igitur
1554 1718 1659 1746 curam

197 1758 407 1799 adhibendam
426 1770 545 1797 censeS,
562 1772 580 1791 o
594 1760 735 1792 Socrates
749 1761 759 1790 ?
808 1761 856 1791 An
875 1765 964 1802 potes
981 1762 1145 1792 ostendere
1159 1762 1170 1791 ?
1194 1760 1268 1792 mihi
1284 1761 1366 1792 enim
1383 1772 1474 1803 supra
1490 1773 1582 1803 quam
1595 1762 1660 1794 dici

196 1811 308 1852 possit,
322 1823 393 1844 vcra
415 1813 528 1844 dixisse
544 1814 668 1845 videris.
713 1815 768 1847 So.
794 1815 925 1846 Possum
950 1815 1088 1856 quidem.
1115 1825 1217 1853 verum
1245 1815 1404 1846 communi
1430 1816 1563 1847 consilio
1579 1826 1658 1858 opus

197 1871 256 1901 est,
272 1876 335 1907 qua
350 1867 468 1897 ratione
481 1877 574 1908 quam
592 1867 702 1908 optimi
720 1868 899 1899 efficiamur.
924 1879 982 1909 ego
999 1869 1081 1899 enim
1098 1879 1160 1899 non
1177 1874 1207 1899 te
1223 1873 1356 1905 tantum,
1373 1879 1476 1900 verum
1493 1869 1586 1900 etiam
1610 1881 1658 1901 me

197 1919 366 1960 disciplina
381 1921 520 1961 indigere
536 1921 619 1953 dico.
643 1931 713 1951 nam
730 1932 825 1952 unum
843 1922 941 1953 solum
958 1927 1016 1958 est,
1032 1932 1094 1962 quo
1109 1933 1126 1953 a
1143 1928 1172 1952 te
1188 1922 1310 1953 differo.
1356 1922 1420 1955 Αι..
1445 1923 1530 1960 Quid
1545 1924 1555 1953 ?
1600 1924 1657 1955 So.

198 1972 329 2003 Curator
345 1984 431 2004 meus
447 1974 555 2004 melior
570 1979 617 2004 est
641 1980 672 2005 et
696 1975 867 2016 sapientior
889 1986 982 2017 quam
1013 1981 1084 2005 tuus
1112 1976 1259 2007 Pericles.
1303 1976 1366 2006 AL.
1392 1976 1470 2013 Quis
1486 1976 1549 2013 hic,
1565 1987 1584 2007 o
1599 1977 1658 2008 So-

197 2027 318 2057 crates?
363 2027 422 2058 So.
447 2025 546 2063 Deus,
564 2038 582 2058 o
599 2027 792 2065 Alcibiades,
810 2028 863 2069 qui
880 2039 928 2060 me
947 2029 1043 2059 vetuit
1059 2034 1131 2060 ante
1153 2030 1236 2060 hunc
1261 2029 1342 2059 diem
1360 2034 1461 2060 tecum
1487 2029 1656 2060 disserere:

197 2079 247 2110 cui
264 2079 394 2110 credens
411 2090 511 2110 assero
529 2086 558 2110 te
576 2091 629 2120 per
646 2081 765 2111 nullum
782 2082 890 2119 alium,
905 2083 964 2112 nisi
979 2093 1032 2123 per
1047 2093 1109 2119 me,
1125 2082 1293 2113 claritatem
1310 2088 1560 2115 consecuturum.
1594 2083 1659 2113 Ax..

196 2131 358 2169 Jocaris,o
375 2133 527 2165 Socrate&
572 2135 626 2164 So.
651 2135 813 2166 Forsitan:
839 2147 910 2167 vera
939 2141 1042 2166 tamen
1068 2136 1191 2177 loquor,
1209 2136 1293 2176 quod
1322 2137 1412 2166 ambo
1435 2136 1595 2167 curatione
1610 2137 1657 2166 in-

195 2185 359 2226 digemus:
384 2186 477 2216 immo
503 2188 643 2217 hominm
673 2189 817 2225 universi,
835 2195 969 2220 ceterum
1001 2200 1055 2219 nos
1071 2188 1341 2230 quamplurimum.
1387 2188 1451 2219 AL.
1477 2190 1571 2226 Quod
1587 2189 1657 2230 qui-

195 2238 266 2268 dem
293 2249 351 2279 ego
378 2238 546 2280 indigeam,
576 2242 818 2283 haudquaquam
849 2243 998 2273 mentiris.
1043 2242 1098 2273 So.
1124 2242 1234 2282 Neque
1259 2243 1365 2282 etiam,
1385 2242 1469 2283 quod
1493 2253 1552 2283 ego
1577 2243 1656 2283 ipse.

195 2289 260 2322 AL.
285 2292 370 2327 Quid
388 2292 480 2333 igitur
495 2295 672 2334 agendum?
718 2296 774 2326 So.
802 2295 869 2326 Noc
885 2296 1103 2331 lraesitandum,
1120 2305 1220 2335 neque
1230 2295 1321 2325 etiam
1340 2295 1478 2326 mollitiae
1490 2295 1656 2337 indulgen-

195 2343 268 2373 dum
285 2350 345 2384 est,
362 2356 379 2375 o
395 2346 505 2377 amice.
554 2347 619 2377 Ar.
645 2348 717 2377 Non
735 2349 838 2385 dccet,
855 2360 872 2379 o
891 2349 1045 2380 Socrates.
1091 2347 1148 2378 So.
1174 2347 1247 2378 Non
1271 2353 1353 2378 certe
1372 2359 1379 2377 ε
1403 2348 1458 2378 sed
1475 2348 1563 2378 simul
1580 2359 1656 2380 con-

195 2396 403 2428 siderandum.
452 2399 569 2430 Verum
586 2401 636 2430 dic
662 2401 749 2437 mihi,
777 2412 816 2431 an
843 2402 954 2442 optimi
981 2412 1048 2432 esse
1081 2401 1244 2431 volumus?
1291 2401 1318 2430 Λ
1327 2410 1356 2432 12.
1389 2400 1490 2433 Certe.
1537 2401 1592 2434 Se.
1618 2402 1657 2433 In

195 2459 256 2490 qua
272 2450 445 2481 facultate?
492 2452 555 2483 AL.
580 2454 652 2490 Qua
671 2453 816 2486 videlicet
831 2455 886 2485 viri
911 2455 994 2485 boni.
1043 2455 1098 2485 So.
1125 2454 1270 2490 Quanam
1294 2454 1325 2484 iu
1351 2464 1381 2484 re
1399 2454 1483 2484 boni.
1528 2454 1592 2488 At..
1617 2455 1655 2486 In

194 2503 283 2532 rebus
296 2504 435 2543 agendis,
481 2506 536 2536 So.
561 2505 598 2535 In
625 2506 762 2547 quibus?
788 2518 861 2537 num
888 2507 919 2536 in
943 2507 1077 2547 equestri
1101 2507 1253 2547 negotio?
1301 2509 1365 2538 Al..
1391 2506 1476 2539 Non.
1521 2507 1578 2538 So.
1602 2507 1655 2539 Ad

195 2561 351 2595 equestres
367 2558 450 2587 enim
466 2557 588 2589 iremus.
637 2559 701 2590 AL.
726 2560 883 2591 Profecto.
928 2560 982 2591 So·
1009 2560 1161 2601 Nunquid
1179 2561 1209 2590 in
1227 2561 1313 2590 navis
1328 2560 1552 2601 gubernatione
1566 2561 1652 2594 dice-

194 2608 273 2638 bas?
319 2608 383 2640 AL.
420 2609 639 2652 Nequaquam.
685 2613 741 2644 So.
764 2614 816 2644 Ad
841 2619 951 2645 nautas
981 2614 1062 2644 enim
1093 2614 1216 2645 iremus.
1263 2614 1326 2647 AL.
1359 2613 1488 2648 Iremus.
1531 2614 1588 2648 So.
1612 2613 1651 2644 In

194 2670 257 2701 quo
281 2671 354 2702 ergo
381 2664 519 2703 negotio,
536 2669 567 2694 et
592 2676 724 2706 quorum
751 2666 910 2696 hominum
935 2666 1061 2704 ossi-cio?
1107 2667 1170 2699 Ari.
1196 2666 1234 2696 In
1259 2667 1307 2703 iis,
1323 2676 1393 2708 quae
1416 2666 1492 2697 clari
1516 2666 1652 2708 bonique

194 2713 435 2745 Atheniensium
451 2716 505 2745 viri
521 2724 628 2758 agunt.
673 2719 726 2750 So.
753 2719 860 2750 Claros
885 2719 980 2761 [125]
1003 2730 1038 2751 ac
1056 2720 1154 2750 bonos
1172 2721 1378 2761 prudentesne
1388 2729 1428 2750 an
1442 2719 1654 2761 imprudentes

194 2767 357 2808 appellas?
402 2768 468 2801 AL.
494 2769 679 2803 Prudentes.
725 2773 782 2804 So.
807 2773 844 2804 In
861 2783 923 2814 quo
940 2773 1072 2814 quisque
1090 2775 1238 2814 prudens,
1254 2774 1286 2804 in
1303 2773 1412 2808 eodem
1429 2773 1549 2804 bonus?
1586 2773 1652 2804 At..

194 2819 297 2851 Certe.
342 2820 397 2852 So.
423 2821 606 2862 imprudens
629 2831 731 2856 autem
763 2827 883 2857 malus?
929 2826 992 2858 Ar..
1021 2827 1137 2857 Malus.
1184 2827 1240 2858 So.
1266 2826 1448 2858 Calceorum
1474 2831 1558 2857 sutor
1580 2836 1653 2868 pru-

195 2874 271 2904 dens
289 2874 327 2905 ad
344 2874 516 2907 calceorum
536 2878 635 2917 opus>
685 2879 745 2910 Λι.
772 2880 910 2912 Prorsus.
957 2880 1012 2912 So.
1040 2881 1146 2912 Bonus
1164 2891 1236 2921 ergo
1254 2881 1291 2911 ad
1309 2880 1397 2912 lunc?
1445 2879 1508 2910 Ar..
1533 2879 1654 2911 Bonus.
