<?xml version="1.0" encoding="UTF-8"?>
<!DOCTYPE html PUBLIC "-//W3C//DTD XHTML 1.0 Transitional//EN"
    "http://www.w3.org/TR/xhtml1/DTD/xhtml1-transitional.dtd">
<html xmlns="http://www.w3.org/1999/xhtml" xml:lang="en" lang="en">
 <head>
  <title>
</title>
<meta http-equiv="Content-Type" content="text/html;charset=utf-8" />
  <meta name='ocr-system' content='tesseract 3.04.00' />
  <meta name='ocr-capabilities' content='ocr_page ocr_carea ocr_par ocr_line ocrx_word'/>
</head>
<body>
  <div class='ocr_page' id='page_1' title='image "./platonisetquaeve11plat_0489.png"; bbox 0 0 1840 3225; ppageno 0'>
   <div class='ocr_carea' id='block_1_1' title="bbox 229 217 1688 269">
    <p class='ocr_par' dir='ltr' id='par_1_1' title="bbox 229 217 1688 269">
     <span class='ocr_line' id='line_1_1' title="bbox 229 217 1688 269; baseline -0.007 -7"><span class='ocrx_word' id='word_1_1' title='bbox 229 219 324 269; x_wconf 87' lang='lat'>315]</span> <span class='ocrx_word' id='word_1_2' title='bbox 793 222 1051 260; x_wconf 72' lang='lat' dir='ltr'><strong>EPlsTOLA</strong></span> <span class='ocrx_word' id='word_1_3' title='bbox 1087 221 1158 259; x_wconf 82' lang='lat'><strong>111.</strong></span> <span class='ocrx_word' id='word_1_4' title='bbox 1612 217 1688 253; x_wconf 78' lang='lat'><strong>473</strong></span> 
     </span>
    </p>
   </div>
   <div class='ocr_carea' id='block_1_2' title="bbox 214 320 1692 1917">
    <p class='ocr_par' dir='ltr' id='par_1_2' title="bbox 214 320 1692 1917">
     <span class='ocr_line' id='line_1_2' title="bbox 219 320 1685 365; baseline 0.003 -14"><span class='ocrx_word' id='word_1_5' title='bbox 219 325 256 351; x_wconf 86' lang='lat' dir='ltr'><strong>ut</strong></span> <span class='ocrx_word' id='word_1_6' title='bbox 280 331 353 352; x_wconf 85' lang='lat' dir='ltr'><strong>mea</strong></span> <span class='ocrx_word' id='word_1_7' title='bbox 376 321 437 352; x_wconf 81' lang='lat' dir='ltr'><strong>sert</strong></span> <span class='ocrx_word' id='word_1_8' title='bbox 460 322 576 362; x_wconf 88' lang='lat' dir='ltr'><strong>opinio,</strong></span> <span class='ocrx_word' id='word_1_9' title='bbox 603 332 673 363; x_wconf 85' lang='lat' dir='ltr'><strong>quae</strong></span> <span class='ocrx_word' id='word_1_10' title='bbox 697 321 783 353; x_wconf 80' lang='lat' dir='ltr'><strong>dicta</strong></span> <span class='ocrx_word' id='word_1_11' title='bbox 797 320 838 351; x_wconf 85' lang='lat' dir='ltr'><strong>ad</strong></span> <span class='ocrx_word' id='word_1_12' title='bbox 855 321 1006 361; x_wconf 89' lang='lat' dir='ltr'><strong>populum</strong></span> <span class='ocrx_word' id='word_1_13' title='bbox 1021 321 1120 359; x_wconf 75' lang='lat' dir='ltr'><strong>magis</strong></span> <span class='ocrx_word' id='word_1_14' title='bbox 1135 320 1268 351; x_wconf 85' lang='lat' dir='ltr'><strong>ridicula</strong></span> <span class='ocrx_word' id='word_1_15' title='bbox 1283 321 1469 352; x_wconf 81' lang='lat' dir='ltr'><strong>videantur:</strong></span> <span class='ocrx_word' id='word_1_16' title='bbox 1493 333 1597 365; x_wconf 80' lang='lat' dir='ltr'><strong>neque</strong></span> <span class='ocrx_word' id='word_1_17' title='bbox 1614 335 1685 365; x_wconf 64' lang='lat' dir='ltr'><strong>quae</strong></span> 
     </span>
     <span class='ocr_line' id='line_1_3' title="bbox 221 374 1686 419; baseline 0.002 -14"><span class='ocrx_word' id='word_1_18' title='bbox 221 375 309 416; x_wconf 75' lang='lat' dir='ltr'><strong>apud</strong></span> <span class='ocrx_word' id='word_1_19' title='bbox 337 375 492 417; x_wconf 88' lang='lat' dir='ltr'><strong>ingenuos</strong></span> <span class='ocrx_word' id='word_1_20' title='bbox 513 377 636 418; x_wconf 82' lang='lat' dir='ltr'><strong>prolata</strong></span> <span class='ocrx_word' id='word_1_21' title='bbox 659 376 760 417; x_wconf 86' lang='lat' dir='ltr'><strong>magis</strong></span> <span class='ocrx_word' id='word_1_22' title='bbox 789 374 947 405; x_wconf 83' lang='lat' dir='ltr'><strong>mirabilia</strong></span> <span class='ocrx_word' id='word_1_23' title='bbox 972 380 1004 403; x_wconf 89' lang='lat' dir='ltr'><strong>et</strong></span> <span class='ocrx_word' id='word_1_24' title='bbox 1031 374 1150 403; x_wconf 83' lang='lat' dir='ltr'><strong>divina.</strong></span> <span class='ocrx_word' id='word_1_25' title='bbox 1174 384 1258 414; x_wconf 73' lang='lat' dir='ltr'><strong>saepe</strong></span> <span class='ocrx_word' id='word_1_26' title='bbox 1288 385 1362 405; x_wconf 74' lang='lat' dir='ltr'><strong>vero</strong></span> <span class='ocrx_word' id='word_1_27' title='bbox 1390 376 1475 407; x_wconf 91' lang='lat' dir='ltr'><strong>dicta</strong></span> <span class='ocrx_word' id='word_1_28' title='bbox 1501 387 1686 419; x_wconf 82' lang='lat' dir='ltr'><strong>semperque</strong></span> 
     </span>
     <span class='ocr_line' id='line_1_4' title="bbox 220 427 1687 472; baseline 0.003 -13"><span class='ocrx_word' id='word_1_29' title='bbox 220 427 330 460; x_wconf 77' lang='lat' dir='ltr'><strong>audita</strong></span> <span class='ocrx_word' id='word_1_30' title='bbox 354 435 387 460; x_wconf 86' lang='lat' dir='ltr'><strong>et</strong></span> <span class='ocrx_word' id='word_1_31' title='bbox 413 430 519 461; x_wconf 76' lang='lat' dir='ltr'><strong>multis</strong></span> <span class='ocrx_word' id='word_1_32' title='bbox 541 431 631 461; x_wconf 83' lang='lat' dir='ltr'><strong>annis</strong></span> <span class='ocrx_word' id='word_1_33' title='bbox 653 429 704 460; x_wconf 83' lang='lat' dir='ltr'><strong>vix</strong></span> <span class='ocrx_word' id='word_1_34' title='bbox 729 428 868 464; x_wconf 81' lang='lat' dir='ltr'><strong>tandem,</strong></span> <span class='ocrx_word' id='word_1_35' title='bbox 891 428 979 457; x_wconf 84' lang='lat' dir='ltr'><strong>velut</strong></span> <span class='ocrx_word' id='word_1_36' title='bbox 994 437 1116 463; x_wconf 88' lang='lat' dir='ltr'><strong>aurum,</strong></span> <span class='ocrx_word' id='word_1_37' title='bbox 1133 437 1333 469; x_wconf 68' lang='lat' dir='ltr'><strong>cummagno</strong></span> <span class='ocrx_word' id='word_1_38' title='bbox 1351 430 1456 461; x_wconf 89' lang='lat' dir='ltr'><strong>labore</strong></span> <span class='ocrx_word' id='word_1_39' title='bbox 1472 432 1687 472; x_wconf 76' lang='lat' dir='ltr'><strong>purificantur.</strong></span> 
     </span>
     <span class='ocr_line' id='line_1_5' title="bbox 219 481 1687 524; baseline 0.004 -13"><span class='ocrx_word' id='word_1_40' title='bbox 219 492 292 512; x_wconf 80' lang='lat' dir='ltr'><strong>nam</strong></span> <span class='ocrx_word' id='word_1_41' title='bbox 308 484 390 523; x_wconf 85' lang='lat' dir='ltr'><strong>quod</strong></span> <span class='ocrx_word' id='word_1_42' title='bbox 407 483 440 514; x_wconf 89' lang='lat' dir='ltr'><strong>in</strong></span> <span class='ocrx_word' id='word_1_43' title='bbox 455 484 513 514; x_wconf 88' lang='lat' dir='ltr'><strong>hac</strong></span> <span class='ocrx_word' id='word_1_44' title='bbox 527 494 561 514; x_wconf 90' lang='lat' dir='ltr'><strong>re</strong></span> <span class='ocrx_word' id='word_1_45' title='bbox 580 484 720 514; x_wconf 80' lang='lat' dir='ltr'><strong>mirabile</strong></span> <span class='ocrx_word' id='word_1_46' title='bbox 732 483 915 523; x_wconf 87' lang='lat' dir='ltr'><strong>contingere</strong></span> <span class='ocrx_word' id='word_1_47' title='bbox 927 481 1101 517; x_wconf 80' lang='lat' dir='ltr'><strong>consuevit,</strong></span> <span class='ocrx_word' id='word_1_48' title='bbox 1112 481 1146 511; x_wconf 87' lang='lat' dir='ltr'><strong>id</strong></span> <span class='ocrx_word' id='word_1_49' title='bbox 1159 481 1243 512; x_wconf 85' lang='lat' dir='ltr'><strong>audi.</strong></span> <span class='ocrx_word' id='word_1_50' title='bbox 1260 487 1331 512; x_wconf 83' lang='lat' dir='ltr'><strong>sunt</strong></span> <span class='ocrx_word' id='word_1_51' title='bbox 1344 485 1520 524; x_wconf 79' lang='lat' dir='ltr'>complures</span> <span class='ocrx_word' id='word_1_52' title='bbox 1534 487 1687 522; x_wconf 71' lang='lat' dir='ltr'><strong>homines,</strong></span> 
     </span>
     <span class='ocr_line' id='line_1_6' title="bbox 219 535 1687 579; baseline 0.003 -13"><span class='ocrx_word' id='word_1_53' title='bbox 219 536 274 577; x_wconf 92' lang='lat' dir='ltr'><strong>qui</strong></span> <span class='ocrx_word' id='word_1_54' title='bbox 299 537 360 568; x_wconf 76' lang='lat' dir='ltr'><strong>ista</strong></span> <span class='ocrx_word' id='word_1_55' title='bbox 380 538 445 579; x_wconf 79' lang='lat' dir='ltr'><strong>jam</strong></span> <span class='ocrx_word' id='word_1_56' title='bbox 476 537 674 574; x_wconf 83' lang='lat' dir='ltr'><strong>audiverunt,</strong></span> <span class='ocrx_word' id='word_1_57' title='bbox 705 537 864 579; x_wconf 84' lang='lat' dir='ltr'><strong>pollentes</strong></span> <span class='ocrx_word' id='word_1_58' title='bbox 889 537 1044 571; x_wconf 81' lang='lat' dir='ltr'>acumine,</span> <span class='ocrx_word' id='word_1_59' title='bbox 1071 535 1230 576; x_wconf 82' lang='lat' dir='ltr'><strong>pollentes</strong></span> <span class='ocrx_word' id='word_1_60' title='bbox 1246 537 1407 572; x_wconf 77' lang='lat' dir='ltr'><strong>memoria,</strong></span> <span class='ocrx_word' id='word_1_61' title='bbox 1430 539 1464 568; x_wconf 85' lang='lat' dir='ltr'><strong>in</strong></span> <span class='ocrx_word' id='word_1_62' title='bbox 1480 540 1687 571; x_wconf 79' lang='lat' dir='ltr'><strong>examinando</strong></span> 
     </span>
     <span class='ocr_line' id='line_1_7' title="bbox 218 589 1688 633; baseline 0.002 -13"><span class='ocrx_word' id='word_1_63' title='bbox 218 595 253 621; x_wconf 86' lang='lat' dir='ltr'><strong>et</strong></span> <span class='ocrx_word' id='word_1_64' title='bbox 264 589 439 632; x_wconf 85' lang='lat' dir='ltr'><strong>judicando</strong></span> <span class='ocrx_word' id='word_1_65' title='bbox 453 592 609 628; x_wconf 79' lang='lat' dir='ltr'><strong>sollertes,</strong></span> <span class='ocrx_word' id='word_1_66' title='bbox 625 592 769 633; x_wconf 87' lang='lat' dir='ltr'><strong>provecti</strong></span> <span class='ocrx_word' id='word_1_67' title='bbox 777 591 844 632; x_wconf 88' lang='lat' dir='ltr'><strong>jam</strong></span> <span class='ocrx_word' id='word_1_68' title='bbox 860 595 963 624; x_wconf 84' lang='lat' dir='ltr'><strong>aetate,</strong></span> <span class='ocrx_word' id='word_1_69' title='bbox 981 599 1082 630; x_wconf 87' lang='lat' dir='ltr'><strong>neque</strong></span> <span class='ocrx_word' id='word_1_70' title='bbox 1101 589 1204 619; x_wconf 89' lang='lat' dir='ltr'><strong>minus</strong></span> <span class='ocrx_word' id='word_1_71' title='bbox 1219 589 1349 630; x_wconf 80' lang='lat' dir='ltr'><strong>triginta</strong></span> <span class='ocrx_word' id='word_1_72' title='bbox 1364 591 1456 621; x_wconf 87' lang='lat' dir='ltr'><strong>anuis</strong></span> <span class='ocrx_word' id='word_1_73' title='bbox 1471 593 1538 623; x_wconf 82' lang='lat' dir='ltr'><strong>haec</strong></span> <span class='ocrx_word' id='word_1_74' title='bbox 1555 593 1688 623; x_wconf 85' lang='lat' dir='ltr'><strong>audive-</strong></span> 
     </span>
     <span class='ocr_line' id='line_1_8' title="bbox 218 636 1687 685; baseline 0.002 -11"><span class='ocrx_word' id='word_1_75' title='bbox 218 649 293 675; x_wconf 89' lang='lat' dir='ltr'><strong>runt</strong></span> <span class='ocrx_word' id='word_1_76' title='bbox 308 656 314 674; x_wconf 93' lang='lat'>:</span> <span class='ocrx_word' id='word_1_77' title='bbox 341 645 373 675; x_wconf 90' lang='lat' dir='ltr'><strong>hi</strong></span> <span class='ocrx_word' id='word_1_78' title='bbox 387 651 492 676; x_wconf 87' lang='lat' dir='ltr'><strong>tamen</strong></span> <span class='ocrx_word' id='word_1_79' title='bbox 505 646 671 682; x_wconf 86' lang='lat' dir='ltr'><strong>affirmant,</strong></span> <span class='ocrx_word' id='word_1_80' title='bbox 687 655 757 685; x_wconf 85' lang='lat' dir='ltr'><strong>quae</strong></span> <span class='ocrx_word' id='word_1_81' title='bbox 773 645 883 675; x_wconf 88' lang='lat' dir='ltr'><strong>auditu</strong></span> <span class='ocrx_word' id='word_1_82' title='bbox 897 643 1058 685; x_wconf 88' lang='lat' dir='ltr'><strong>quondam</strong></span> <span class='ocrx_word' id='word_1_83' title='bbox 1072 636 1273 673; x_wconf 66' lang='lat' dir='ltr'>incredibilia</span> <span class='ocrx_word' id='word_1_84' title='bbox 1288 645 1420 675; x_wconf 78' lang='lat' dir='ltr'><strong>maxime</strong></span> <span class='ocrx_word' id='word_1_85' title='bbox 1433 645 1632 677; x_wconf 82' lang='lat' dir='ltr'><strong>videbantur.</strong></span> <span class='ocrx_word' id='word_1_86' title='bbox 1649 657 1687 678; x_wconf 92' lang='lat' dir='ltr'><strong>ea</strong></span> 
     </span>
     <span class='ocr_line' id='line_1_9' title="bbox 218 697 1687 741; baseline 0.002 -13"><span class='ocrx_word' id='word_1_87' title='bbox 218 697 280 728; x_wconf 80' lang='lat' dir='ltr'><strong>sibi</strong></span> <span class='ocrx_word' id='word_1_88' title='bbox 295 708 379 730; x_wconf 89' lang='lat' dir='ltr'><strong>nunc</strong></span> <span class='ocrx_word' id='word_1_89' title='bbox 393 699 526 740; x_wconf 88' lang='lat' dir='ltr'><strong>primum</strong></span> <span class='ocrx_word' id='word_1_90' title='bbox 541 699 635 729; x_wconf 88' lang='lat' dir='ltr'><strong>valde</strong></span> <span class='ocrx_word' id='word_1_91' title='bbox 650 698 814 730; x_wconf 86' lang='lat' dir='ltr'><strong>credibilia</strong></span> <span class='ocrx_word' id='word_1_92' title='bbox 829 698 927 729; x_wconf 84' lang='lat' dir='ltr'><strong>videri</strong></span> <span class='ocrx_word' id='word_1_93' title='bbox 943 702 1039 738; x_wconf 85' lang='lat' dir='ltr'><strong>atque</strong></span> <span class='ocrx_word' id='word_1_94' title='bbox 1056 697 1239 738; x_wconf 82' lang='lat' dir='ltr'><strong>perspicua:</strong></span> <span class='ocrx_word' id='word_1_95' title='bbox 1265 702 1298 728; x_wconf 90' lang='lat' dir='ltr'><strong>et</strong></span> <span class='ocrx_word' id='word_1_96' title='bbox 1323 708 1393 739; x_wconf 84' lang='lat' dir='ltr'><strong>quae</strong></span> <span class='ocrx_word' id='word_1_97' title='bbox 1408 703 1482 730; x_wconf 88' lang='lat' dir='ltr'><strong>tunc</strong></span> <span class='ocrx_word' id='word_1_98' title='bbox 1500 701 1687 741; x_wconf 83' lang='lat' dir='ltr'><strong>probabilis-</strong></span> 
     </span>
     <span class='ocr_line' id='line_1_10' title="bbox 218 751 1690 794; baseline 0.003 -13"><span class='ocrx_word' id='word_1_99' title='bbox 218 751 308 787; x_wconf 80' lang='lat' dir='ltr'><strong>sima,</strong></span> <span class='ocrx_word' id='word_1_100' title='bbox 335 761 375 782; x_wconf 84' lang='lat' dir='ltr'><strong>ea</strong></span> <span class='ocrx_word' id='word_1_101' title='bbox 395 763 480 783; x_wconf 88' lang='lat' dir='ltr'><strong>nunc</strong></span> <span class='ocrx_word' id='word_1_102' title='bbox 504 753 566 784; x_wconf 89' lang='lat' dir='ltr'><strong>sibi</strong></span> <span class='ocrx_word' id='word_1_103' title='bbox 591 757 701 783; x_wconf 85' lang='lat' dir='ltr'><strong>contra</strong></span> <span class='ocrx_word' id='word_1_104' title='bbox 713 751 825 784; x_wconf 79' lang='lat' dir='ltr'><strong>videri.</strong></span> <span class='ocrx_word' id='word_1_105' title='bbox 851 753 918 782; x_wconf 85' lang='lat' dir='ltr'><strong>baec</strong></span> <span class='ocrx_word' id='word_1_106' title='bbox 933 751 1030 792; x_wconf 80' lang='lat' dir='ltr'><strong>igitur</strong></span> <span class='ocrx_word' id='word_1_107' title='bbox 1044 751 1171 781; x_wconf 84' lang='lat' dir='ltr'><strong>intuens</strong></span> <span class='ocrx_word' id='word_1_108' title='bbox 1188 761 1274 787; x_wconf 84' lang='lat' dir='ltr'><strong>cave,</strong></span> <span class='ocrx_word' id='word_1_109' title='bbox 1287 762 1328 782; x_wconf 89' lang='lat' dir='ltr'><strong>ne</strong></span> <span class='ocrx_word' id='word_1_110' title='bbox 1346 753 1473 793; x_wconf 88' lang='lat' dir='ltr'><strong>quando</strong></span> <span class='ocrx_word' id='word_1_111' title='bbox 1486 759 1518 784; x_wconf 90' lang='lat' dir='ltr'><strong>te</strong></span> <span class='ocrx_word' id='word_1_112' title='bbox 1534 755 1690 794; x_wconf 71' lang='lat' dir='ltr'><strong>poeniteat</strong></span> 
     </span>
     <span class='ocr_line' id='line_1_11' title="bbox 217 805 1684 848; baseline 0.003 -13"><span class='ocrx_word' id='word_1_113' title='bbox 217 814 338 842; x_wconf 88' lang='lat' dir='ltr'><strong>eorum,</strong></span> <span class='ocrx_word' id='word_1_114' title='bbox 365 817 436 848; x_wconf 87' lang='lat' dir='ltr'><strong>quae</strong></span> <span class='ocrx_word' id='word_1_115' title='bbox 464 807 519 837; x_wconf 82' lang='lat' dir='ltr'><strong>tibi</strong></span> <span class='ocrx_word' id='word_1_116' title='bbox 540 807 671 848; x_wconf 81' lang='lat' dir='ltr'><strong>indigne</strong></span> <span class='ocrx_word' id='word_1_117' title='bbox 697 817 782 838; x_wconf 91' lang='lat' dir='ltr'><strong>nunc</strong></span> <span class='ocrx_word' id='word_1_118' title='bbox 809 806 1002 836; x_wconf 84' lang='lat' dir='ltr'><strong>exciderunt.</strong></span> <span class='ocrx_word' id='word_1_119' title='bbox 1028 805 1164 835; x_wconf 82' lang='lat' dir='ltr'><strong>maxima</strong></span> <span class='ocrx_word' id='word_1_120' title='bbox 1188 815 1262 835; x_wconf 78' lang='lat' dir='ltr'><strong>vero</strong></span> <span class='ocrx_word' id='word_1_121' title='bbox 1286 806 1377 848; x_wconf 85' lang='lat' dir='ltr'><strong>hujus</strong></span> <span class='ocrx_word' id='word_1_122' title='bbox 1402 807 1448 837; x_wconf 87' lang='lat' dir='ltr'><strong>rei</strong></span> <span class='ocrx_word' id='word_1_123' title='bbox 1464 808 1607 838; x_wconf 82' lang='lat' dir='ltr'><strong>custodia</strong></span> <span class='ocrx_word' id='word_1_124' title='bbox 1625 815 1684 845; x_wconf 87' lang='lat' dir='ltr'><strong>est,</strong></span> 
     </span>
     <span class='ocr_line' id='line_1_12' title="bbox 217 859 1684 901; baseline 0.003 -12"><span class='ocrx_word' id='word_1_125' title='bbox 217 859 297 890; x_wconf 91' lang='lat' dir='ltr'><strong>nihil</strong></span> <span class='ocrx_word' id='word_1_126' title='bbox 321 860 469 896; x_wconf 87' lang='lat' dir='ltr'><strong>scribere,</strong></span> <span class='ocrx_word' id='word_1_127' title='bbox 493 861 549 892; x_wconf 89' lang='lat' dir='ltr'><strong>sed</strong></span> <span class='ocrx_word' id='word_1_128' title='bbox 571 861 747 892; x_wconf 81' lang='lat' dir='ltr'><strong>addiscere.</strong></span> <span class='ocrx_word' id='word_1_129' title='bbox 769 870 844 890; x_wconf 87' lang='lat' dir='ltr'><strong>nam</strong></span> <span class='ocrx_word' id='word_1_130' title='bbox 859 870 930 900; x_wconf 81' lang='lat' dir='ltr'><strong>quae</strong></span> <span class='ocrx_word' id='word_1_131' title='bbox 944 859 1133 895; x_wconf 87' lang='lat' dir='ltr'><strong>scribuntur,</strong></span> <span class='ocrx_word' id='word_1_132' title='bbox 1148 859 1304 890; x_wconf 81' lang='lat' dir='ltr'><strong>contineri</strong></span> <span class='ocrx_word' id='word_1_133' title='bbox 1320 870 1383 890; x_wconf 90' lang='lat' dir='ltr'><strong>non</strong></span> <span class='ocrx_word' id='word_1_134' title='bbox 1401 868 1545 901; x_wconf 72' lang='lat' dir='ltr'><strong>possunt.</strong></span> <span class='ocrx_word' id='word_1_135' title='bbox 1569 863 1629 892; x_wconf 83' lang='lat' dir='ltr'><strong>ista</strong></span> <span class='ocrx_word' id='word_1_136' title='bbox 1644 864 1684 894; x_wconf 83' lang='lat' dir='ltr'><strong>de</strong></span> 
     </span>
     <span class='ocr_line' id='line_1_13' title="bbox 217 913 1684 957; baseline 0.002 -13"><span class='ocrx_word' id='word_1_137' title='bbox 217 923 313 945; x_wconf 80' lang='lat' dir='ltr'><strong>causa</strong></span> <span class='ocrx_word' id='word_1_138' title='bbox 325 914 404 945; x_wconf 81' lang='lat' dir='ltr'><strong>nihil</strong></span> <span class='ocrx_word' id='word_1_139' title='bbox 420 925 480 956; x_wconf 83' lang='lat' dir='ltr'><strong>ego</strong></span> <span class='ocrx_word' id='word_1_140' title='bbox 495 915 536 946; x_wconf 89' lang='lat' dir='ltr'><strong>de</strong></span> <span class='ocrx_word' id='word_1_141' title='bbox 549 916 589 946; x_wconf 88' lang='lat' dir='ltr'><strong>iis</strong></span> <span class='ocrx_word' id='word_1_142' title='bbox 601 915 712 956; x_wconf 82' lang='lat' dir='ltr'><strong>scripsi</strong></span> <span class='ocrx_word' id='word_1_143' title='bbox 726 925 866 955; x_wconf 88' lang='lat' dir='ltr'><strong>unquam</strong></span> <span class='ocrx_word' id='word_1_144' title='bbox 881 926 886 944; x_wconf 93' lang='lat'>:</span> <span class='ocrx_word' id='word_1_145' title='bbox 906 924 1008 955; x_wconf 89' lang='lat' dir='ltr'><strong>neque</strong></span> <span class='ocrx_word' id='word_1_146' title='bbox 1021 919 1069 943; x_wconf 88' lang='lat' dir='ltr'><strong>est</strong></span> <span class='ocrx_word' id='word_1_147' title='bbox 1080 913 1223 944; x_wconf 88' lang='lat' dir='ltr'><strong>Platonis</strong></span> <span class='ocrx_word' id='word_1_148' title='bbox 1235 923 1313 954; x_wconf 87' lang='lat' dir='ltr'><strong>opus</strong></span> <span class='ocrx_word' id='word_1_149' title='bbox 1326 915 1533 956; x_wconf 84' lang='lat' dir='ltr'><strong>perscriptum</strong></span> <span class='ocrx_word' id='word_1_150' title='bbox 1546 916 1684 957; x_wconf 87' lang='lat' dir='ltr'><strong>aliquod,</strong></span> 
     </span>
     <span class='ocr_line' id='line_1_14' title="bbox 217 967 1687 1010; baseline 0.002 -12"><span class='ocrx_word' id='word_1_151' title='bbox 217 977 321 1008; x_wconf 87' lang='lat' dir='ltr'><strong>neque</strong></span> <span class='ocrx_word' id='word_1_152' title='bbox 333 969 403 1000; x_wconf 88' lang='lat' dir='ltr'><strong>erit.</strong></span> <span class='ocrx_word' id='word_1_153' title='bbox 425 979 497 1010; x_wconf 88' lang='lat' dir='ltr'><strong>quae</strong></span> <span class='ocrx_word' id='word_1_154' title='bbox 513 975 620 1000; x_wconf 87' lang='lat' dir='ltr'><strong>autem</strong></span> <span class='ocrx_word' id='word_1_155' title='bbox 632 969 729 1000; x_wconf 88' lang='lat' dir='ltr'><strong>modo</strong></span> <span class='ocrx_word' id='word_1_156' title='bbox 743 969 901 1004; x_wconf 81' lang='lat' dir='ltr'><strong>dicuntur,</strong></span> <span class='ocrx_word' id='word_1_157' title='bbox 925 968 1063 998; x_wconf 87' lang='lat' dir='ltr'><strong>Socratis</strong></span> <span class='ocrx_word' id='word_1_158' title='bbox 1081 972 1152 998; x_wconf 88' lang='lat' dir='ltr'><strong>sunt</strong></span> <span class='ocrx_word' id='word_1_159' title='bbox 1171 979 1177 996; x_wconf 93' lang='lat'>:</span> <span class='ocrx_word' id='word_1_160' title='bbox 1203 967 1255 1008; x_wconf 90' lang='lat' dir='ltr'><strong>qui</strong></span> <span class='ocrx_word' id='word_1_161' title='bbox 1272 967 1318 998; x_wconf 90' lang='lat' dir='ltr'><strong>vir</strong></span> <span class='ocrx_word' id='word_1_162' title='bbox 1340 968 1438 999; x_wconf 84' lang='lat' dir='ltr'><strong>etiam</strong></span> <span class='ocrx_word' id='word_1_163' title='bbox 1465 969 1540 1000; x_wconf 87' lang='lat' dir='ltr'><strong>dum</strong></span> <span class='ocrx_word' id='word_1_164' title='bbox 1561 970 1687 1010; x_wconf 85' lang='lat' dir='ltr'><strong>juvenis</strong></span> 
     </span>
     <span class='ocr_line' id='line_1_15' title="bbox 216 1021 1685 1064; baseline 0.003 -13"><span class='ocrx_word' id='word_1_165' title='bbox 216 1027 310 1058; x_wconf 87' lang='lat' dir='ltr'><strong>esset,</strong></span> <span class='ocrx_word' id='word_1_166' title='bbox 329 1023 442 1053; x_wconf 87' lang='lat' dir='ltr'><strong>virtute</strong></span> <span class='ocrx_word' id='word_1_167' title='bbox 464 1023 588 1054; x_wconf 80' lang='lat' dir='ltr'><strong>claruit.</strong></span> <span class='ocrx_word' id='word_1_168' title='bbox 612 1023 693 1059; x_wconf 86' lang='lat' dir='ltr'><strong>vale,</strong></span> <span class='ocrx_word' id='word_1_169' title='bbox 709 1029 741 1054; x_wconf 84' lang='lat' dir='ltr'><strong>et</strong></span> <span class='ocrx_word' id='word_1_170' title='bbox 755 1023 846 1053; x_wconf 87' lang='lat' dir='ltr'><strong>nobis</strong></span> <span class='ocrx_word' id='word_1_171' title='bbox 862 1022 968 1053; x_wconf 89' lang='lat' dir='ltr'><strong>crede.</strong></span> <span class='ocrx_word' id='word_1_172' title='bbox 992 1027 1087 1062; x_wconf 86' lang='lat' dir='ltr'><strong>atque</strong></span> <span class='ocrx_word' id='word_1_173' title='bbox 1104 1023 1183 1052; x_wconf 84' lang='lat' dir='ltr'><strong>hanc</strong></span> <span class='ocrx_word' id='word_1_174' title='bbox 1199 1021 1377 1061; x_wconf 87' lang='lat' dir='ltr'><strong>epistolam,</strong></span> <span class='ocrx_word' id='word_1_175' title='bbox 1395 1033 1467 1053; x_wconf 89' lang='lat' dir='ltr'><strong>cum</strong></span> <span class='ocrx_word' id='word_1_176' title='bbox 1483 1024 1598 1064; x_wconf 70' lang='lat' dir='ltr'><strong>saepius</strong></span> <span class='ocrx_word' id='word_1_177' title='bbox 1615 1035 1685 1055; x_wconf 80' lang='lat' dir='ltr'><strong>eam</strong></span> 
     </span>
     <span class='ocr_line' id='line_1_16' title="bbox 216 1075 1688 1119; baseline 0.003 -14"><span class='ocrx_word' id='word_1_178' title='bbox 216 1075 341 1116; x_wconf 82' lang='lat' dir='ltr'><strong>legeris,</strong></span> <span class='ocrx_word' id='word_1_179' title='bbox 356 1077 464 1107; x_wconf 87' lang='lat' dir='ltr'><strong>statim</strong></span> <span class='ocrx_word' id='word_1_180' title='bbox 476 1077 636 1108; x_wconf 82' lang='lat' dir='ltr'><strong>combure.</strong></span> <span class='ocrx_word' id='word_1_181' title='bbox 661 1082 693 1107; x_wconf 88' lang='lat' dir='ltr'><strong>et</strong></span> <span class='ocrx_word' id='word_1_182' title='bbox 708 1078 748 1106; x_wconf 89' lang='lat' dir='ltr'><strong>de</strong></span> <span class='ocrx_word' id='word_1_183' title='bbox 765 1076 813 1106; x_wconf 88' lang='lat' dir='ltr'><strong>his</strong></span> <span class='ocrx_word' id='word_1_184' title='bbox 826 1075 955 1117; x_wconf 88' lang='lat' dir='ltr'><strong>quidem</strong></span> <span class='ocrx_word' id='word_1_185' title='bbox 971 1076 1058 1105; x_wconf 84' lang='lat' dir='ltr'><strong>satis.</strong></span> <span class='ocrx_word' id='word_1_186' title='bbox 1081 1075 1204 1105; x_wconf 80' lang='lat' dir='ltr'><strong>miraris</strong></span> <span class='ocrx_word' id='word_1_187' title='bbox 1217 1080 1332 1111; x_wconf 85' lang='lat' dir='ltr'><strong>autem,</strong></span> <span class='ocrx_word' id='word_1_188' title='bbox 1351 1076 1435 1116; x_wconf 90' lang='lat' dir='ltr'><strong>quod</strong></span> <span class='ocrx_word' id='word_1_189' title='bbox 1450 1077 1488 1106; x_wconf 82' lang='lat' dir='ltr'><strong>ad</strong></span> <span class='ocrx_word' id='word_1_190' title='bbox 1501 1083 1533 1107; x_wconf 91' lang='lat' dir='ltr'><strong>te</strong></span> <span class='ocrx_word' id='word_1_191' title='bbox 1547 1078 1688 1119; x_wconf 81' lang='lat' dir='ltr'><strong>Polyxe-</strong></span> 
     </span>
     <span class='ocr_line' id='line_1_17' title="bbox 216 1129 1687 1173; baseline 0.003 -14"><span class='ocrx_word' id='word_1_192' title='bbox 216 1138 294 1159; x_wconf 90' lang='lat' dir='ltr'><strong>num</strong></span> <span class='ocrx_word' id='word_1_193' title='bbox 321 1140 386 1161; x_wconf 89' lang='lat' dir='ltr'><strong>non</strong></span> <span class='ocrx_word' id='word_1_194' title='bbox 411 1130 546 1162; x_wconf 85' lang='lat' dir='ltr'><strong>mittam.</strong></span> <span class='ocrx_word' id='word_1_195' title='bbox 569 1140 628 1171; x_wconf 82' lang='lat' dir='ltr'><strong>ego</strong></span> <span class='ocrx_word' id='word_1_196' title='bbox 654 1136 759 1161; x_wconf 86' lang='lat' dir='ltr'><strong>autem</strong></span> <span class='ocrx_word' id='word_1_197' title='bbox 776 1130 815 1161; x_wconf 88' lang='lat' dir='ltr'><strong>de</strong></span> <span class='ocrx_word' id='word_1_198' title='bbox 833 1130 1041 1173; x_wconf 87' lang='lat' dir='ltr'><strong>Lycophrone</strong></span> <span class='ocrx_word' id='word_1_199' title='bbox 1058 1129 1154 1160; x_wconf 76' lang='lat' dir='ltr'><strong>etiam</strong></span> <span class='ocrx_word' id='word_1_200' title='bbox 1170 1133 1204 1159; x_wconf 83' lang='lat' dir='ltr'><strong>et</strong></span> <span class='ocrx_word' id='word_1_201' title='bbox 1224 1129 1366 1170; x_wconf 81' lang='lat' dir='ltr'><strong>reliquis,</strong></span> <span class='ocrx_word' id='word_1_202' title='bbox 1383 1130 1437 1171; x_wconf 91' lang='lat' dir='ltr'><strong>qui</strong></span> <span class='ocrx_word' id='word_1_203' title='bbox 1453 1131 1539 1172; x_wconf 85' lang='lat' dir='ltr'><strong>apud</strong></span> <span class='ocrx_word' id='word_1_204' title='bbox 1556 1137 1586 1162; x_wconf 85' lang='lat' dir='ltr'><strong>te</strong></span> <span class='ocrx_word' id='word_1_205' title='bbox 1603 1138 1687 1169; x_wconf 87' lang='lat' dir='ltr'><strong>sunt,</strong></span> 
     </span>
     <span class='ocr_line' id='line_1_18' title="bbox 214 1182 1689 1225; baseline 0.003 -12"><span class='ocrx_word' id='word_1_206' title='bbox 214 1182 301 1214; x_wconf 86' lang='lat' dir='ltr'><strong>idern</strong></span> <span class='ocrx_word' id='word_1_207' title='bbox 311 1183 500 1225; x_wconf 88' lang='lat' dir='ltr'><strong>jamdudum</strong></span> <span class='ocrx_word' id='word_1_208' title='bbox 517 1189 549 1215; x_wconf 91' lang='lat' dir='ltr'><strong>et</strong></span> <span class='ocrx_word' id='word_1_209' title='bbox 563 1194 649 1215; x_wconf 89' lang='lat' dir='ltr'><strong>nunc</strong></span> <span class='ocrx_word' id='word_1_210' title='bbox 663 1194 789 1225; x_wconf 88' lang='lat' dir='ltr'><strong>prorsus</strong></span> <span class='ocrx_word' id='word_1_211' title='bbox 803 1184 931 1220; x_wconf 85' lang='lat' dir='ltr'><strong>affirmo,</strong></span> <span class='ocrx_word' id='word_1_212' title='bbox 945 1188 976 1215; x_wconf 89' lang='lat' dir='ltr'><strong>te</strong></span> <span class='ocrx_word' id='word_1_213' title='bbox 991 1183 1112 1214; x_wconf 79' lang='lat' dir='ltr'><strong>scilicet</strong></span> <span class='ocrx_word' id='word_1_214' title='bbox 1128 1183 1199 1213; x_wconf 86' lang='lat' dir='ltr'><strong>istis</strong></span> <span class='ocrx_word' id='word_1_215' title='bbox 1213 1188 1280 1213; x_wconf 89' lang='lat' dir='ltr'><strong>tum</strong></span> <span class='ocrx_word' id='word_1_216' title='bbox 1295 1184 1423 1224; x_wconf 76' lang='lat' dir='ltr'><strong>ingenio</strong></span> <span class='ocrx_word' id='word_1_217' title='bbox 1434 1192 1497 1215; x_wconf 85' lang='lat' dir='ltr'><strong>tum</strong></span> <span class='ocrx_word' id='word_1_218' title='bbox 1514 1185 1689 1218; x_wconf 86' lang='lat' dir='ltr'><strong>disserendi</strong></span> 
     </span>
     <span class='ocr_line' id='line_1_19' title="bbox 215 1237 1688 1281; baseline 0.003 -14"><span class='ocrx_word' id='word_1_219' title='bbox 215 1241 283 1267; x_wconf 80' lang='lat' dir='ltr'><strong>arte</strong></span> <span class='ocrx_word' id='word_1_220' title='bbox 297 1242 446 1278; x_wconf 77' lang='lat' dir='ltr'><strong>praestare</strong></span> <span class='ocrx_word' id='word_1_221' title='bbox 458 1248 553 1279; x_wconf 91' lang='lat' dir='ltr'><strong>quam</strong></span> <span class='ocrx_word' id='word_1_222' title='bbox 570 1238 740 1279; x_wconf 85' lang='lat' dir='ltr'><strong>plurimum</strong></span> <span class='ocrx_word' id='word_1_223' title='bbox 754 1250 761 1268; x_wconf 78' lang='lat' dir='ltr'><em>z</em></span> <span class='ocrx_word' id='word_1_224' title='bbox 786 1248 847 1269; x_wconf 85' lang='lat' dir='ltr'><strong>nec</strong></span> <span class='ocrx_word' id='word_1_225' title='bbox 862 1237 986 1268; x_wconf 88' lang='lat' dir='ltr'><strong>illorum</strong></span> <span class='ocrx_word' id='word_1_226' title='bbox 1002 1247 1192 1279; x_wconf 77' lang='lat' dir='ltr'><strong>quemquam</strong></span> <span class='ocrx_word' id='word_1_227' title='bbox 1207 1243 1318 1278; x_wconf 86' lang='lat' dir='ltr'><strong>sponte</strong></span> <span class='ocrx_word' id='word_1_228' title='bbox 1344 1238 1400 1268; x_wconf 85' lang='lat' dir='ltr'><strong>tibi</strong></span> <span class='ocrx_word' id='word_1_229' title='bbox 1424 1238 1458 1268; x_wconf 86' lang='lat' dir='ltr'><strong>in</strong></span> <span class='ocrx_word' id='word_1_230' title='bbox 1482 1240 1688 1281; x_wconf 80' lang='lat' dir='ltr'><strong>disputando,</strong></span> 
     </span>
     <span class='ocr_line' id='line_1_20' title="bbox 216 1284 1689 1333; baseline 0.003 -12"><span class='ocrx_word' id='word_1_231' title='bbox 216 1295 252 1320; x_wconf 88' lang='lat' dir='ltr'><strong>ut</strong></span> <span class='ocrx_word' id='word_1_232' title='bbox 278 1291 373 1333; x_wconf 83' lang='lat' dir='ltr'><strong>aliqui</strong></span> <span class='ocrx_word' id='word_1_233' title='bbox 398 1292 608 1333; x_wconf 84' lang='lat' dir='ltr'><strong>suspicantur,</strong></span> <span class='ocrx_word' id='word_1_234' title='bbox 631 1293 757 1328; x_wconf 87' lang='lat' dir='ltr'><strong>cedere,</strong></span> <span class='ocrx_word' id='word_1_235' title='bbox 784 1292 841 1324; x_wconf 89' lang='lat' dir='ltr'><strong>sed</strong></span> <span class='ocrx_word' id='word_1_236' title='bbox 865 1292 990 1322; x_wconf 80' lang='lat' dir='ltr'><strong>invitos.</strong></span> <span class='ocrx_word' id='word_1_237' title='bbox 1016 1292 1103 1332; x_wconf 89' lang='lat' dir='ltr'><strong>atqui</strong></span> <span class='ocrx_word' id='word_1_238' title='bbox 1131 1291 1247 1321; x_wconf 79' lang='lat' dir='ltr'><strong>videris</strong></span> <span class='ocrx_word' id='word_1_239' title='bbox 1272 1284 1442 1323; x_wconf 77' lang='lat' dir='ltr'><strong>admodum</strong></span> <span class='ocrx_word' id='word_1_240' title='bbox 1467 1294 1612 1325; x_wconf 81' lang='lat' dir='ltr'><strong>modeste</strong></span> <span class='ocrx_word' id='word_1_241' title='bbox 1629 1295 1689 1326; x_wconf 88' lang='lat' dir='ltr'><strong>illis</strong></span> 
     </span>
     <span class='ocr_line' id='line_1_21' title="bbox 216 1344 1689 1390; baseline 0.003 -15"><span class='ocrx_word' id='word_1_242' title='bbox 216 1344 314 1376; x_wconf 83' lang='lat' dir='ltr'><strong>fuisse</strong></span> <span class='ocrx_word' id='word_1_243' title='bbox 331 1356 415 1382; x_wconf 84' lang='lat' dir='ltr'><strong>usus,</strong></span> <span class='ocrx_word' id='word_1_244' title='bbox 431 1351 464 1377; x_wconf 89' lang='lat' dir='ltr'><strong>et</strong></span> <span class='ocrx_word' id='word_1_245' title='bbox 478 1347 619 1377; x_wconf 88' lang='lat' dir='ltr'><strong>honestis</strong></span> <span class='ocrx_word' id='word_1_246' title='bbox 634 1357 689 1377; x_wconf 83' lang='lat' dir='ltr'><strong>eos</strong></span> <span class='ocrx_word' id='word_1_247' title='bbox 701 1346 882 1377; x_wconf 83' lang='lat' dir='ltr'><strong>muneribus</strong></span> <span class='ocrx_word' id='word_1_248' title='bbox 897 1351 1090 1387; x_wconf 85' lang='lat' dir='ltr'><strong>prosecutus.</strong></span> <span class='ocrx_word' id='word_1_249' title='bbox 1113 1345 1171 1375; x_wconf 87' lang='lat' dir='ltr'><strong>sed</strong></span> <span class='ocrx_word' id='word_1_250' title='bbox 1186 1345 1226 1375; x_wconf 87' lang='lat' dir='ltr'><strong>de</strong></span> <span class='ocrx_word' id='word_1_251' title='bbox 1237 1346 1276 1375; x_wconf 90' lang='lat' dir='ltr'><strong>iis</strong></span> <span class='ocrx_word' id='word_1_252' title='bbox 1292 1345 1433 1386; x_wconf 89' lang='lat' dir='ltr'><strong>quidem,</strong></span> <span class='ocrx_word' id='word_1_253' title='bbox 1445 1348 1580 1387; x_wconf 85' lang='lat' dir='ltr'><strong>perinde</strong></span> <span class='ocrx_word' id='word_1_254' title='bbox 1593 1354 1689 1390; x_wconf 78' lang='lat' dir='ltr'><strong>atque</strong></span> 
     </span>
     <span class='ocr_line' id='line_1_22' title="bbox 218 1398 1689 1443; baseline 0.003 -14"><span class='ocrx_word' id='word_1_255' title='bbox 218 1398 259 1429; x_wconf 90' lang='lat' dir='ltr'><strong>de</strong></span> <span class='ocrx_word' id='word_1_256' title='bbox 286 1399 414 1436; x_wconf 83' lang='lat' dir='ltr'><strong>talibus,</strong></span> <span class='ocrx_word' id='word_1_257' title='bbox 439 1400 516 1431; x_wconf 90' lang='lat' dir='ltr'><strong>talia</strong></span> <span class='ocrx_word' id='word_1_258' title='bbox 547 1401 649 1431; x_wconf 83' lang='lat' dir='ltr'><strong>multa</strong></span> <span class='ocrx_word' id='word_1_259' title='bbox 675 1401 749 1431; x_wconf 84' lang='lat' dir='ltr'><strong>licet</strong></span> <span class='ocrx_word' id='word_1_260' title='bbox 777 1400 897 1432; x_wconf 84' lang='lat' dir='ltr'><strong>dicere.</strong></span> <span class='ocrx_word' id='word_1_261' title='bbox 943 1399 1134 1430; x_wconf 86' lang='lat' dir='ltr'><strong>Philistione</strong></span> <span class='ocrx_word' id='word_1_262' title='bbox 1157 1399 1183 1429; x_wconf 89' lang='lat' dir='ltr'><strong>si</strong></span> <span class='ocrx_word' id='word_1_263' title='bbox 1213 1399 1259 1429; x_wconf 87' lang='lat' dir='ltr'><strong>uti</strong></span> <span class='ocrx_word' id='word_1_264' title='bbox 1286 1400 1464 1442; x_wconf 81' lang='lat' dir='ltr'><strong>contigerit,</strong></span> <span class='ocrx_word' id='word_1_265' title='bbox 1491 1406 1578 1432; x_wconf 86' lang='lat' dir='ltr'><strong>utere</strong></span> <span class='ocrx_word' id='word_1_266' title='bbox 1594 1400 1689 1443; x_wconf 84' lang='lat' dir='ltr'><strong>quam</strong></span> 
     </span>
     <span class='ocr_line' id='line_1_23' title="bbox 217 1453 1691 1496; baseline 0.003 -13"><span class='ocrx_word' id='word_1_267' title='bbox 217 1453 366 1484; x_wconf 83' lang='lat' dir='ltr'><strong>maxime.</strong></span> <span class='ocrx_word' id='word_1_268' title='bbox 390 1459 435 1490; x_wconf 88' lang='lat' dir='ltr'><strong>et,</strong></span> <span class='ocrx_word' id='word_1_269' title='bbox 452 1454 479 1484; x_wconf 85' lang='lat' dir='ltr'><strong>si</strong></span> <span class='ocrx_word' id='word_1_270' title='bbox 494 1454 561 1485; x_wconf 88' lang='lat' dir='ltr'><strong>fieri</strong></span> <span class='ocrx_word' id='word_1_271' title='bbox 575 1459 693 1495; x_wconf 89' lang='lat' dir='ltr'><strong>potest,</strong></span> <span class='ocrx_word' id='word_1_272' title='bbox 709 1454 880 1495; x_wconf 87' lang='lat' dir='ltr'><strong>Speusippi</strong></span> <span class='ocrx_word' id='word_1_273' title='bbox 896 1458 986 1484; x_wconf 83' lang='lat' dir='ltr'><strong>utere</strong></span> <span class='ocrx_word' id='word_1_274' title='bbox 1001 1463 1110 1494; x_wconf 85' lang='lat' dir='ltr'><strong>opera,</strong></span> <span class='ocrx_word' id='word_1_275' title='bbox 1127 1458 1222 1494; x_wconf 90' lang='lat' dir='ltr'><strong>atque</strong></span> <span class='ocrx_word' id='word_1_276' title='bbox 1237 1453 1388 1484; x_wconf 83' lang='lat' dir='ltr'><strong>remittas.</strong></span> <span class='ocrx_word' id='word_1_277' title='bbox 1412 1460 1484 1494; x_wconf 83' lang='lat' dir='ltr'><strong>eget</strong></span> <span class='ocrx_word' id='word_1_278' title='bbox 1499 1455 1628 1496; x_wconf 86' lang='lat' dir='ltr'><strong>quidem</strong></span> <span class='ocrx_word' id='word_1_279' title='bbox 1643 1458 1691 1488; x_wconf 91' lang='lat' dir='ltr'><strong>tui</strong></span> 
     </span>
     <span class='ocr_line' id='line_1_24' title="bbox 217 1506 1689 1550; baseline 0.002 -12"><span class='ocrx_word' id='word_1_280' title='bbox 217 1512 251 1538; x_wconf 87' lang='lat' dir='ltr'><strong>et</strong></span> <span class='ocrx_word' id='word_1_281' title='bbox 266 1507 476 1549; x_wconf 78' lang='lat' dir='ltr'><strong>Speusippus.</strong></span> <span class='ocrx_word' id='word_1_282' title='bbox 502 1508 662 1550; x_wconf 86' lang='lat' dir='ltr'><strong>pollicitus</strong></span> <span class='ocrx_word' id='word_1_283' title='bbox 677 1514 786 1539; x_wconf 88' lang='lat' dir='ltr'><strong>autem</strong></span> <span class='ocrx_word' id='word_1_284' title='bbox 800 1508 879 1539; x_wconf 83' lang='lat' dir='ltr'><strong>mihi</strong></span> <span class='ocrx_word' id='word_1_285' title='bbox 906 1512 955 1538; x_wconf 88' lang='lat' dir='ltr'><strong>est</strong></span> <span class='ocrx_word' id='word_1_286' title='bbox 978 1507 1162 1544; x_wconf 74' lang='lat' dir='ltr'><strong>Philistina,</strong></span> <span class='ocrx_word' id='word_1_287' title='bbox 1178 1506 1204 1538; x_wconf 88' lang='lat' dir='ltr'><strong>si</strong></span> <span class='ocrx_word' id='word_1_288' title='bbox 1218 1507 1272 1537; x_wconf 87' lang='lat' dir='ltr'><strong>abs</strong></span> <span class='ocrx_word' id='word_1_289' title='bbox 1287 1512 1319 1537; x_wconf 87' lang='lat' dir='ltr'><strong>te</strong></span> <span class='ocrx_word' id='word_1_290' title='bbox 1336 1508 1523 1545; x_wconf 82' lang='lat' dir='ltr'><strong>dimittatur,</strong></span> <span class='ocrx_word' id='word_1_291' title='bbox 1539 1520 1573 1540; x_wconf 91' lang='lat' dir='ltr'><strong>se</strong></span> <span class='ocrx_word' id='word_1_292' title='bbox 1590 1510 1689 1541; x_wconf 85' lang='lat' dir='ltr'><strong>Athe.-</strong></span> 
     </span>
     <span class='ocr_line' id='line_1_25' title="bbox 218 1561 1692 1604; baseline 0.003 -12"><span class='ocrx_word' id='word_1_293' title='bbox 218 1571 274 1592; x_wconf 88' lang='lat' dir='ltr'><strong>nas</strong></span> <span class='ocrx_word' id='word_1_294' title='bbox 291 1572 308 1592; x_wconf 90' lang='lat' dir='ltr'><strong>e</strong></span> <span class='ocrx_word' id='word_1_295' title='bbox 323 1562 458 1604; x_wconf 84' lang='lat' dir='ltr'><strong>vestigio</strong></span> <span class='ocrx_word' id='word_1_296' title='bbox 474 1563 659 1604; x_wconf 90' lang='lat' dir='ltr'><strong>petiturum.</strong></span> <span class='ocrx_word' id='word_1_297' title='bbox 704 1562 978 1594; x_wconf 88' lang='lat' dir='ltr'><strong>Lithotoniensem</strong></span> <span class='ocrx_word' id='word_1_298' title='bbox 989 1572 1063 1592; x_wconf 87' lang='lat' dir='ltr'><strong>vero</strong></span> <span class='ocrx_word' id='word_1_299' title='bbox 1077 1561 1169 1592; x_wconf 88' lang='lat' dir='ltr'><strong>illum</strong></span> <span class='ocrx_word' id='word_1_300' title='bbox 1185 1561 1341 1592; x_wconf 85' lang='lat' dir='ltr'><strong>dimisisse</strong></span> <span class='ocrx_word' id='word_1_301' title='bbox 1358 1562 1518 1593; x_wconf 83' lang='lat' dir='ltr'><strong>laudabile</strong></span> <span class='ocrx_word' id='word_1_302' title='bbox 1531 1563 1602 1595; x_wconf 84' lang='lat' dir='ltr'><strong>fuit.</strong></span> <span class='ocrx_word' id='word_1_303' title='bbox 1612 1565 1692 1596; x_wconf 81' lang='lat' dir='ltr'><strong>levis</strong></span> 
     </span>
     <span class='ocr_line' id='line_1_26' title="bbox 217 1614 1691 1658; baseline 0.003 -12"><span class='ocrx_word' id='word_1_304' title='bbox 217 1620 326 1647; x_wconf 81' lang='lat' dir='ltr'><strong>autem</strong></span> <span class='ocrx_word' id='word_1_305' title='bbox 341 1616 454 1657; x_wconf 90' lang='lat' dir='ltr'><strong>petitio</strong></span> <span class='ocrx_word' id='word_1_306' title='bbox 464 1620 528 1647; x_wconf 87' lang='lat' dir='ltr'><strong>tam</strong></span> <span class='ocrx_word' id='word_1_307' title='bbox 542 1616 580 1646; x_wconf 91' lang='lat' dir='ltr'><strong>de</strong></span> <span class='ocrx_word' id='word_1_308' title='bbox 595 1617 682 1647; x_wconf 88' lang='lat' dir='ltr'><strong>illius</strong></span> <span class='ocrx_word' id='word_1_309' title='bbox 696 1617 883 1647; x_wconf 81' lang='lat' dir='ltr'><strong>necessariis</strong></span> <span class='ocrx_word' id='word_1_310' title='bbox 897 1627 990 1658; x_wconf 88' lang='lat' dir='ltr'><strong>quam</strong></span> <span class='ocrx_word' id='word_1_311' title='bbox 1007 1616 1047 1646; x_wconf 91' lang='lat' dir='ltr'><strong>de</strong></span> <span class='ocrx_word' id='word_1_312' title='bbox 1061 1615 1247 1657; x_wconf 81' lang='lat' dir='ltr'><strong>Hegesippo</strong></span> <span class='ocrx_word' id='word_1_313' title='bbox 1273 1614 1433 1646; x_wconf 76' lang='lat' dir='ltr'><strong>Aristonis</strong></span> <span class='ocrx_word' id='word_1_314' title='bbox 1460 1617 1536 1648; x_wconf 89' lang='lat' dir='ltr'><strong>filio.</strong></span> <span class='ocrx_word' id='word_1_315' title='bbox 1559 1628 1633 1649; x_wconf 89' lang='lat' dir='ltr'><strong>nam</strong></span> <span class='ocrx_word' id='word_1_316' title='bbox 1658 1625 1691 1650; x_wconf 92' lang='lat' dir='ltr'><strong>et</strong></span> 
     </span>
     <span class='ocr_line' id='line_1_27' title="bbox 218 1669 1688 1713; baseline 0.003 -13"><span class='ocrx_word' id='word_1_317' title='bbox 218 1669 261 1700; x_wconf 86' lang='lat' dir='ltr'><strong>ad</strong></span> <span class='ocrx_word' id='word_1_318' title='bbox 289 1679 341 1700; x_wconf 91' lang='lat' dir='ltr'><strong>me</strong></span> <span class='ocrx_word' id='word_1_319' title='bbox 366 1670 530 1712; x_wconf 85' lang='lat' dir='ltr'><strong>scripsisti,</strong></span> <span class='ocrx_word' id='word_1_320' title='bbox 557 1671 582 1701; x_wconf 91' lang='lat' dir='ltr'><strong>si</strong></span> <span class='ocrx_word' id='word_1_321' title='bbox 607 1671 678 1711; x_wconf 90' lang='lat' dir='ltr'><strong>quis</strong></span> <span class='ocrx_word' id='word_1_322' title='bbox 704 1671 777 1702; x_wconf 88' lang='lat' dir='ltr'><strong>huic</strong></span> <span class='ocrx_word' id='word_1_323' title='bbox 792 1671 844 1702; x_wconf 87' lang='lat' dir='ltr'><strong>vel</strong></span> <span class='ocrx_word' id='word_1_324' title='bbox 860 1671 923 1701; x_wconf 88' lang='lat' dir='ltr'><strong>illis</strong></span> <span class='ocrx_word' id='word_1_325' title='bbox 939 1671 1083 1713; x_wconf 87' lang='lat' dir='ltr'><strong>injuriam</strong></span> <span class='ocrx_word' id='word_1_326' title='bbox 1100 1670 1175 1700; x_wconf 78' lang='lat' dir='ltr'><strong>velit</strong></span> <span class='ocrx_word' id='word_1_327' title='bbox 1189 1670 1317 1705; x_wconf 86' lang='lat' dir='ltr'><strong>inferre,</strong></span> <span class='ocrx_word' id='word_1_328' title='bbox 1334 1680 1371 1701; x_wconf 89' lang='lat' dir='ltr'><strong>ac</strong></span> <span class='ocrx_word' id='word_1_329' title='bbox 1387 1675 1420 1700; x_wconf 92' lang='lat' dir='ltr'><strong>tu</strong></span> <span class='ocrx_word' id='word_1_330' title='bbox 1437 1671 1470 1701; x_wconf 91' lang='lat' dir='ltr'><strong>id</strong></span> <span class='ocrx_word' id='word_1_331' title='bbox 1486 1673 1688 1712; x_wconf 83' lang='lat' dir='ltr'><strong>persenseris,</strong></span> 
     </span>
     <span class='ocr_line' id='line_1_28' title="bbox 216 1724 1687 1767; baseline 0.002 -13"><span class='ocrx_word' id='word_1_332' title='bbox 216 1728 250 1754; x_wconf 83' lang='lat' dir='ltr'><strong>te</strong></span> <span class='ocrx_word' id='word_1_333' title='bbox 288 1724 416 1755; x_wconf 85' lang='lat' dir='ltr'><strong>minime</strong></span> <span class='ocrx_word' id='word_1_334' title='bbox 456 1725 699 1766; x_wconf 88' lang='lat' dir='ltr'><strong>permissurum.</strong></span> <span class='ocrx_word' id='word_1_335' title='bbox 750 1725 847 1767; x_wconf 83' lang='lat'><strong>[315]</strong></span> <span class='ocrx_word' id='word_1_336' title='bbox 898 1725 938 1756; x_wconf 86' lang='lat' dir='ltr'><strong>de</strong></span> <span class='ocrx_word' id='word_1_337' title='bbox 969 1724 1129 1766; x_wconf 84' lang='lat' dir='ltr'><strong>Lysiclide</strong></span> <span class='ocrx_word' id='word_1_338' title='bbox 1170 1729 1323 1765; x_wconf 84' lang='lat' dir='ltr'><strong>praeterea</strong></span> <span class='ocrx_word' id='word_1_339' title='bbox 1355 1734 1427 1755; x_wconf 89' lang='lat' dir='ltr'><strong>vera</strong></span> <span class='ocrx_word' id='word_1_340' title='bbox 1455 1725 1549 1755; x_wconf 84' lang='lat' dir='ltr'><strong>fateri</strong></span> <span class='ocrx_word' id='word_1_341' title='bbox 1580 1725 1687 1757; x_wconf 90' lang='lat' dir='ltr'><strong>docet.</strong></span> 
     </span>
     <span class='ocr_line' id='line_1_29' title="bbox 218 1777 1689 1821; baseline 0.002 -13"><span class='ocrx_word' id='word_1_342' title='bbox 218 1787 333 1819; x_wconf 86' lang='lat' dir='ltr'><strong>nempe</strong></span> <span class='ocrx_word' id='word_1_343' title='bbox 358 1777 443 1809; x_wconf 89' lang='lat' dir='ltr'><strong>solus</strong></span> <span class='ocrx_word' id='word_1_344' title='bbox 466 1778 525 1809; x_wconf 86' lang='lat' dir='ltr'><strong>iste</strong></span> <span class='ocrx_word' id='word_1_345' title='bbox 552 1789 589 1809; x_wconf 86' lang='lat' dir='ltr'><strong>ex</strong></span> <span class='ocrx_word' id='word_1_346' title='bbox 617 1779 667 1815; x_wconf 86' lang='lat' dir='ltr'><strong>iis,</strong></span> <span class='ocrx_word' id='word_1_347' title='bbox 691 1779 742 1820; x_wconf 89' lang='lat' dir='ltr'><strong>qui</strong></span> <span class='ocrx_word' id='word_1_348' title='bbox 771 1778 880 1811; x_wconf 80' lang='lat' dir='ltr'><strong>Sicilia</strong></span> <span class='ocrx_word' id='word_1_349' title='bbox 904 1779 1047 1810; x_wconf 72' lang='lat' dir='ltr'><strong>Athenas</strong></span> <span class='ocrx_word' id='word_1_350' title='bbox 1075 1778 1209 1820; x_wconf 80' lang='lat' dir='ltr'><strong>profecti</strong></span> <span class='ocrx_word' id='word_1_351' title='bbox 1235 1783 1318 1813; x_wconf 84' lang='lat' dir='ltr'><strong>sunt,</strong></span> <span class='ocrx_word' id='word_1_352' title='bbox 1333 1779 1413 1809; x_wconf 85' lang='lat' dir='ltr'><strong>nihil</strong></span> <span class='ocrx_word' id='word_1_353' title='bbox 1429 1778 1462 1808; x_wconf 91' lang='lat' dir='ltr'><strong>in</strong></span> <span class='ocrx_word' id='word_1_354' title='bbox 1479 1783 1532 1809; x_wconf 88' lang='lat' dir='ltr'><strong>tua</strong></span> <span class='ocrx_word' id='word_1_355' title='bbox 1553 1789 1689 1821; x_wconf 86' lang='lat' dir='ltr'><strong>meaque</strong></span> 
     </span>
     <span class='ocr_line' id='line_1_30' title="bbox 218 1832 1692 1875; baseline 0.002 -13"><span class='ocrx_word' id='word_1_356' title='bbox 218 1832 450 1863; x_wconf 81' lang='lat' dir='ltr'><strong>consuetudine</strong></span> <span class='ocrx_word' id='word_1_357' title='bbox 481 1832 676 1864; x_wconf 85' lang='lat' dir='ltr'><strong>immutavit:</strong></span> <span class='ocrx_word' id='word_1_358' title='bbox 702 1833 758 1864; x_wconf 88' lang='lat' dir='ltr'><strong>sed</strong></span> <span class='ocrx_word' id='word_1_359' title='bbox 781 1844 852 1875; x_wconf 87' lang='lat' dir='ltr'><strong>quae</strong></span> <span class='ocrx_word' id='word_1_360' title='bbox 874 1834 960 1865; x_wconf 82' lang='lat' dir='ltr'><strong>facta</strong></span> <span class='ocrx_word' id='word_1_361' title='bbox 984 1839 1070 1870; x_wconf 88' lang='lat' dir='ltr'><strong>sunt,</strong></span> <span class='ocrx_word' id='word_1_362' title='bbox 1099 1832 1243 1874; x_wconf 84' lang='lat' dir='ltr'><strong>quotidie</strong></span> <span class='ocrx_word' id='word_1_363' title='bbox 1268 1832 1370 1863; x_wconf 86' lang='lat' dir='ltr'><strong>verbis</strong></span> <span class='ocrx_word' id='word_1_364' title='bbox 1388 1842 1444 1874; x_wconf 89' lang='lat' dir='ltr'><strong>pro</strong></span> <span class='ocrx_word' id='word_1_365' title='bbox 1459 1833 1580 1864; x_wconf 78' lang='lat' dir='ltr'><strong>viribus</strong></span> <span class='ocrx_word' id='word_1_366' title='bbox 1596 1835 1692 1875; x_wconf 83' lang='lat' dir='ltr'><strong>magis</strong></span> 
     </span>
     <span class='ocr_line' id='line_1_31' title="bbox 221 1886 379 1917; baseline 0 0"><span class='ocrx_word' id='word_1_367' title='bbox 221 1886 379 1917; x_wconf 86' lang='lat' dir='ltr'><strong>honestat.</strong></span> 
     </span>
    </p>
   </div>
   <div class='ocr_carea' id='block_1_3' title="bbox 895 2108 1010 2171">
    <p class='ocr_par' dir='ltr' id='par_1_3' title="bbox 895 2108 1010 2171">
     <span class='ocr_line' id='line_1_32' title="bbox 895 2108 1010 2171; baseline 0 0"><span class='ocrx_word' id='word_1_368' title='bbox 895 2108 1010 2171; x_wconf 71' lang='grc' dir='ltr'><strong>.</strong></span> 
     </span>
    </p>
   </div>
   <div class='ocr_carea' id='block_1_4' title="bbox 754 2257 1168 2290">
    <p class='ocr_par' dir='ltr' id='par_1_4' title="bbox 754 2257 1168 2290">
     <span class='ocr_line' id='line_1_33' title="bbox 754 2257 1168 2290; baseline 0.002 -1"><span class='ocrx_word' id='word_1_369' title='bbox 754 2257 902 2290; x_wconf 90' lang='lat' dir='ltr'><strong>PLATO</strong></span> <span class='ocrx_word' id='word_1_370' title='bbox 928 2258 1168 2290; x_wconf 87' lang='lat' dir='ltr'><strong>DIONYSIO.</strong></span> 
     </span>
    </p>
   </div>
   <div class='ocr_carea' id='block_1_5' title="bbox 219 2366 1694 2896">
    <p class='ocr_par' dir='ltr' id='par_1_5' title="bbox 219 2366 1693 2683">
     <span class='ocr_line' id='line_1_34' title="bbox 221 2366 1691 2410; baseline -0.001 -12"><span class='ocrx_word' id='word_1_371' title='bbox 221 2366 341 2403; x_wconf 73' lang='lat' dir='ltr'><strong>Pizus,</strong></span> <span class='ocrx_word' id='word_1_372' title='bbox 364 2377 405 2398; x_wconf 79' lang='lat' dir='ltr'><strong>an</strong></span> <span class='ocrx_word' id='word_1_373' title='bbox 435 2367 551 2399; x_wconf 86' lang='lat' dir='ltr'><strong>rectius</strong></span> <span class='ocrx_word' id='word_1_374' title='bbox 575 2372 711 2410; x_wconf 84' lang='lat' dir='ltr'><strong>ponatur</strong></span> <span class='ocrx_word' id='word_1_375' title='bbox 735 2369 770 2400; x_wconf 87' lang='lat' dir='ltr'><strong>in</strong></span> <span class='ocrx_word' id='word_1_376' title='bbox 795 2369 1049 2405; x_wconf 83' lang='lat' dir='ltr'><strong>salutationibus,</strong></span> <span class='ocrx_word' id='word_1_377' title='bbox 1072 2367 1231 2410; x_wconf 80' lang='lat' dir='ltr'><strong>gaudere:</strong></span> <span class='ocrx_word' id='word_1_378' title='bbox 1266 2377 1318 2404; x_wconf 83' lang='lat' dir='ltr'><strong>an,</strong></span> <span class='ocrx_word' id='word_1_379' title='bbox 1344 2366 1610 2409; x_wconf 83' lang='lat' dir='ltr'><strong>quemadmodum</strong></span> <span class='ocrx_word' id='word_1_380' title='bbox 1633 2375 1691 2407; x_wconf 86' lang='lat' dir='ltr'><strong>ego</strong></span> 
     </span>
     <span class='ocr_line' id='line_1_35' title="bbox 221 2420 1692 2465; baseline -0.001 -14"><span class='ocrx_word' id='word_1_381' title='bbox 221 2421 335 2452; x_wconf 85' lang='lat' dir='ltr'><strong>solitus</strong></span> <span class='ocrx_word' id='word_1_382' title='bbox 357 2430 427 2452; x_wconf 89' lang='lat' dir='ltr'><strong>sum</strong></span> <span class='ocrx_word' id='word_1_383' title='bbox 449 2422 584 2453; x_wconf 84' lang='lat' dir='ltr'><strong>scribere</strong></span> <span class='ocrx_word' id='word_1_384' title='bbox 612 2423 652 2453; x_wconf 88' lang='lat' dir='ltr'><strong>ad</strong></span> <span class='ocrx_word' id='word_1_385' title='bbox 669 2423 802 2461; x_wconf 80' lang='lat' dir='ltr'><strong>amicos,</strong></span> <span class='ocrx_word' id='word_1_386' title='bbox 817 2423 899 2454; x_wconf 86' lang='lat' dir='ltr'><strong>bene</strong></span> <span class='ocrx_word' id='word_1_387' title='bbox 916 2433 1022 2465; x_wconf 86' lang='lat' dir='ltr'><strong>agere.</strong></span> <span class='ocrx_word' id='word_1_388' title='bbox 1045 2429 1081 2454; x_wconf 87' lang='lat' dir='ltr'><strong>tu</strong></span> <span class='ocrx_word' id='word_1_389' title='bbox 1096 2422 1238 2464; x_wconf 89' lang='lat' dir='ltr'><strong>quidem,</strong></span> <span class='ocrx_word' id='word_1_390' title='bbox 1256 2428 1289 2452; x_wconf 88' lang='lat' dir='ltr'><strong>ut</strong></span> <span class='ocrx_word' id='word_1_391' title='bbox 1304 2422 1391 2453; x_wconf 81' lang='lat' dir='ltr'><strong>aiunt</strong></span> <span class='ocrx_word' id='word_1_392' title='bbox 1406 2422 1451 2458; x_wconf 78' lang='lat' dir='ltr'><strong>hi,</strong></span> <span class='ocrx_word' id='word_1_393' title='bbox 1467 2422 1522 2463; x_wconf 89' lang='lat' dir='ltr'><strong>qui</strong></span> <span class='ocrx_word' id='word_1_394' title='bbox 1537 2426 1643 2451; x_wconf 82' lang='lat' dir='ltr'><strong>tecum</strong></span> <span class='ocrx_word' id='word_1_395' title='bbox 1657 2420 1692 2450; x_wconf 90' lang='lat' dir='ltr'><strong>in</strong></span> 
     </span>
     <span class='ocr_line' id='line_1_36' title="bbox 221 2473 1693 2519; baseline -0.001 -14"><span class='ocrx_word' id='word_1_396' title='bbox 221 2474 359 2516; x_wconf 85' lang='lat' dir='ltr'><strong>Delphis</strong></span> <span class='ocrx_word' id='word_1_397' title='bbox 375 2475 544 2513; x_wconf 83' lang='lat' dir='ltr'><strong>affuerunt,</strong></span> <span class='ocrx_word' id='word_1_398' title='bbox 560 2476 604 2507; x_wconf 82' lang='lat' dir='ltr'><strong>ita</strong></span> <span class='ocrx_word' id='word_1_399' title='bbox 620 2476 728 2507; x_wconf 90' lang='lat' dir='ltr'><strong>Deum</strong></span> <span class='ocrx_word' id='word_1_400' title='bbox 743 2477 848 2518; x_wconf 84' lang='lat' dir='ltr'><strong>ipsum</strong></span> <span class='ocrx_word' id='word_1_401' title='bbox 861 2478 976 2508; x_wconf 86' lang='lat' dir='ltr'><strong>blande</strong></span> <span class='ocrx_word' id='word_1_402' title='bbox 989 2477 1121 2519; x_wconf 86' lang='lat' dir='ltr'><strong>alloqui,</strong></span> <span class='ocrx_word' id='word_1_403' title='bbox 1135 2487 1171 2508; x_wconf 86' lang='lat' dir='ltr'><strong>ac</strong></span> <span class='ocrx_word' id='word_1_404' title='bbox 1185 2476 1329 2507; x_wconf 87' lang='lat' dir='ltr'><strong>similiter</strong></span> <span class='ocrx_word' id='word_1_405' title='bbox 1342 2476 1478 2507; x_wconf 90' lang='lat' dir='ltr'><strong>scribere</strong></span> <span class='ocrx_word' id='word_1_406' title='bbox 1492 2473 1693 2509; x_wconf 82' lang='lat' dir='ltr'><strong>consuevisti,</strong></span> 
     </span>
     <span class='ocr_line' id='line_1_37' title="bbox 223 2528 1692 2574; baseline -0.003 -13"><span class='ocrx_word' id='word_1_407' title='bbox 223 2528 349 2566; x_wconf 83' lang='lat' dir='ltr'><strong>Gaude,</strong></span> <span class='ocrx_word' id='word_1_408' title='bbox 378 2530 536 2571; x_wconf 79' lang='lat' dir='ltr'><strong>vitamque</strong></span> <span class='ocrx_word' id='word_1_409' title='bbox 561 2531 692 2572; x_wconf 83' lang='lat' dir='ltr'><strong>tyranni</strong></span> <span class='ocrx_word' id='word_1_410' title='bbox 713 2531 891 2573; x_wconf 88' lang='lat' dir='ltr'><strong>jucundam</strong></span> <span class='ocrx_word' id='word_1_411' title='bbox 917 2542 1017 2564; x_wconf 79' lang='lat' dir='ltr'><strong>serva.</strong></span> <span class='ocrx_word' id='word_1_412' title='bbox 1042 2541 1102 2574; x_wconf 84' lang='lat' dir='ltr'><strong>ego</strong></span> <span class='ocrx_word' id='word_1_413' title='bbox 1128 2537 1232 2562; x_wconf 82' lang='lat' dir='ltr'><strong>autem</strong></span> <span class='ocrx_word' id='word_1_414' title='bbox 1260 2540 1367 2572; x_wconf 88' lang='lat' dir='ltr'><strong>neque</strong></span> <span class='ocrx_word' id='word_1_415' title='bbox 1394 2530 1503 2560; x_wconf 82' lang='lat' dir='ltr'><strong>Deum</strong></span> <span class='ocrx_word' id='word_1_416' title='bbox 1524 2530 1582 2559; x_wconf 88' lang='lat' dir='ltr'><strong>hoc</strong></span> <span class='ocrx_word' id='word_1_417' title='bbox 1597 2528 1692 2558; x_wconf 85' lang='lat' dir='ltr'><strong>modo</strong></span> 
     </span>
     <span class='ocr_line' id='line_1_38' title="bbox 219 2583 1691 2628; baseline -0.003 -14"><span class='ocrx_word' id='word_1_418' title='bbox 219 2593 325 2626; x_wconf 86' lang='lat' dir='ltr'><strong>neque</strong></span> <span class='ocrx_word' id='word_1_419' title='bbox 337 2584 499 2615; x_wconf 87' lang='lat' dir='ltr'><strong>hominem</strong></span> <span class='ocrx_word' id='word_1_420' title='bbox 513 2585 686 2616; x_wconf 87' lang='lat' dir='ltr'><strong>salutarim.</strong></span> <span class='ocrx_word' id='word_1_421' title='bbox 709 2596 774 2617; x_wconf 90' lang='lat' dir='ltr'><strong>non</strong></span> <span class='ocrx_word' id='word_1_422' title='bbox 797 2586 915 2623; x_wconf 87' lang='lat' dir='ltr'><strong>Deum,</strong></span> <span class='ocrx_word' id='word_1_423' title='bbox 931 2587 1004 2628; x_wconf 91' lang='lat' dir='ltr'><strong>quia</strong></span> <span class='ocrx_word' id='word_1_424' title='bbox 1019 2591 1129 2618; x_wconf 89' lang='lat' dir='ltr'><strong>contra</strong></span> <span class='ocrx_word' id='word_1_425' title='bbox 1145 2586 1232 2616; x_wconf 88' lang='lat' dir='ltr'><strong>illius</strong></span> <span class='ocrx_word' id='word_1_426' title='bbox 1247 2589 1391 2615; x_wconf 80' lang='lat' dir='ltr'><strong>naturam</strong></span> <span class='ocrx_word' id='word_1_427' title='bbox 1407 2584 1553 2625; x_wconf 89' lang='lat' dir='ltr'><strong>loquerer</strong></span> <span class='ocrx_word' id='word_1_428' title='bbox 1571 2593 1577 2611; x_wconf 90' lang='lat'>:</span> <span class='ocrx_word' id='word_1_429' title='bbox 1602 2583 1691 2622; x_wconf 60' lang='lat' dir='ltr'><strong>(ram</strong></span> 
     </span>
     <span class='ocr_line' id='line_1_39' title="bbox 221 2637 1659 2683; baseline -0.003 -14"><span class='ocrx_word' id='word_1_430' title='bbox 221 2639 333 2680; x_wconf 88' lang='lat' dir='ltr'><strong>procul</strong></span> <span class='ocrx_word' id='word_1_431' title='bbox 349 2649 368 2669; x_wconf 85' lang='lat' dir='ltr'><strong>a</strong></span> <span class='ocrx_word' id='word_1_432' title='bbox 380 2639 527 2671; x_wconf 80' lang='lat' dir='ltr'><strong>molestia</strong></span> <span class='ocrx_word' id='word_1_433' title='bbox 549 2645 582 2670; x_wconf 90' lang='lat' dir='ltr'><strong>et</strong></span> <span class='ocrx_word' id='word_1_434' title='bbox 597 2640 759 2682; x_wconf 82' lang='lat' dir='ltr'><strong>voluptate</strong></span> <span class='ocrx_word' id='word_1_435' title='bbox 782 2640 951 2683; x_wconf 81' lang='lat' dir='ltr'><strong>divinitas)</strong></span> <span class='ocrx_word' id='word_1_436' title='bbox 975 2651 1038 2672; x_wconf 88' lang='lat' dir='ltr'><strong>non</strong></span> <span class='ocrx_word' id='word_1_437' title='bbox 1061 2639 1234 2677; x_wconf 82' lang='lat' dir='ltr'><strong>hominem,</strong></span> <span class='ocrx_word' id='word_1_438' title='bbox 1250 2639 1325 2680; x_wconf 85' lang='lat' dir='ltr'><strong>quia</strong></span> <span class='ocrx_word' id='word_1_439' title='bbox 1341 2638 1456 2679; x_wconf 81' lang='lat' dir='ltr'><strong>saepins</strong></span> <span class='ocrx_word' id='word_1_440' title='bbox 1471 2637 1659 2668; x_wconf 62' lang='lat' dir='ltr'><strong>detrimentu</strong></span> 
     </span>
    </p>

    <p class='ocr_par' dir='ltr' id='par_1_6' title="bbox 220 2690 1694 2896">
     <span class='ocr_line' id='line_1_40' title="bbox 220 2690 1693 2736; baseline -0.003 -13"><span class='ocrx_word' id='word_1_441' title='bbox 220 2697 254 2723; x_wconf 91' lang='lat' dir='ltr'><strong>et</strong></span> <span class='ocrx_word' id='word_1_442' title='bbox 275 2693 418 2724; x_wconf 87' lang='lat' dir='ltr'><strong>dolorem</strong></span> <span class='ocrx_word' id='word_1_443' title='bbox 444 2693 502 2724; x_wconf 86' lang='lat' dir='ltr'><strong>sibi</strong></span> <span class='ocrx_word' id='word_1_444' title='bbox 516 2693 608 2724; x_wconf 83' lang='lat' dir='ltr'><strong>affert</strong></span> <span class='ocrx_word' id='word_1_445' title='bbox 622 2693 780 2736; x_wconf 88' lang='lat' dir='ltr'><strong>voluptas,</strong></span> <span class='ocrx_word' id='word_1_446' title='bbox 797 2695 1025 2727; x_wconf 88' lang='lat' dir='ltr'><strong>hebetudinem</strong></span> <span class='ocrx_word' id='word_1_447' title='bbox 1038 2695 1072 2725; x_wconf 88' lang='lat' dir='ltr'><strong>in</strong></span> <span class='ocrx_word' id='word_1_448' title='bbox 1088 2694 1193 2725; x_wconf 87' lang='lat' dir='ltr'><strong>animo</strong></span> <span class='ocrx_word' id='word_1_449' title='bbox 1209 2698 1242 2724; x_wconf 87' lang='lat' dir='ltr'><strong>et</strong></span> <span class='ocrx_word' id='word_1_450' title='bbox 1257 2693 1462 2728; x_wconf 89' lang='lat' dir='ltr'><strong>oblivionem,</strong></span> <span class='ocrx_word' id='word_1_451' title='bbox 1479 2690 1693 2732; x_wconf 72' lang='lat' dir='ltr'><strong>insipientiam</strong></span> 
     </span>
     <span class='ocr_line' id='line_1_41' title="bbox 221 2745 1692 2790; baseline -0.003 -13"><span class='ocrx_word' id='word_1_452' title='bbox 221 2751 256 2777; x_wconf 87' lang='lat' dir='ltr'><strong>et</strong></span> <span class='ocrx_word' id='word_1_453' title='bbox 282 2748 492 2788; x_wconf 79' lang='lat' dir='ltr'><strong>petulentiam</strong></span> <span class='ocrx_word' id='word_1_454' title='bbox 520 2747 653 2788; x_wconf 86' lang='lat' dir='ltr'><strong>pariens.</strong></span> <span class='ocrx_word' id='word_1_455' title='bbox 677 2755 709 2779; x_wconf 91' lang='lat' dir='ltr'><strong>et</strong></span> <span class='ocrx_word' id='word_1_456' title='bbox 732 2750 773 2779; x_wconf 86' lang='lat' dir='ltr'><strong>de</strong></span> <span class='ocrx_word' id='word_1_457' title='bbox 798 2749 988 2780; x_wconf 80' lang='lat' dir='ltr'><strong>salutatione</strong></span> <span class='ocrx_word' id='word_1_458' title='bbox 1011 2749 1139 2790; x_wconf 89' lang='lat' dir='ltr'><strong>quidem</strong></span> <span class='ocrx_word' id='word_1_459' title='bbox 1157 2749 1230 2779; x_wconf 65' lang='lat' dir='ltr'><strong>haec</strong></span> <span class='ocrx_word' id='word_1_460' title='bbox 1254 2747 1332 2778; x_wconf 77' lang='lat' dir='ltr'><strong>mihi</strong></span> <span class='ocrx_word' id='word_1_461' title='bbox 1347 2746 1432 2777; x_wconf 87' lang='lat' dir='ltr'><strong>dicta</strong></span> <span class='ocrx_word' id='word_1_462' title='bbox 1449 2745 1533 2777; x_wconf 85' lang='lat' dir='ltr'><strong>sint:</strong></span> <span class='ocrx_word' id='word_1_463' title='bbox 1559 2754 1627 2785; x_wconf 78' lang='lat' dir='ltr'><strong>quae</strong></span> <span class='ocrx_word' id='word_1_464' title='bbox 1646 2752 1692 2778; x_wconf 80' lang='lat' dir='ltr'><strong>tu,</strong></span> 
     </span>
     <span class='ocr_line' id='line_1_42' title="bbox 221 2799 1690 2844; baseline -0.003 -12"><span class='ocrx_word' id='word_1_465' title='bbox 221 2806 388 2842; x_wconf 82' lang='lat' dir='ltr'><strong>postquam</strong></span> <span class='ocrx_word' id='word_1_466' title='bbox 414 2802 538 2844; x_wconf 87' lang='lat' dir='ltr'><strong>legeris,</strong></span> <span class='ocrx_word' id='word_1_467' title='bbox 554 2802 646 2833; x_wconf 86' lang='lat' dir='ltr'><strong>sicuti</strong></span> <span class='ocrx_word' id='word_1_468' title='bbox 662 2803 762 2839; x_wconf 86' lang='lat' dir='ltr'><strong>voles,</strong></span> <span class='ocrx_word' id='word_1_469' title='bbox 775 2803 821 2834; x_wconf 87' lang='lat' dir='ltr'><strong>ita</strong></span> <span class='ocrx_word' id='word_1_470' title='bbox 849 2804 967 2844; x_wconf 86' lang='lat' dir='ltr'><strong>capies.</strong></span> <span class='ocrx_word' id='word_1_471' title='bbox 990 2803 1096 2834; x_wconf 82' lang='lat' dir='ltr'><strong>ferunt</strong></span> <span class='ocrx_word' id='word_1_472' title='bbox 1112 2812 1186 2832; x_wconf 77' lang='lat' dir='ltr'><strong>vero</strong></span> <span class='ocrx_word' id='word_1_473' title='bbox 1200 2811 1266 2832; x_wconf 86' lang='lat' dir='ltr'><strong>non</strong></span> <span class='ocrx_word' id='word_1_474' title='bbox 1281 2801 1376 2842; x_wconf 83' lang='lat' dir='ltr'><strong>pauci</strong></span> <span class='ocrx_word' id='word_1_475' title='bbox 1392 2806 1424 2831; x_wconf 85' lang='lat' dir='ltr'><strong>te</strong></span> <span class='ocrx_word' id='word_1_476' title='bbox 1441 2800 1545 2830; x_wconf 56' lang='lat' dir='ltr'><strong>dicere</strong></span> <span class='ocrx_word' id='word_1_477' title='bbox 1561 2799 1690 2828; x_wconf 81' lang='lat' dir='ltr'><strong>solitum</strong></span> 
     </span>
     <span class='ocr_line' id='line_1_43' title="bbox 222 2851 1694 2896; baseline -0.004 -9"><span class='ocrx_word' id='word_1_478' title='bbox 222 2854 264 2885; x_wconf 80' lang='lat' dir='ltr'><strong>ad</strong></span> <span class='ocrx_word' id='word_1_479' title='bbox 279 2854 399 2896; x_wconf 82' lang='lat' dir='ltr'><strong>legatos</strong></span> <span class='ocrx_word' id='word_1_480' title='bbox 412 2856 576 2896; x_wconf 83' lang='lat' dir='ltr'><strong>quosdam,</strong></span> <span class='ocrx_word' id='word_1_481' title='bbox 593 2855 668 2887; x_wconf 89' lang='lat' dir='ltr'><strong>dum</strong></span> <span class='ocrx_word' id='word_1_482' title='bbox 686 2862 715 2888; x_wconf 88' lang='lat' dir='ltr'><strong>te</strong></span> <span class='ocrx_word' id='word_1_483' title='bbox 732 2856 862 2892; x_wconf 83' lang='lat' dir='ltr'><strong>adeunt,</strong></span> <span class='ocrx_word' id='word_1_484' title='bbox 877 2858 910 2888; x_wconf 88' lang='lat' dir='ltr'><strong>in</strong></span> <span class='ocrx_word' id='word_1_485' title='bbox 926 2857 1031 2888; x_wconf 86' lang='lat' dir='ltr'><strong>animo</strong></span> <span class='ocrx_word' id='word_1_486' title='bbox 1047 2856 1192 2887; x_wconf 80' lang='lat' dir='ltr'><strong>habuisse</strong></span> <span class='ocrx_word' id='word_1_487' title='bbox 1218 2855 1347 2886; x_wconf 75' lang='lat' dir='ltr'><strong>Graecas</strong></span> <span class='ocrx_word' id='word_1_488' title='bbox 1371 2855 1517 2885; x_wconf 78' lang='lat' dir='ltr'><strong>civitates</strong></span> <span class='ocrx_word' id='word_1_489' title='bbox 1543 2853 1572 2881; x_wconf 89' lang='lat' dir='ltr'><strong>in</strong></span> <span class='ocrx_word' id='word_1_490' title='bbox 1588 2851 1694 2882; x_wconf 80' lang='lat' dir='ltr'><strong>Sicilia</strong></span> 
     </span>
    </p>
   </div>
   <div class='ocr_carea' id='block_1_6' title="bbox 223 2905 1695 2996">
    <p class='ocr_par' dir='ltr' id='par_1_7' title="bbox 223 2905 1695 2996">
     <span class='ocr_line' id='line_1_44' title="bbox 223 2905 1695 2954; baseline -0.003 -15"><span class='ocrx_word' id='word_1_491' title='bbox 223 2909 390 2940; x_wconf 81' lang='lat' dir='ltr'><strong>restituere</strong></span> <span class='ocrx_word' id='word_1_492' title='bbox 405 2915 438 2940; x_wconf 88' lang='lat' dir='ltr'><strong>et</strong></span> <span class='ocrx_word' id='word_1_493' title='bbox 451 2910 670 2952; x_wconf 77' lang='lat' dir='ltr'><strong>Syracusanos</strong></span> <span class='ocrx_word' id='word_1_494' title='bbox 693 2911 834 2942; x_wconf 80' lang='lat' dir='ltr'><strong>relevare</strong></span> <span class='ocrx_word' id='word_1_495' title='bbox 850 2921 888 2942; x_wconf 78' lang='lat' dir='ltr'><strong>ac</strong></span> <span class='ocrx_word' id='word_1_496' title='bbox 900 2922 958 2953; x_wconf 85' lang='lat' dir='ltr'><strong>pro</strong></span> <span class='ocrx_word' id='word_1_497' title='bbox 973 2910 1142 2954; x_wconf 85' lang='lat' dir='ltr'><strong>tyrannide</strong></span> <span class='ocrx_word' id='word_1_498' title='bbox 1159 2910 1279 2951; x_wconf 86' lang='lat' dir='ltr'><strong>regiam</strong></span> <span class='ocrx_word' id='word_1_499' title='bbox 1295 2908 1549 2950; x_wconf 78' lang='lat' dir='ltr'><strong>gubernationem</strong></span> <span class='ocrx_word' id='word_1_500' title='bbox 1566 2905 1630 2935; x_wconf 76' lang='lat' dir='ltr'><strong>illis</strong></span> <span class='ocrx_word' id='word_1_501' title='bbox 1645 2905 1695 2935; x_wconf 89' lang='lat' dir='ltr'><strong>in-</strong></span> 
     </span>
     <span class='ocr_line' id='line_1_45' title="bbox 316 2959 1605 2996; baseline -0.003 -2"><span class='ocrx_word' id='word_1_502' title='bbox 316 2962 404 2994; x_wconf 75' lang='lat' dir='ltr'><strong>Plat.</strong></span> <span class='ocrx_word' id='word_1_503' title='bbox 425 2963 479 2994; x_wconf 85' lang='lat' dir='ltr'><strong>Tr.</strong></span> <span class='ocrx_word' id='word_1_504' title='bbox 982 2966 1016 2996; x_wconf 80' lang='lat'><strong>11</strong></span> <span class='ocrx_word' id='word_1_505' title='bbox 1543 2964 1560 2991; x_wconf 86' lang='lat'>3</span> <span class='ocrx_word' id='word_1_506' title='bbox 1577 2959 1605 2989; x_wconf 92' lang='lat' dir='ltr'><strong>O</strong></span> 
     </span>
    </p>
   </div>
  </div>
 </body>
</html>
