1840 3225
150 235 247 286 865]
603 232 677 271 DE
708 230 938 269 LEGIBUS
976 229 1074 268 LlB.
1107 229 1177 268 IX.
1535 230 1611 267 399

147 338 325 380 simplicem
353 337 378 368 is
405 342 512 378 ponet,
539 336 669 367 alteram
698 334 871 375 duplicem·
896 338 929 363 et
949 332 1121 373 simplicem
1138 332 1265 373 quidem
1282 332 1396 363 levium
1412 338 1611 374 peccatorum

149 402 274 424 causam
290 392 486 423 arbitrabitur
501 403 508 422 ι
535 390 694 431 duplicem
710 398 783 420 vero
800 387 934 423 vocabit,
955 386 1082 428 quando
1105 397 1168 417 non
1196 388 1389 428 ignoratione
1406 389 1504 418 solum
1527 387 1613 428 quis-

149 446 232 488 piam
250 446 417 482 detinetur,
433 445 486 476 sed
512 445 606 475 etiam
630 442 792 484 sapientiae
819 440 968 482 opinione
994 440 1129 476 inflatus,
1160 452 1229 481 quae
1257 441 1384 472 omuino
1414 441 1548 482 ignorat,
1575 451 1612 471 ea

146 501 226 532 scire
253 511 285 531 se
309 510 434 542 prorsus
463 498 629 529 existimat.
653 498 746 534 hanc,
772 496 799 527 si
830 494 910 526 vires
936 494 1088 535 roburque
1111 500 1278 525 consecuta
1306 495 1410 531 fuerit,
1438 495 1613 536 ingentium

150 555 459 596 turpissimorumque
475 552 627 584 scelerum
642 560 768 582 causam
782 560 848 580 esse
864 548 1021 580 censebit:
1038 549 1086 578 sin
1102 553 1206 579 autem
1217 549 1431 580 imbecillitate
1447 554 1615 590 prematur,

149 615 281 650 peccata
309 614 342 640 et
369 617 534 649 puerorum
564 611 598 636 et
625 605 778 636 seniorum
802 604 877 634 inde
907 603 1047 645 profecta
1064 609 1192 644 peccata
1207 603 1336 644 quidem
1352 613 1420 634 esse
1436 603 1569 644 putabit,
1583 607 1615 633 et

148 662 211 694 illis
238 668 384 704 tanquam
411 660 617 703 peccantibus
645 661 733 701 leges
755 659 946 701 praescribet,
976 657 1034 689 sed
1060 657 1237 688 mitissimas
1262 658 1401 688 omnium
1417 658 1614 699 plurimaque

150 717 244 749 venia
259 722 291 747 et
302 716 501 758 indulgentia
516 715 636 757 plenas.
680 714 757 745 CLr.
780 713 921 754 AEquum
944 712 976 742 id
1000 716 1059 742 est.
1102 712 1240 743 Arnen.
1263 712 1316 742 De
1343 712 1504 753 voluptate
1520 716 1615 751 atque

149 771 198 803 ira
207 771 420 802 consentimus
433 771 530 801 ferme
545 779 664 805 omnes,
681 768 759 799 alios
772 767 901 809 quidem
917 766 1056 797 homines
1072 766 1142 796 illas
1158 766 1296 806 vincere,
1309 766 1387 796 alios
1404 765 1495 796 vinci.
1517 770 1612 806 atquc

145 825 191 856 ita
217 829 267 857 est
292 825 431 856 omnino.
477 824 553 856 cm.
576 823 627 855 Ita
653 832 790 865 prorsus,
834 821 976 853 Arum.
1000 820 1215 862 Ignorantiam
1226 831 1299 851 vero
1315 820 1393 851 alios
1408 829 1566 861 superare,
1582 823 1616 849 et

148 879 188 910 ab
204 879 275 910 aliis
286 879 436 920 superari,
449 888 612 919 nunquam
628 876 816 913 audivimuS.
860 875 940 906 Cu.
964 876 1048 907 Vera
1074 885 1189 906 narras.
1233 874 1372 905 Arnim.
1395 875 1526 914 Singula
1546 875 1615 904 haec

149 932 191 964 ad
217 944 251 964 se
274 944 384 975 rapere
412 932 570 963 hominem
601 932 744 967 dicimus,
771 940 857 972 saepe
888 930 981 960 simul
1005 930 1045 961 ad
1058 930 1213 961 contraria
1226 934 1370 960 tractum.
1415 928 1493 959 Cn.
1515 927 1616 958 Immo

148 987 332 1029 saepissime.
363 987 438 1018 Arn
445 997 501 1017 EN.
518 986 613 1017 Nunc
623 986 689 1028 jam
704 985 772 1021 tibi,
787 984 862 1026 quid
873 984 994 1026 justum
1009 985 1124 1025 quidve
1140 983 1288 1026 injustum
1305 983 1389 1020 dico,
1402 983 1483 1014 clare
1497 982 1616 1023 absque

149 1041 215 1072 ulla
230 1041 433 1083 ambiguitate
450 1050 614 1082 exponam.
634 1040 688 1070 irae
702 1049 836 1080 namque
853 1044 947 1080 atque
960 1038 1090 1075 timoris,
1103 1038 1319 1079 voluptatis“et
1331 1038 1456 1073 doloris,
1472 1036 1618 1068 invidiae-

149 1106 210 1138 que
236 1101 269 1127 et
293 1095 476 1137 cupiditatis
500 1093 696 1137 tyrannidem
713 1093 744 1124 in
762 1093 879 1129 animo,
901 1093 967 1124 sive
984 1097 1098 1123 noceat
1112 1093 1178 1123 sive
1192 1103 1268 1128 non,
1285 1092 1411 1122 omnino
1427 1090 1617 1132 injustitiam

149 1150 287 1182 nomino.
312 1150 409 1192 [864]
434 1149 491 1180 sed
517 1149 696 1190 opinionem
723 1148 848 1189 optimi,
873 1158 935 1189 qua
961 1146 1114 1177 videlicet
1140 1147 1260 1177 ratione
1290 1146 1400 1177 civitas
1429 1145 1478 1175 vel
1502 1143 1614 1186 privati

150 1204 248 1246 aliqui
262 1204 428 1245 putabunt,
444 1204 470 1234 si
482 1203 588 1235 animo
602 1202 764 1233 dominata
781 1211 904 1232 omnem
919 1201 1019 1232 virum
1034 1206 1174 1236 exornet,
1191 1199 1315 1230 etiamsi
1328 1198 1403 1242 quid
1419 1199 1522 1229 minus
1539 1197 1617 1229 recti

150 1257 196 1288 illi
223 1258 418 1294 successerit,
437 1257 596 1299 justitiam
623 1256 777 1288 nomino:
802 1262 835 1286 et
858 1255 1006 1297 quicquid
1031 1255 1105 1286 inde
1129 1260 1252 1295 gestum
1266 1259 1324 1288 est,
1336 1254 1452 1296 justum
1467 1253 1610 1294 appello:

151 1317 247 1353 atque
261 1322 324 1349 eos,
335 1313 389 1354 qui
403 1312 578 1354 hujusmodi
592 1310 782 1353 principatui
796 1311 931 1341 libenter
945 1315 1067 1351 parent,
1084 1310 1201 1351 optime
1218 1309 1322 1339 vivere
1340 1308 1432 1339 duco.
1446 1305 1618 1338 illiusmodi

151 1377 223 1396 vero
245 1366 403 1403 damnum,
430 1366 575 1408 injuriam
599 1375 662 1396 nou
691 1369 802 1406 sponte
834 1364 1028 1395 commissam
1043 1363 1165 1405 plurimi
1183 1363 1360 1404 opinantur.
1382 1372 1440 1392 nos
1455 1368 1559 1391 autem
1576 1361 1618 1390 de

150 1421 310 1451 vocabulis
333 1430 396 1451 non
427 1419 655 1451 contendimus.
686 1430 791 1449 verum
815 1419 964 1459 quoniam
991 1424 1053 1448 tres
1074 1422 1276 1459 peccatorum
1292 1417 1413 1457 species
1428 1415 1520 1446 dietae
1536 1418 1620 1450 sunt,

151 1475 300 1506 memoria
325 1475 391 1505 istae
407 1474 507 1516 primo
522 1474 706 1516 diligentius
720 1474 911 1514 repetendae.
935 1472 1051 1503 doloris
1062 1472 1203 1513 quidem,
1218 1482 1311 1512 quem
1322 1471 1399 1501 iram
1412 1470 1619 1509 timoremque

149 1539 308 1566 vocamus,
331 1539 426 1560 unam
457 1529 597 1570 speciem
627 1528 821 1559 arbitramur.
866 1526 943 1558 C1.1.
966 1527 1110 1557 Prorsus.
1155 1525 1293 1556 ATHEN.
1318 1523 1499 1565 Voluptatis
1519 1533 1621 1553 rursus

151 1585 421 1625 cupiditatumque
443 1584 595 1614 alteram:
620 1582 689 1623 spei
710 1587 817 1613 autem
841 1592 878 1613 ac
903 1582 943 1612 de
971 1582 1091 1622 optimo
1116 1591 1197 1612 verae
1220 1579 1376 1621 opinionis
1392 1578 1617 1620 appetitionem

151 1637 405 1678 desideriumque
435 1637 572 1679 speciem
600 1637 736 1668 tertiam.
759 1637 875 1678 quibus
905 1647 1007 1667 rursus
1034 1635 1180 1676 bipartito
1205 1634 1324 1670 divisis,
1341 1633 1464 1674 species
1479 1632 1619 1673 quinque

151 1692 359 1724 conficiuntur
377 1703 383 1722 ε
409 1692 521 1734 quibus
534 1692 619 1734 leges
633 1692 715 1722 inter
730 1702 764 1722 se
780 1691 962 1722 differentes
976 1690 1140 1731 speciebus
1156 1689 1293 1730 quinque
1310 1688 1341 1718 in
1358 1687 1479 1718 duobus
1495 1684 1619 1728 generi·

150 1747 208 1777 bus
231 1751 304 1777 sunt
330 1746 495 1788 ponendae.
541 1746 619 1778 CLr.
644 1747 725 1787 Quae
756 1750 829 1776 sunt
852 1746 911 1776 ista
931 1745 1071 1786 genera?
1119 1743 1256 1774 Arnen.
1280 1741 1427 1772 Alterum
1439 1741 1523 1782 quod
1540 1739 1571 1770 vi
1587 1744 1620 1770 et

150 1805 257 1842 aperte
273 1801 476 1832 committitur
492 1813 499 1832 :
526 1801 670 1837 alterum,
685 1801 770 1842 quod
787 1801 868 1831 clam
882 1805 915 1830 et
927 1810 998 1830 cum
1011 1798 1199 1840 deceptione
1211 1798 1244 1828 in
1256 1796 1406 1828 tenebris.
1423 1805 1460 1826 ac
1472 1804 1619 1826 nonnun-

151 1864 246 1896 quam
260 1861 391 1896 utroque
408 1854 500 1886 modo
515 1855 624 1896 agitur.
638 1854 723 1896 quod
739 1854 766 1885 si
781 1853 856 1895 jure
871 1854 1063 1889 tractabitur,
1080 1852 1261 1894 asperrimis
1274 1851 1395 1892 legibus
1412 1848 1619 1880 coercebitur.

152 1909 229 1940 CLr.
252 1909 394 1950 AEquum
419 1914 478 1941 est.
525 1909 661 1940 Arium.
688 1908 751 1939 Sed
775 1908 938 1939 redeamus
961 1908 1037 1938 illuc
1055 1908 1135 1949 jam,
1159 1906 1244 1937 unde
1268 1907 1328 1936 huc
1351 1903 1484 1945 digressi
1501 1912 1618 1939 sumus,

151 1963 420 2005 terminandisque
437 1963 558 2004 legibus
570 1963 797 1994 incumbamus.
819 1968 885 1993 erat
900 1968 1004 1993 autern
1020 1962 1111 1992 nobis
1125 1961 1319 2002 propositum
1334 1958 1374 1988 de
1389 1957 1561 1997 sacrilegis,
1578 1956 1618 1986 de

151 2017 376 2059 proditoribus,
406 2017 446 2047 de
475 2017 533 2053 his,
561 2017 615 2058 qui
630 2016 780 2047 mutando
796 2016 1020 2057 rempublicam
1038 2016 1124 2056 leges
1140 2018 1354 2055 corrumpunt.
1376 2014 1484 2043 horum
1499 2011 1617 2052 aliquid

151 2070 221 2113 quis
236 2070 316 2101 sorte
334 2072 508 2102 committet
523 2077 650 2112 propter
664 2071 827 2107 insaniam,
843 2071 892 2100 vel
907 2070 1014 2100 morbo
1044 2070 1091 2100 vel
1118 2069 1207 2099 senio
1226 2078 1364 2109 pressus,
1392 2067 1440 2097 vel
1465 2066 1497 2096 in
1525 2070 1618 2095 aetate

151 2125 264 2168 puerili
281 2126 478 2161 constitutus,
491 2126 536 2156 ita
550 2131 586 2156 ut
600 2125 639 2156 ab
652 2125 716 2156 istis
733 2124 829 2155 nihilo
844 2124 979 2155 differat.
995 2135 1030 2155 ac
1044 2124 1068 2154 si
1083 2124 1147 2154 tale
1161 2123 1320 2165 quippiam
1335 2122 1447 2152 electis
1457 2120 1621 2162 judicibus

151 2180 263 2211 fecisse
280 2180 498 2216 declarabitur,
510 2180 642 2221 ipsoque
663 2185 717 2210 aut
742 2179 906 2210 defensore
933 2179 1089 2209 referente
1114 2179 1158 2210 sic
1175 2178 1307 2209 affectus
1316 2175 1517 2218 judicabitur,
1533 2185 1618 2205 com-

152 2234 287 2275 misisse,
302 2235 461 2271 damnum,
479 2235 564 2275 quod
581 2233 697 2270 intulit,
714 2234 848 2274 simplex
863 2233 991 2264 omnino
1009 2233 1172 2264 restituat:
1198 2237 1301 2263 cetera
1326 2230 1384 2261 sibi
1409 2229 1619 2264 remittantur,

153 2289 214 2319 nisi
230 2289 356 2319 homine
371 2289 535 2320 interfecto
552 2288 685 2319 mundus
700 2289 803 2319 adbuc
816 2298 832 2318 a
846 2288 932 2318 caede
945 2298 1008 2318 non
1022 2288 1072 2318 sit.
1095 2287 1139 2318 sic
1152 2287 1234 2318 enim
1251 2286 1312 2316 alio
1328 2284 1485 2326 profectus
1501 2293 1618 2313 annum

154 2343 378 2383 peregrinetur.
401 2349 434 2373 et
463 2343 490 2373 si
516 2343 611 2384 prius,
641 2353 734 2384 quam
760 2342 964 2373 constitutum
993 2352 1011 2372 a
1042 2342 1111 2382 lege
1127 2347 1252 2382 tempus
1265 2338 1462 2382 praeterierit,
1477 2346 1619 2368 reversus

155 2397 247 2427 fuerit
276 2402 331 2427 aut
354 2397 448 2427 etiam
472 2397 553 2427 intra
579 2397 657 2427 fines
684 2397 951 2438 deprehendatur,
979 2396 1012 2426 in
1041 2395 1166 2436 publico
1187 2403 1311 2425 carcere
1336 2392 1464 2423 biennio
1479 2401 1498 2422 a
1514 2391 1617 2432 legum

153 2450 336 2481 custodibus
350 2450 546 2481 detineatur:
570 2451 700 2491 posthac
715 2451 794 2481 liber
809 2461 827 2481 a
844 2451 977 2481 vinculis
992 2455 1069 2482 esto.
1095 2449 1191 2491 [865]
1216 2448 1284 2484 sed,
1312 2452 1347 2478 ut
1371 2446 1558 2486 incepimus,
1576 2444 1618 2474 de

154 2515 340 2546 unaquaque
364 2504 470 2546 specie
495 2505 590 2536 caedis
614 2505 702 2546 leges
727 2505 895 2536 absolutius
911 2505 1151 2536 conscribamus.
1173 2508 1205 2534 et
1226 2502 1326 2544 primo
1341 2501 1467 2543 quidem
1486 2500 1525 2530 de
1540 2499 1572 2529 vi
1584 2503 1619 2529 et

155 2569 220 2589 non
245 2565 356 2600 sponte
373 2559 462 2590 factis
478 2558 630 2590 dicamus.
651 2559 677 2590 si
693 2559 761 2600 quis
776 2560 809 2590 in
825 2560 997 2591 certamine
1013 2558 1212 2600 publicisque
1227 2556 1400 2599 gymnasiis
1415 2565 1475 2586 non
1493 2557 1616 2595 sponte,

154 2613 220 2644 sive
237 2613 406 2645 confestim
421 2614 487 2644 sive
504 2619 614 2655 postea
630 2624 666 2644 ex
683 2614 864 2645 vulneribus
886 2619 994 2645 secuta
1008 2624 1088 2644 mors
1104 2613 1154 2648 sit,
1170 2613 1303 2642 amicum
1318 2610 1473 2641 hominem
1489 2608 1618 2639 interfe-

156 2667 244 2704 cerit,
265 2668 314 2698 vel
342 2668 374 2698 in
400 2668 482 2699 bello
510 2667 663 2702 similiter,
691 2669 739 2699 vel
760 2669 793 2699 in
809 2668 1032 2699 exercitatione
1056 2667 1170 2698 bellica
1186 2677 1203 2697 a
1218 2664 1450 2707 magistratibus
1465 2663 1617 2698 instituta,

155 2721 220 2752 sive
242 2722 334 2753 nudis
362 2722 543 2764 corporibus
569 2732 625 2753 seu
657 2722 695 2752 ad
720 2722 924 2754 imitationem
946 2722 1013 2753 veri
1038 2722 1114 2752 belli
1140 2721 1276 2757 armatis,
1293 2717 1463 2750 secundum
1479 2717 1581 2757 legem
1598 2725 1617 2745 a

156 2774 315 2816 Delphico
330 2775 481 2818 Apolline
498 2776 594 2807 latam
607 2777 741 2808 mundus
757 2777 808 2807 sit.
819 2787 926 2808 omnes
942 2781 1044 2807 autem
1056 2775 1185 2812 medici,
1200 2775 1254 2816 qui
1275 2778 1420 2806 curantes
1431 2782 1493 2802 non
1506 2774 1614 2811 sponte

157 2828 341 2868 occiderint,
355 2831 465 2863 mundi
479 2832 554 2862 sint.
575 2830 662 2872 quod
676 2831 700 2861 si
716 2841 809 2861 manu
826 2841 881 2862 sua
895 2831 1049 2872 quispiam
1073 2840 1138 2860 non
1163 2834 1285 2870 sponte,
1312 2828 1375 2858 sive
1390 2826 1475 2857 nudo
1490 2833 1615 2864 corpore

158 2882 224 2914 sive
249 2883 454 2917 instrumento
482 2885 532 2916 vel
554 2885 618 2916 telo
632 2886 681 2916 vel
696 2885 765 2916 cibo
781 2890 906 2926 potuve,
923 2885 1005 2926 ignis
1021 2884 1180 2925 frigorisve
1196 2889 1228 2914 ct
1242 2884 1352 2914 fluctus
1369 2878 1546 2921 adjectione
1561 2881 1615 2906 ³1¹2

159 2936 334 2978 privatione
356 2939 493 2981 spiritus,
517 2940 581 2973 sive
597 2940 630 2972 id
646 2950 702 2972 suo
718 2950 844 2982 corpore
860 2940 924 2972 sive
940 2949 996 2982 per
1011 2938 1072 2971 alia
1087 2938 1231 2981 quaedam
1248 2937 1351 2972 saciat,
1368 2935 1504 2976 aliquem
1520 2932 1612 2963 inter-
