1840 3225
195 167 293 217 857]
642 167 714 204 DE
746 163 974 203 LEGIBUS
1007 162 1105 202 LIB.
1140 164 1209 202 ΙΧ.
1589 163 1668 201 395

189 270 393 312 perscribere.
414 270 579 302 manifeste
594 269 689 312 igitur
704 269 762 300 ista
777 268 925 299 ferantur.
947 267 1003 298 sed
1020 273 1093 298 ante
1109 267 1176 298 haec
1192 275 1296 297 coram
1306 270 1474 297 accusante
1488 265 1666 298 defenden-

186 331 295 366 teque,
312 335 407 367 quam
423 325 561 367 proxime
575 330 699 356 servata
724 324 859 365 ipsorum
887 321 1055 362 dignitate,
1080 320 1206 363 judices
1230 320 1373 352 sedeant.
1396 320 1450 351 ubi
1478 320 1575 356 cives,
1604 325 1663 362 qui

186 380 251 411 otio
272 379 445 416 abundant,
471 389 582 411 omnes
609 378 726 414 adsint,
750 377 887 417 taliaque
910 375 1033 416 judicia
1058 376 1227 416 diligenter
1241 375 1382 407 audiant.
1403 375 1438 406 in
1460 375 1574 417 quibus
1588 385 1661 407 cum

186 434 287 475 prima
311 434 412 465 oratio
438 433 477 464 ab
493 437 673 464 accusatore
686 431 779 463 fuerit
793 430 913 471 habita,
929 429 1077 460 defensor
1092 430 1225 460 alteram
1241 429 1337 461 dicat.
1358 429 1475 461 deinde
1491 430 1597 462 senior
1620 430 1662 462 de

180 487 352 529 judicibus,
366 498 435 529 quae
451 486 535 518 dicta
558 491 641 522 sunt,
658 485 743 517 omni
760 484 900 515 adhibita
915 484 1082 522 diligentia
1095 484 1285 514 sufficienter
1300 484 1469 515 examinet.
1492 489 1566 525 post
1587 495 1661 515 cum

185 541 284 573 ceteri
299 551 407 573 omnes
423 541 634 577 considerent,
648 541 859 582 quodcunque
873 538 912 569 ab
928 537 1115 569 adversariis
1129 539 1249 570 dictum
1264 539 1314 569 vel
1341 548 1408 569 non
1432 538 1566 574 dictum,
1591 549 1664 579 per-

185 595 371 638 quirendum
387 595 503 636 singuli
517 600 650 636 putant3
675 594 728 635 qui
743 599 850 625 autem
866 593 943 624 nihil
961 593 1153 637 discussique
1181 603 1237 623 sua
1264 592 1397 633 dignum
1427 597 1547 628 censet,
1571 592 1662 623 alteri

184 650 447 681 examinationem
477 649 575 690 ipsam
604 649 774 690 relinquat.
807 658 844 679 ac
872 647 1003 678 tandem
1031 648 1064 678 in
1095 647 1205 678 Vestae
1236 646 1369 678 sacrario
1398 647 1526 688 scripta,
1561 645 1658 687 [856]

185 715 255 746 quae
270 709 346 735 tunc
361 703 508 734 conclusa
521 703 658 739 fuerunt,
673 703 801 734 insertis
817 702 957 733 omnium
969 701 1114 743 judicum
1131 702 1228 743 signis
1243 700 1452 743 deponantur.
1483 699 1606 730 Rursus
1623 701 1658 731 in

184 759 319 790 crastino
334 757 386 788 die
402 757 513 788 eodem
530 757 562 787 in
578 758 650 789 loco
666 757 860 798 congregati,
888 755 1002 787 eodem
1027 757 1119 787 modo
1150 756 1333 787 examinent
1353 754 1563 796 judicemque
1578 766 1585 784 z
1611 759 1655 791 et,

182 813 278 854 signis
294 812 448 854 appositis
463 812 607 843 omnibus
621 823 690 854 quae
707 812 792 844 dicta
806 812 935 848 fuerint,
957 811 1130 852 deponant.
1153 821 1286 852 cumque
1314 811 1373 841 hoc
1389 809 1535 840 similiter
1561 809 1657 840 tertio

183 867 327 903 fecerint,
341 867 439 909 signis
452 867 646 908 testibusque
659 867 849 898 sufficienter
860 866 1038 907 assumptis,
1051 876 1169 897 sacrum
1185 865 1301 906 singuli
1311 864 1448 895 ferentes
1459 863 1656 905 suffragium,

175 921 382 964 jurejurando
407 932 463 963 per
489 921 624 952 Vestam
640 932 711 953 vere
723 921 874 963 justeque
890 931 946 962 pro
963 920 1078 951 viribus
1093 930 1127 950 se
1147 919 1344 961 judicaturos
1358 919 1512 949 affirment
1526 929 1533 947 z
1558 923 1653 959 atque

179 976 226 1006 ita
252 976 326 1007 huic
347 976 471 1017 judicio
496 977 590 1007 finem
606 977 783 1018 imponant.
828 976 906 1007 Post
920 980 1052 1016 peccata
1066 975 1099 1005 in
1115 974 1205 1005 Deos
1220 973 1387 1005 commissa
1402 972 1441 1004 de
1455 971 1505 1003 his
1519 972 1654 1008 dicatur,

181 1042 251 1072 qua²¹
266 1031 299 1062 in
311 1031 493 1072 reipublicae
509 1031 683 1073 perniciem
699 1030 946 1062 committuntur.
983 1030 1046 1066 Qui
1063 1029 1271 1071 principatum
1286 1028 1327 1059 ad
1341 1027 1478 1058 hominis
1493 1026 1651 1057 arbitrium

179 1085 308 1125 redigit,
339 1085 431 1127 eique
456 1086 543 1126 leges
568 1086 693 1127 subigit,
721 1090 814 1127 atque
830 1086 875 1115 ita
889 1085 1052 1115 civitatem
1067 1084 1191 1126 subjicit
1207 1082 1396 1114 factionibus
1413 1088 1444 1113 et
1458 1081 1489 1111 vi
1506 1081 1651 1112 adhibita

179 1144 289 1171 contra
305 1139 391 1181 leges
406 1140 615 1176 seditionibus
630 1151 699 1171 eam
715 1141 816 1181 replet
829 1151 835 1169 :
860 1139 911 1170 hic
927 1140 1081 1170 universae
1097 1138 1219 1170 civitati
1234 1137 1334 1168 hostis
1349 1142 1397 1167 est
1415 1135 1568 1166 maximus
1583 1146 1652 1166 om-

179 1193 265 1224 nium
277 1193 482 1235 judicandus.
496 1195 652 1226 secundus
667 1195 721 1226 ille
738 1195 836 1225 hostis
851 1200 910 1231 est,
927 1194 993 1236 qui,
1010 1194 1152 1235 quamvis
1167 1193 1326 1234 particeps
1342 1191 1435 1232 hujus
1447 1190 1577 1221 sceleris
1587 1199 1652 1220 non

179 1248 231 1284 sit,
250 1254 367 1285 tamen,
383 1261 456 1280 cum
479 1250 679 1291 amplissimis
705 1250 852 1291 fungatur
875 1250 909 1280 in
925 1259 964 1279 ea
978 1249 1143 1290 republica
1165 1246 1412 1288 magistratibus,
1428 1255 1482 1276 eas
1506 1244 1652 1286 conjura-

178 1303 281 1333 tiones
289 1314 352 1334 non
361 1304 595 1341 animadvertit,
608 1310 650 1341 et,
663 1305 690 1335 si
705 1304 937 1340 animadvertit,
955 1303 1122 1334 timiditate
1137 1302 1271 1344 quadam
1288 1301 1398 1342 patn'ae
1412 1310 1477 1330 non
1490 1298 1654 1329 succurrit.

177 1367 274 1398 quare
298 1360 511 1401 unusquisque
538 1360 594 1395 vir,
623 1359 678 1401 qui
703 1360 796 1390 modo
822 1359 954 1400 alicujus
979 1357 1070 1399 pretii
1098 1357 1174 1388 civis
1189 1357 1255 1387 fore
1270 1354 1388 1390 studet,
1404 1355 1471 1384 haec
1489 1353 1654 1394 judicibus

175 1412 299 1449 referat,
315 1423 450 1455 eumque
468 1415 500 1444 in
518 1413 675 1456 judicium
691 1415 804 1450 trahat,
820 1414 875 1455 qui
891 1413 998 1452 patriae
1016 1412 1181 1443 insidiatus
1194 1411 1225 1442 vi
1241 1411 1282 1441 ad
1296 1410 1438 1450 iniquam
1453 1407 1653 1449 gubernatio-

175 1477 250 1498 nem
279 1473 399 1500 vertere
415 1468 503 1499 illam
531 1474 672 1501 conatur.
698 1468 827 1510 judices
856 1473 963 1499 autem
992 1467 1086 1509 hujus
1112 1466 1238 1498 sceleris
1264 1465 1338 1501 sint,
1365 1464 1416 1505 qui
1433 1468 1467 1494 et
1482 1462 1651 1503 sacrilegii,

175 1527 337 1563 totumque
359 1523 518 1564 judicium
545 1524 688 1554 similiter
709 1528 878 1565 peragatur
892 1535 898 1553 z
924 1528 957 1554 et
985 1522 1143 1563 suffragia,
1171 1531 1241 1563 quae
1272 1519 1476 1551 multitudine
1507 1517 1652 1554 vincunt,

176 1581 278 1606 morte
294 1577 517 1610 condemnent.
542 1584 585 1614 et,
602 1585 637 1608 ut
650 1578 786 1608 breviter
803 1578 918 1614 dicam,
931 1582 1066 1619 peccata
1080 1576 1179 1618 patris
1192 1586 1254 1606 non
1271 1575 1360 1605 luant
1374 1573 1449 1603 filii:
1472 1571 1537 1603 nisi
1550 1577 1651 1613 pater,

176 1639 252 1660 avus
267 1640 304 1661 ac
320 1641 452 1672 proavus
467 1633 616 1673 deinceps
631 1633 737 1662 mortis
753 1632 944 1674 supplicium
971 1632 1121 1662 debeant.
1145 1632 1200 1661 hos
1225 1636 1327 1660 autem
1356 1638 1430 1658 cum
1456 1627 1546 1657 bonis
1573 1626 1651 1663 suis,

174 1690 258 1714 sorte
273 1695 395 1727 semper
410 1692 553 1727 excepta,
568 1686 600 1717 in
615 1687 776 1728 antiquam
791 1688 902 1717 civitas
916 1686 1049 1727 patriam
1068 1685 1180 1716 mittat.
1203 1689 1236 1715 et
1251 1683 1292 1714 de
1307 1682 1380 1713 filiis
1395 1681 1521 1716 civium,
1537 1681 1650 1722 quibus

174 1737 280 1778 plures
307 1750 397 1780 quam
423 1751 503 1771 unus
519 1746 603 1776 sunt,
619 1751 681 1771 non
699 1740 866 1781 pauciores
882 1751 974 1780 quam
992 1740 1106 1771 decem
1121 1750 1220 1770 annos
1234 1738 1312 1774 nati,
1328 1747 1383 1768 eos
1399 1740 1480 1767 sorte
1497 1735 1652 1776 defigant,

174 1802 254 1832 quos
268 1800 374 1834 patres
390 1799 443 1824 aut
459 1795 509 1825 avi
524 1795 647 1835 paterni
663 1794 833 1824 maternive
856 1794 1098 1829 nominaverint,
1122 1793 1313 1833 nominaque
1340 1791 1478 1831 ipsorum
1506 1789 1653 1829 Delphos

173 1847 320 1879 mittant:
346 1854 378 1879 et
392 1848 447 1889 qui
462 1850 589 1879 oraculo
602 1848 762 1889 Apollinis
777 1848 1014 1889 approbabitur,
1038 1847 1112 1878 huic
1133 1847 1268 1877 feliciori
1291 1846 1415 1876 fortuna
1440 1854 1508 1874 sors
1537 1843 1650 1874 domus

173 1900 324 1932 destituta
351 1902 512 1933 reddatur.
558 1902 635 1933 ΟΜ.
659 1902 762 1933 Recte
786 1902 821 1932 id
837 1902 977 1943 quidem.
1023 1901 1160 1932 ΑΤΗΕΝ.
1184 1899 1370 1931 Communis
1385 1904 1537 1940 praeterea
1552 1897 1646 1928 tertia

172 1954 223 1985 lex
238 1955 278 1986 de
290 1955 462 1997 judicibus,
473 1956 651 1998 judiciique
667 1956 771 1992 modo,
787 1956 938 1986 adversus
953 1965 1019 1992 eos,
1046 1956 1099 1996 qui
1128 1954 1317 1996 proditionis
1343 1952 1483 1984 accusati
1507 1958 1592 1982 sunt.
1615 1957 1649 1982 et

174 2009 214 2040 de
239 2011 402 2042 mansione
420 2012 555 2041 filiorum
571 2016 664 2052 atque
680 2016 842 2051 nepotum,
859 2010 924 2041 sive
952 2010 1037 2040 exitu
1058 2019 1076 2039 e
1092 2009 1207 2050 patria,
1233 2008 1329 2049 [857]
1352 2017 1415 2038 una
1432 2007 1481 2037 lex
1497 2006 1648 2036 adversus

172 2069 236 2094 tres
261 2065 403 2096 similiter
426 2065 477 2101 sit,
503 2065 705 2107 proditorem,
731 2065 918 2106 sacrilegum
933 2069 965 2095 et
990 2064 1163 2094 violentum
1180 2064 1286 2103 legum
1303 2061 1443 2093 civilium
1459 2071 1648 2092 eversorem.

172 2118 224 2149 De
254 2119 336 2150 furto
361 2129 480 2157 autem,
496 2120 562 2151 sive
579 2130 728 2162 magnum
743 2119 817 2161 quid
834 2129 890 2150 seu
906 2129 1036 2161 parvum
1060 2119 1131 2160 quis
1146 2118 1267 2149 furatus
1281 2117 1333 2152 sit,
1348 2125 1412 2146 una
1424 2116 1474 2146 lex
1491 2125 1647 2156 poenaque

171 2173 282 2204 similis
309 2175 455 2205 omnibus
480 2176 533 2206 sit.
563 2174 730 2205 damnatus
753 2175 837 2204 enim
863 2174 1019 2216 quispiam
1049 2173 1136 2209 furti,
1166 2173 1192 2203 si
1221 2173 1305 2203 ultra
1333 2175 1449 2201 sortem
1477 2170 1560 2200 bona
1588 2179 1645 2200 sua

123 2228 126 2231 ⁴
171 2228 338 2265 sufficiunt,
355 2229 487 2271 duplum
503 2229 637 2260 reddat:
661 2229 752 2260 aliter
767 2229 931 2265 vinciatur,
954 2228 1056 2259 donec
1082 2233 1136 2258 aut
1161 2227 1210 2257 illi
1237 2224 1437 2268 persuaserit,
1462 2224 1513 2255 cui
1533 2223 1642 2260 debet,

173 2287 227 2313 aut
242 2282 426 2315 reddiderit.
450 2285 532 2326 quod
546 2285 570 2314 si
585 2284 744 2325 publicum
755 2284 873 2314 furtum
881 2283 984 2319 fuerit,
1002 2288 1066 2313 tum
1080 2282 1207 2313 demum
1222 2291 1242 2311 a
1256 2290 1381 2312 carcere
1395 2279 1556 2314 liberetur,
1574 2289 1645 2308 cum

172 2335 292 2367 civitati
318 2339 506 2378 persuaserit
528 2339 580 2369 vel
603 2338 732 2379 duplum
744 2337 931 2370 reddiderit.
978 2335 1056 2368 Cu.
1081 2337 1228 2374 Quonam
1245 2334 1338 2365 modo
1353 2333 1497 2369 dicimus,
1514 2334 1641 2373 hospes,

171 2390 250 2421 nihil
279 2390 416 2428 differre,
429 2392 494 2422 sive
509 2403 656 2433 magnum
672 2403 729 2423 seu
743 2403 874 2434 parvum
895 2392 937 2422 sit
963 2392 1089 2426 furtum,
1105 2391 1171 2421 sive
1186 2400 1205 2421 a
1217 2399 1305 2420 sacro
1321 2388 1389 2419 loco
1403 2398 1458 2418 seu
1473 2397 1536 2417 non
1553 2396 1642 2416 sacro

170 2444 329 2476 sublatum
344 2445 397 2482 sit,
411 2457 464 2477 seu
482 2446 765 2488 quomodocunque
780 2448 873 2478 aliter
888 2447 921 2478 id
937 2447 992 2477 fiat
1007 2447 1017 2476 ?
1042 2446 1161 2487 quippe
1174 2454 1247 2475 cum
1258 2443 1365 2474 multis
1377 2442 1478 2473 modis
1490 2440 1645 2472 committi

171 2498 283 2529 furtum
312 2499 424 2540 possit,
451 2500 579 2530 sceleris
608 2501 792 2532 varietatem
818 2500 1172 2541 dissimilitudinemque
1189 2498 1345 2540 conjicere
1362 2496 1519 2537 legislator
1535 2494 1643 2530 debet,

171 2562 230 2583 nec
248 2553 403 2584 similibus
418 2554 532 2595 poenis,
547 2564 617 2596 quae
626 2555 741 2586 similia
751 2565 812 2586 non
822 2560 904 2592 sunt,
914 2555 1038 2597 punire.
1053 2554 1190 2585 Arnen.
1204 2552 1403 2594 Opportune,
1418 2561 1436 2581 o
1451 2549 1568 2586 Clinia,
1581 2548 1640 2579 im-

172 2614 247 2648 petu
256 2614 432 2639 currentem
441 2618 492 2639 me
507 2609 671 2646 retraxisti,
686 2616 719 2640 et
731 2610 765 2640 in
779 2610 972 2646 memoriam,
985 2619 1054 2651 quae
1063 2609 1139 2639 olim
1155 2608 1344 2649 quandoque
1353 2605 1574 2646 cogitaveram,
1591 2613 1642 2634 re-

175 2662 301 2704 degisti,
316 2663 447 2695 adhunc
461 2674 558 2705 usque
567 2664 653 2695 diem
664 2664 748 2706 leges
760 2665 847 2695 nullo
861 2664 1047 2696 modorecte
1055 2663 1241 2694 constitutas
1250 2662 1357 2697 fuisse,
1366 2659 1641 2700 utuobispraesen-

172 2717 217 2747 tia
225 2718 494 2750 considerantibus
507 2719 658 2750 succurrit
670 2719 787 2750 dicere.
803 2718 881 2750 Cu.
895 2718 1063 2756 Quomodo
1071 2728 1174 2748 rursus
1188 2718 1219 2747 id
1233 2715 1387 2747 dicimus?
1401 2713 1540 2745 Arnen.
1554 2713 1639 2744 Con-

175 2780 251 2811 grua
265 2773 406 2813 profecto
420 2773 558 2814 imagine
573 2773 621 2804 usi
637 2783 753 2809 sumus,
768 2773 894 2815 quando
905 2784 1025 2809 omnes,
1040 2772 1095 2814 qui
1107 2773 1258 2803 haetenus
1267 2771 1354 2812 leges
1365 2768 1534 2809 recipiunt,
1544 2765 1641 2797 servis

172 2823 235 2854 illis
249 2827 452 2864 contulimus,
469 2829 522 2869 qui
537 2827 575 2858 ab
588 2827 659 2858 aliis
675 2828 772 2858 servis
787 2833 980 2859 curarentur.
1001 2828 1081 2858 illud
1102 2831 1186 2858 certe
1202 2826 1344 2867 ignorare
1360 2834 1423 2854 non
1436 2823 1539 2855 decet,
1554 2818 1639 2860 quod

171 2878 199 2909 si
228 2879 370 2912 medicus
400 2881 557 2924 quispiam
583 2892 698 2918 eorum,
721 2883 774 2923 qui
806 2893 862 2913 usu
887 2882 1023 2924 quodam
1047 2882 1163 2924 absque
1177 2881 1298 2913 ratione
1315 2877 1492 2911 medentur,
1507 2875 1639 2905 liberum
