1840 3225
195 173 273 210 356
795 169 1059 208 PLATONIS
1210 196 1215 202 .
1577 164 1676 217 [769

198 274 395 316 conjunxisti.
422 273 518 315 [769]
545 273 684 305 Aruns.
708 273 800 304 Belle
828 273 922 315 igitur
950 272 1086 315 prudens
1114 270 1274 301 seniorum
1302 269 1394 301 ludus
1418 270 1577 310 hucusque
1607 277 1665 298 no-

199 329 247 359 b1s
276 328 317 358 sit
345 328 499 369 perlusus.
556 327 632 360 ΟΜ.
668 327 836 358 Pulchrum
876 336 951 358 sane
989 324 1125 356 studium
1165 324 1297 354 virorum
1337 323 1513 364 significare
1539 320 1668 352 videris.

200 381 340 412 Arum«.
375 381 632 413 Consentaneum
661 387 722 412 est.
757 391 866 412 verum
902 379 1198 415 animadvertamus,
1227 378 1254 409 si
1287 379 1346 409 hoc
1373 377 1433 408 tibi
1459 385 1595 418 quoque,
1634 380 1672 405 ut

198 436 288 471 mihi,
302 435 434 468 videtur.
480 437 558 468 CLI.
581 435 770 473 Quidnam?
793 441 825 465 et
839 434 952 477 quibus
977 434 1016 465 de
1043 433 1157 464 rebus?
1220 432 1361 463 Arnen.
1382 430 1436 462 An
1461 430 1563 461 nescis
1584 428 1673 460 idem

201 490 233 520 in
250 491 308 521 hac
322 500 368 531 re,
384 491 468 531 quod
484 489 517 520 in
534 491 690 532 pictorum
716 489 877 525 facultate,
902 488 1083 528 contingere
1100 488 1111 517 ?
1134 487 1189 517 illa
1215 487 1336 528 quippe
1355 485 1477 516 nullum
1490 483 1524 514 in
1535 483 1671 525 pingen-

203 543 253 574 dis
267 544 457 575 animalibus
473 545 642 575 terminum
657 544 771 575 habere
787 543 911 574 videtur
927 555 934 573 :
959 542 1017 573 sed
1038 552 1163 583 semper
1178 540 1386 571 inumbrando
1400 545 1433 570 et
1447 536 1670 572 deumbrando.

202 598 253 629 vel
284 598 566 641 quomodocunque
597 598 719 629 alitera
748 597 918 639 pictoribus
949 596 982 627 id
996 601 1136 632 vocetur,
1151 605 1300 626 exornare
1328 599 1471 630 conatur,
1485 602 1546 623 nec
1571 597 1677 623 cessat

201 662 351 694 unquam.
372 663 438 683 non
464 654 552 684 enim
583 657 688 695 potest
721 652 799 688 fieri,
829 657 863 682 ut
890 650 930 682 ad
958 650 1137 693 pulchriora
1158 649 1415 691 expressioraque
1444 647 1675 678 incrementum

201 716 266 737 non
293 706 454 740 habeatur.
500 706 577 739 Cn.
611 706 761 748 Intelligo
792 706 902 742 ferme,
930 705 1062 736 audiens
1094 715 1164 745 quae
1195 703 1286 735 dicis.
1318 703 1438 733 nullum
1467 701 1553 732 enim
1583 699 1676 741 hujus

203 760 277 791 artis
307 771 397 791 usum
428 760 541 791 habeo.
593 760 730 791 Arum.
764 760 854 791 Nihil
888 759 944 790 tibi
972 759 1007 790 id
1036 759 1147 790 obfuit.
1179 759 1235 789 sed
1266 758 1325 789 hac
1352 757 1429 788 foroe
1457 755 1550 787 nobis
1577 753 1676 784 allata

202 814 409 846 similitudine
425 815 469 846 sic
484 820 617 846 utamur.
641 815 667 845 si
690 815 760 855 quis
788 814 1027 855 pulcherrimum
1054 813 1172 843 animal
1197 812 1328 854 pingere
1349 810 1493 847 voluerit,
1509 807 1595 850 quod
1609 817 1675 838 non

203 869 243 899 ad
267 869 357 911 pejus
374 870 428 900 sed
452 869 490 899 ad
519 869 633 899 melius
659 868 765 899 futuro
790 878 914 909 semper
938 873 1080 908 tempore
1105 866 1337 908 progrediatur,
1357 875 1463 896 nonne
1491 862 1590 898 vides,
1603 871 1676 894 cum

203 922 339 953 mortalis
351 923 401 959 sit,
417 923 476 953 nisi
491 923 630 964 aliquem
641 923 714 953 artis
728 932 937 953 successorem
950 922 1123 963 reliquerit,
1135 921 1201 962 qui,
1216 921 1244 951 si
1253 919 1330 961 quid
1343 920 1392 950 vel
1404 924 1544 960 ternpore
1555 926 1594 947 ex
1606 916 1676 946 ani·

203 977 279 1007 mali
294 977 445 1008 abolitum
465 977 569 1014 fuerit,
589 978 774 1013 instaurare,
789 977 839 1007 vel
862 987 919 1017 per
945 976 1193 1007 imbecillitatem
1210 975 1285 1006 artis
1299 975 1338 1005 ab
1353 973 1472 1005 artifice
1489 970 1676 1014 praetermis-

203 1042 270 1061 suin
286 1030 421 1073 adjicere
436 1031 536 1072 possit
552 1037 646 1073 atque
661 1031 705 1062 ita
714 1031 885 1072 fulgentius
894 1031 927 1061 in
940 1031 1009 1061 dies
1022 1030 1136 1061 animal
1150 1029 1292 1066 reddere,
1303 1027 1490 1059 laboriosum
1501 1024 1581 1056 illud
1597 1034 1677 1066 opus

201 1085 287 1116 brevi
300 1090 440 1126 tempore
456 1085 664 1116 duraturum?
711 1085 788 1116 Cm.
812 1085 951 1116 Prorsus.
997 1083 1136 1116 Arnen.
1162 1084 1215 1114 An
1241 1093 1304 1114 non
1321 1081 1505 1124 legislatoris
1532 1079 1677 1110 voluntas

202 1140 270 1170 haec
300 1140 357 1170 tibi
383 1150 453 1170 esse
484 1139 632 1170 vIdetur?
656 1139 813 1181 principio
839 1139 1027 1181 quidem.ut
1054 1139 1142 1180 leges
1169 1138 1228 1169 sibi
1256 1137 1451 1169 sufficientur
1473 1139 1508 1165 et
1522 1132 1677 1174 exquisite

203 1204 261 1234 pro
277 1193 393 1224 vin’bus
421 1194 669 1226 conscribantur.
693 1193 810 1225 deinde
839 1193 1032 1235 procedente
1060 1200 1212 1234 tempore,
1229 1197 1263 1223 et
1284 1189 1428 1234 periculo
1452 1198 1555 1219 rerum
1578 1187 1677 1222 facto,

204 1253 339 1288 putasne
354 1248 399 1278 sic
414 1254 572 1278 amentem
599 1248 810 1289 legislatorem
838 1248 973 1289 aliquem
999 1258 1080 1284 esse,
1094 1253 1130 1278 ut
1155 1247 1279 1288 ignoret
1292 1243 1506 1277 necessarium
1519 1251 1588 1273 esse
1602 1240 1678 1272 talia

203 1302 261 1332 sibi
291 1302 389 1332 multa
414 1303 561 1343 relinqui,
586 1313 655 1344 quae
671 1302 896 1333 emendatione
926 1302 1112 1333 successoris
1140 1301 1272 1343 alicujus
1301 1299 1492 1341 indigeant:
1517 1306 1559 1327 ne
1587 1295 1675 1337 pejor

205 1355 346 1396 quidem,
371 1357 425 1386 sed
452 1356 561 1387 melior
596 1357 774 1398 respublica
807 1367 933 1399 semper
961 1357 1160 1397 ornatiorque
1185 1354 1362 1386 efficiatur?
1409 1353 1486 1385 Cn.
1510 1349 1676 1382 Probabile

203 1414 261 1440 est.
285 1420 359 1440 nam
372 1410 526 1451 quomodo
550 1410 635 1441 nolle
651 1411 682 1441 id
707 1411 847 1452 poterit?
895 1411 1033 1442 Arnen.
1057 1411 1253 1451 Quacunque
1279 1408 1374 1450 igitur
1397 1408 1449 1438 via
1466 1405 1591 1448 poterit,
1608 1409 1673 1434 tam

203 1472 236 1493 re
254 1474 346 1504 quam
362 1465 474 1500 verbis,
489 1465 586 1495 alium
608 1465 674 1495 sive
695 1465 845 1507 majorem
869 1464 936 1495 sive
960 1465 1115 1495 minorem
1130 1463 1268 1500 docebit,
1282 1460 1440 1504 quomodo
1452 1456 1676 1492 conservaudae

203 1523 236 1548 et
252 1518 443 1559 corrigendas
458 1519 544 1559 leges
557 1524 640 1555 sunt,
653 1530 713 1550 nec
739 1529 875 1560 unquam
893 1519 925 1549 in
952 1519 1000 1549 his
1023 1518 1170 1550 dicendis
1197 1517 1430 1559 defatigabitur,
1449 1515 1510 1545 nisi
1524 1513 1566 1545 ad
1581 1513 1676 1543 finem

205 1571 394 1613 perduxerit.
429 1572 526 1615 [770]
575 1572 652 1604 Cm.
674 1574 723 1604 Ita
747 1579 844 1604 certe.
890 1572 1028 1604 Arum«.
1053 1573 1169 1603 Nonne
1189 1571 1225 1603 id
1252 1571 1329 1602 mihi
1359 1577 1391 1601 et
1420 1569 1506 1600 vobis
1535 1568 1570 1599 in
1598 1577 1679 1608 prae·

205 1627 309 1656 sentia
337 1626 545 1656 faciundum?
593 1627 668 1658 Cm.
693 1627 781 1663 Quid
808 1627 880 1657 ais?
927 1627 1065 1658 Arnim.
1089 1626 1249 1663 Quoniam
1278 1626 1366 1666 leges
1391 1623 1482 1655 laturi
1511 1631 1627 1657 sumus,
1645 1625 1679 1650 et

202 1681 311 1720 legum
325 1679 472 1712 custodes
488 1680 584 1711 creati
610 1685 692 1716 sunt,
708 1691 765 1711 nos
789 1686 895 1711 autem
918 1681 958 1711 ad
989 1689 1136 1711 oceasum
1152 1680 1224 1710 vitae
1241 1679 1541 1721 appropinquamus,
1557 1681 1591 1706 et
1605 1685 1676 1706 cus·

202 1735 295 1765 todes
308 1734 362 1765 isti
381 1735 474 1765 nobis
491 1735 631 1776 juniores
657 1740 750 1765 sunt:
777 1740 900 1775 oportet
926 1744 996 1770 nos,
1026 1739 1060 1764 ut
1083 1735 1232 1770 diximus,
1247 1734 1336 1774 leges
1361 1732 1440 1763 ferre
1462 1730 1565 1766 simul,
1581 1734 1676 1770 atque

203 1788 280 1818 istos
309 1777 371 1819 tam
402 1789 623 1830 legumlatores
651 1798 746 1830 quam
771 1789 917 1819 custodes
947 1788 1053 1830 quoad
1080 1798 1244 1829 possumus
1266 1788 1382 1818 facere.
1428 1786 1505 1818 Cu.
1528 1783 1674 1821 Quidni?

204 1842 374 1874 dummodo
411 1843 443 1873 id
483 1843 559 1874 satis
589 1843 658 1874 fieri
687 1849 793 1884 queat.
840 1842 979 1874 Arum.
1004 1843 1232 1874 Verumtamen
1272 1840 1447 1883 impensius
1487 1838 1675 1869 annitamur.

207 1898 286 1929 Cu.
309 1897 401 1928 Nihil
424 1898 580 1938 prohibet.
625 1897 764 1928 Aram.
787 1897 839 1928 Sic
866 1907 941 1938 ergo
970 1897 1011 1928 ad
1026 1908 1080 1929 eos
1096 1897 1259 1929 dicamus:
1307 1895 1336 1927 Ο
1360 1895 1463 1930 amici,
1478 1894 1585 1934 legum
1599 1901 1676 1923 con-

204 1955 386 1987 servatores,
399 1952 554 1992 permulta
578 1952 612 1982 in
627 1952 760 1993 singulis
787 1962 858 1989 nos,
874 1953 929 1993 qui
952 1953 1041 1994 leges
1055 1953 1216 1994 ponimus,
1244 1950 1422 1983 necessario
1447 1949 1674 1989 relinquemus,

206 2015 275 2045 quae
291 2010 397 2036 tamen
412 2016 474 2036 non
492 2016 589 2046 parva
603 2012 694 2036 erunt
712 2018 718 2035 :
744 2007 840 2038 immo
866 2014 900 2036 et
923 2017 989 2037 rem
1013 2017 1139 2037 omnem
1165 2017 1222 2048 pro
1237 2006 1353 2037 viribus
1367 2003 1518 2036 exteriore
1533 2000 1673 2043 quadam

206 2059 496 2100 circumscriptione
511 2060 768 2101 significabimuS,
781 2071 874 2102 quam
901 2060 1030 2101 quidem
1054 2061 1177 2102 impleri
1193 2071 1212 2092 a
1225 2060 1317 2091 nobis
1332 2058 1498 2100 oportebit.
1520 2066 1584 2098 quo
1599 2064 1672 2086 vero

203 2112 237 2143 id
265 2113 391 2143 facturis
422 2114 510 2144 vobis
538 2114 769 2155 respiciendum
799 2120 856 2150 est,
887 2114 1006 2146 audite.
1054 2115 1206 2156 Megillus
1231 2124 1354 2155 egoque
1383 2118 1417 2143 et
1446 2111 1553 2143 Clinia
1591 2109 1673 2140 inter

205 2176 264 2197 nos
287 2177 501 2208 saepenumero
528 2168 674 2205 diximus,
689 2174 722 2199 et
745 2169 841 2209 probe
868 2179 926 2200 nos
951 2169 1068 2200 dixisse
1091 2168 1306 2200 convenimus,
1328 2176 1444 2208 vosque
1464 2174 1620 2206 rogamus,
1634 2168 1671 2194 ut

205 2227 239 2252 et
254 2221 417 2262 indulgere
433 2222 525 2253 nobis
539 2228 570 2252 et
596 2223 711 2253 imitari
737 2226 825 2265 quasi
850 2222 997 2265 discipuli
1026 2223 1194 2264 magistros
1220 2223 1336 2258 velitis,
1352 2220 1393 2252 ad
1406 2230 1445 2252 ea
1459 2220 1525 2262 ipsa
1540 2217 1672 2259 respici-

205 2280 305 2312 entes,
321 2275 362 2305 ad
377 2286 448 2317 quae
463 2277 571 2317 legum
586 2277 708 2308 custodi
728 2283 760 2308 et
783 2278 873 2308 latori
898 2278 1128 2319 respiciendum
1152 2276 1348 2309 concorditer
1372 2285 1431 2306 nos
1446 2273 1672 2306 consensimus.

205 2329 296 2371 hujus
329 2331 543 2361 consensionis
568 2341 665 2362 unum
695 2337 743 2362 est
773 2338 877 2373 caput,
894 2338 926 2361 ut
957 2333 1050 2363 homo
1082 2333 1183 2363 bonus
1208 2329 1507 2366 efficiatur,habens
1522 2328 1670 2359 virtutem

207 2383 305 2413 animi
318 2383 452 2414 hominis
468 2385 638 2426 propriam,
654 2385 760 2417 studio
790 2387 894 2427 aliquo
919 2392 1042 2428 partam
1069 2392 1125 2418 aut
1153 2397 1210 2418 usu
1225 2392 1279 2416 aut
1293 2391 1380 2416 certa
1393 2384 1530 2426 quadam
1544 2381 1670 2424 adepti-

206 2446 279 2473 one,
294 2438 345 2468 vel
374 2439 549 2479 cupiditate
577 2439 626 2470 vel
657 2441 808 2481 opinione
834 2441 883 2471 vel
910 2441 1016 2482 aliquo
1047 2451 1162 2482 genere
1188 2440 1483 2475 doctrinarum,seu
1511 2436 1669 2468 masculus

207 2489 248 2520 sit
261 2491 324 2521 sive
340 2491 468 2528 semina,
484 2492 550 2524 sive
560 2493 688 2535 juvenis
714 2505 768 2525 seu
796 2505 904 2526 senex.
927 2501 1020 2537 atque
1043 2497 1083 2526 ad
1111 2496 1170 2527 hoc
1193 2495 1309 2536 ipsum,
1321 2493 1407 2535 quod
1420 2493 1566 2528 dicimm,
1581 2490 1667 2532 quis-

204 2554 264 2583 que
280 2555 337 2585 per
352 2550 452 2577 totam
466 2547 565 2578 vitam
579 2549 664 2578 omni
693 2549 799 2580 studio
826 2549 949 2587 tendat,
966 2556 1080 2586 cetera,
1097 2560 1166 2591 quae
1195 2549 1424 2590 impedimento
1438 2546 1511 2577 huic
1524 2545 1570 2577 rei
1583 2550 1668 2580 sunt,

205 2598 382 2640 negligens.
405 2610 463 2640 pro
478 2601 578 2642 patria
606 2609 770 2644 praeterea,
786 2603 812 2634 si
840 2614 970 2635 necesse
999 2605 1050 2641 sit,
1081 2604 1163 2635 mori
1187 2609 1315 2645 paratus
1333 2603 1383 2638 sit,
1408 2606 1575 2642 antequam
1589 2599 1668 2630 velit

203 2657 258 2682 aut
273 2661 414 2683 eversam
429 2654 535 2686 videre
551 2656 723 2694 civitatem,
734 2659 875 2700 jugoque
901 2659 1059 2689 servitutis
1086 2658 1262 2699 subjectam
1284 2667 1303 2688 a
1318 2655 1475 2698 pejoribus
1490 2653 1667 2696 gubernari,

201 2710 257 2736 aut
271 2705 456 2747 fugaipsam
474 2708 630 2742 deserere.
654 2712 772 2753 quippe
800 2718 939 2744 extrema
967 2713 1074 2743 omnia
1102 2712 1266 2743 subeunda
1291 2716 1364 2741 sunt
1391 2709 1507 2751 potius.
1523 2717 1616 2749 quam
1633 2707 1666 2738 iu

199 2769 273 2790 earn
288 2760 549 2801 gubernationem
578 2765 687 2796 civitas
715 2767 948 2803 commutanda,
965 2778 1035 2809 quae
1063 2767 1187 2808 pejores
1217 2766 1298 2797 solet
1325 2764 1468 2795 homines
1490 2763 1606 2793 facere.
1630 2761 1664 2793 in

200 2813 247 2843 his
273 2815 342 2856 jam
372 2815 496 2857 pridem
524 2828 581 2849 nos
608 2822 847 2853 consensimus:
873 2827 906 2852 et
931 2832 1015 2853 nunc
1042 2832 1108 2857 vos,
1139 2821 1179 2852 ad
1208 2821 1275 2851 haec
1302 2825 1433 2860 utraque
1448 2817 1663 2858 respicientes.

195 2867 324 2900 laudate
345 2869 430 2912 leges
458 2878 490 2902 et
519 2873 705 2915 vituperate.
729 2875 827 2919 [⁷⁷1]
863 2887 926 2913 cas,
958 2877 1098 2919 inquam,
1128 2876 1312 2918 vituperate,
1343 2882 1413 2915 ‘1¹¹ae
1441 2873 1507 2904 ¹¹20
1538 2869 1665 2913 assequi
