1840 3225
217 221 312 273 369]
349 251 354 258 .
808 224 1108 264 AXIOCflus.
1596 228 1676 266 505

215 331 268 369 Et,
474 328 530 361 Nil
544 328 644 372 magis
658 328 769 360 infelix
785 327 880 359 suerit
893 328 1078 360 mortalibus
1097 330 1198 371 aegris,

468 384 496 415 E
513 383 635 415 cunctis
650 388 759 414 terram
775 392 844 423 quae
859 392 954 424 supra
968 383 1108 423 fiantque
1121 388 1301 425 meantque.

211 437 311 480 [368]
358 438 410 469 De
426 437 616 479 Amphiarao
629 446 701 467 vero
715 436 791 477 quid
806 435 851 466 ait
865 435 877 465 ?

470 492 491 523 J
494 492 619 533 uppiter
635 491 716 521 hunc
733 489 809 520 totis
824 488 948 526 animis,
961 490 1044 521 huuc
1059 489 1195 521 Phoebus
1210 490 1347 526 amabat,

473 545 533 576 Ille
550 550 654 576 tamen
664 544 743 587 justi
756 548 858 575 metas
872 553 936 576 non
952 544 1057 586 attigit
1071 544 1142 576 aevi.

211 598 276 636 Qui
292 609 365 632 vero
379 608 438 631 nos
456 599 551 642 jubet

470 653 607 694 Lugere,
622 653 677 684 ubi
692 657 775 684 esset
789 651 905 693 aliquis
916 652 951 683 in
966 652 1071 683 lucem
1084 652 1201 689 editus,

469 706 627 737 Humanae
641 705 725 737 varia
740 706 813 737 vitae
828 710 1012 747 reputantes
1028 707 1120 744 mala,

209 767 305 800 quam
320 764 406 791 recte
422 759 477 790 tibi
491 759 595 791 dicere
609 760 756 791 videtur?
801 759 864 791 Sed
875 760 971 791 finem
985 760 1080 796 facio,
1095 770 1148 797 ne,
1164 760 1237 791 dum
1253 761 1289 791 in
1307 761 1378 793 aliis
1393 762 1674 795 commemorandis

208 813 367 850 immoror,
383 819 495 855 praeter
509 813 543 844 icl
558 813 644 855 quod
651 813 720 855 jam
734 823 804 845 sum
820 814 989 855 pollicitus,
1006 814 1182 856 longiorem
1196 815 1371 846 orationem
1382 815 1528 848 efficiam.
1552 816 1673 859 Ecquis

209 876 284 897 vero
301 867 478 899 mortalium
492 872 542 898 est
557 868 611 909 qui
626 868 707 898 illud
722 867 794 898 vitae
809 867 985 899 institutum
999 878 1109 899 eamve
1125 873 1224 900 artem
1240 880 1334 911 quarn
1351 870 1514 911 amplexus
1530 870 1582 908 sit,
1605 881 1672 902 non

208 926 349 957 accuset,
371 926 405 952 et
425 921 465 953 de
492 932 549 952 sua
574 921 756 953 conditione
776 931 842 952 non
866 922 1099 963 conqueratur?
1144 922 1229 964 Age,
1243 923 1388 964 primum,
1409 924 1437 955 si
1456 924 1576 965 placet,
1591 924 1673 955 illud

209 975 374 1006 hominum
401 985 499 1017 genus
527 975 677 1006 adeamus
703 976 759 1017 qui
783 976 949 1007 humilium
965 975 1220 1017 sordidarumque
1236 977 1350 1008 artium
1364 977 1560 1013 ministeriis,
1574 978 1673 1009 vitam

207 1037 357 1059 manuum
378 1029 505 1071 opificio
532 1030 671 1060 tolerant
684 1041 691 1059 :
717 1039 821 1060 nonne
836 1029 884 1060 illi
898 1030 1029 1061 diurnos
1043 1035 1278 1071 nocturnosque
1292 1030 1410 1062 labores
1422 1031 1595 1073 perferunt,
1611 1041 1675 1064 nec

205 1082 333 1113 inten'm
349 1084 398 1113 vix
414 1093 451 1114 ac
465 1093 506 1114 ne
524 1083 578 1114 vix
594 1083 723 1125 quidem
730 1093 777 1114 res
794 1084 834 1114 ad
848 1083 1020 1114 vivendum
1033 1084 1228 1115 necessarias
1243 1084 1305 1115 sibi
1320 1085 1581 1122 sumministrant,
1598 1084 1675 1117 dum

206 1141 314 1167 tamen
336 1143 370 1168 et
393 1147 482 1168 suam
505 1142 622 1168 sortem
648 1138 850 1168 vehementer
874 1137 1051 1179 deplorant,
1077 1142 1109 1169 et
1130 1148 1239 1169 omnes
1254 1148 1328 1169 suas
1341 1139 1466 1180 vigilias
1477 1138 1626 1180 lacrymis
1641 1144 1675 1170 et

207 1190 339 1231 planctu
364 1192 512 1233 replent?
559 1191 776 1222 Nautarumne
803 1192 902 1223 vitam
921 1192 1056 1223 dicendo
1071 1202 1306 1234 persequamur,
1320 1193 1375 1234 qui
1388 1203 1444 1234 per
1459 1197 1507 1224 tot
1521 1196 1674 1234 tantaque

207 1244 392 1276 discrimina
407 1245 680 1278 transmittuntur?
702 1250 738 1276 ut
753 1245 882 1287 quidem
897 1245 1006 1288 (sicuti
1022 1246 1100 1278 scite
1116 1246 1194 1277 dixit
1210 1246 1304 1288 Bias)
1320 1256 1426 1287 neque
1440 1247 1523 1277 inter
1537 1250 1675 1278 mortuos

208 1307 311 1339 neque
325 1299 407 1330 inter
421 1299 509 1330 vivos
524 1298 680 1330 recenseri
694 1309 788 1340 posse
800 1299 977 1330 videantur.
1000 1301 1094 1330 homo
1109 1299 1195 1330 enim
1207 1304 1363 1336 terrenus,
1374 1299 1425 1331 cui
1436 1304 1517 1330 terra
1526 1299 1675 1330 nimirum

207 1352 360 1383 attributa
387 1357 437 1384 est
464 1354 506 1384 ad
530 1352 736 1384 habitandum
763 1353 868 1391 sedeS,
889 1354 983 1395 quasi
1004 1354 1168 1395 utriusque
1195 1354 1320 1394 generis
1345 1358 1377 1384 et
1399 1353 1473 1383 vitae
1500 1353 1675 1395 particeps,

207 1405 243 1436 in
254 1416 340 1437 mare
353 1417 386 1438 se
399 1407 454 1438 dat
463 1407 670 1449 praecipitem,
682 1417 779 1448 seque
790 1408 870 1438 ultro
884 1407 916 1437 in
928 1407 1059 1438 fortunae
1073 1407 1229 1439 condonat
1237 1411 1438 1448 potestatem.
1473 1406 1518 1437 At
1528 1406 1675 1448 jucunde.

172 1492 179 1500 ,
207 1464 257 1490 est
283 1461 483 1501 agricultura.
507 1465 555 1491 est
577 1471 664 1491 saue.
685 1465 718 1491 at
732 1470 796 1491 non
820 1465 925 1491 totum
939 1460 1045 1502 (quod
1064 1461 1173 1502 aiunt)
1187 1462 1277 1492 uleus
1291 1471 1417 1502 semper
1431 1460 1548 1492 doloris
1561 1471 1673 1492 causas

208 1513 353 1545 invenit?
377 1525 475 1556 quum
497 1513 647 1545 videlicet
659 1515 754 1545 modo
769 1514 944 1545 siccitatem
959 1513 1116 1555 deploret,
1131 1515 1227 1545 modo
1243 1514 1367 1551 imbres,
1382 1514 1479 1545 modo
1493 1514 1672 1553 uredinem,

207 1569 303 1600 modo
322 1569 510 1610 rubiginem,
534 1568 630 1599 modo
658 1568 795 1599 calorem
806 1568 1074 1610 intempestivum,
1089 1568 1141 1599 vel
1156 1569 1255 1610 frigus
1269 1569 1280 1600 ἓ
1324 1569 1398 1600 Jam
1412 1578 1487 1600 vero
1509 1569 1590 1600 illud
1603 1570 1676 1601 vitae

209 1632 309 1663 genus
332 1633 403 1665 quae
428 1623 462 1654 in
482 1623 604 1664 republ.
625 1621 873 1654 administranda
898 1627 1047 1659 versatur,
1071 1622 1195 1653 illustre
1221 1629 1270 1653 est
1296 1627 1330 1654 et
1344 1623 1488 1654 maximis
1503 1623 1674 1654 honoribus

207 1676 333 1709 colitur.
378 1676 436 1714 At,
461 1682 499 1708 ut
514 1677 614 1707 multa
628 1676 878 1718 praetermittam,
894 1676 1018 1718 quantis
1033 1676 1187 1707 molestiis
1199 1680 1231 1707 et
1246 1677 1452 1708 incommodis
1467 1676 1674 1719 exagitatur?

209 1730 329 1772 quippe
357 1740 428 1772 quae
448 1730 600 1772 gaudium
622 1730 748 1768 habeat,
777 1731 936 1762 furunculi
959 1731 1069 1768 instar,
1096 1730 1214 1761 latente
1232 1730 1481 1762 inflammatione
1512 1730 1675 1772 palpitans

207 1788 306 1826 atque
331 1784 452 1816 micans
471 1795 478 1814 ε
502 1785 662 1826 repulsam
689 1794 765 1815 vero
788 1784 920 1815 infinitis
946 1784 1088 1826 partibus
1111 1789 1209 1815 morte
1238 1784 1429 1816 acerbiorem
1454 1794 1673 1826 saepenumero

208 1838 358 1880 patiatur.
402 1838 521 1880 Ecquis
545 1839 628 1870 enim
652 1843 701 1870 est
729 1838 795 1880 qui,
820 1839 897 1869 dum
924 1849 1008 1870 aurae
1030 1838 1191 1880 popularis
1207 1838 1334 1869 arbitrio
1352 1838 1439 1875 vivit,
1454 1838 1528 1869 beat
1536 1837 1677 1879 judicari

209 1892 326 1933 possit?
351 1892 390 1929 si,
404 1899 573 1935 postquam
587 1902 740 1934 equorum
752 1892 786 1923 in
801 1902 919 1923 morem
937 1892 1038 1923 sibilis
1053 1897 1085 1922 et
1099 1891 1265 1933 plausibus
1276 1891 1424 1923 delinitus
1436 1892 1542 1928 fuerit,
1554 1892 1676 1933 populo

209 1946 381 1977 ludibrium
406 1947 557 1977 continuo
586 1946 766 1987 objiciatur,
796 1947 993 1983 exsibiletur,
1023 1945 1203 1982 mulctetur,
1233 1945 1337 1986 capite
1368 1945 1539 1982 minuatur,
1564 1946 1673 1977 mortis

209 1999 368 2040 supplicio
388 2000 588 2031 involvatur:
612 2001 646 2031 in
668 2011 796 2032 omnem
821 2001 959 2042 denique
987 2000 1201 2031 calamitatem
1216 2009 1358 2040 praeceps
1373 2000 1475 2036 detur,
1493 1999 1671 2031 miserabile

208 2052 344 2084 fortunae
369 2055 584 2095 spectaculum
609 2054 733 2085 futurus
749 2055 760 2084 ?
807 2055 937 2091 Quanta
960 2064 1036 2084 vero
1050 2053 1186 2084 civilium
1203 2053 1309 2084 harum
1324 2058 1548 2095 tempestatum
1565 2058 1675 2084 extent

208 2108 366 2148 exempla,
383 2107 537 2145 Axioche‚
551 2118 616 2138 non
629 2109 766 2149 ignoras,
778 2108 833 2149 qui
846 2108 881 2138 111
893 2109 983 2139 rebus
998 2107 1145 2139 civilibus
1158 2112 1297 2139 versatus
1312 2117 1356 2138 es.
1402 2107 1468 2138 Ubi
1491 2107 1577 2137 enim
1591 2116 1674 2138 mor-

209 2165 282 2192 tuus
297 2167 346 2192 est
357 2162 534 2197 Miltiades,
549 2162 602 2192 ubi
617 2161 859 2199 Themistocles,
876 2162 931 2193 ubi
946 2161 1112 2203 Ephialtes
1128 2161 1139 2191 ?
1164 2161 1218 2192 nbi
1233 2171 1307 2192 vero
1322 2171 1413 2202 reges
1426 2160 1474 2192 illi
1488 2166 1522 2191 et
1535 2161 1673 2202 impera-

208 2219 292 2245 tores
317 2215 372 2256 qui
399 2225 502 2256 nuper
526 2216 720 2247 extiterunt?
745 2226 810 2257 quo
833 2215 984 2257 equidem
1007 2223 1148 2257 tempore
1176 2225 1240 2246 non
1268 2215 1359 2256 potui
1381 2214 1497 2246 adduci
1519 2219 1556 2246 ut
1570 2224 1674 2245 meam

209 2269 401 2299 sententiam
417 2269 563 2300 dicerem.
585 2279 690 2310 neque
706 2269 788 2300 enim
804 2269 845 2300 ad
860 2270 937 2300 boni
948 2268 1007 2300 viri
1022 2269 1233 2300 constantiam
1246 2269 1493 2309 gravitatemque
1508 2268 1674 2299 videbatur

210 2322 380 2362 pertinere,
396 2327 432 2353 ut
444 2322 614 2353 insanienti
627 2324 746 2364 populo
759 2324 876 2354 ducem
890 2323 1031 2365 ejusdem
1045 2322 1161 2353 furoris
1174 2327 1293 2353 memet
1306 2321 1490 2362 praeberem.
1504 2321 1675 2352 Therame-

210 2385 266 2405 nes
290 2380 394 2406 autern
417 2381 450 2407 et
475 2375 662 2407 Callixenus
686 2376 838 2417 postridie
861 2375 985 2418 judices
1016 2376 1227 2406 subornarunt
1252 2381 1285 2406 et
1310 2375 1593 2411 succenturiarunt,
1618 2376 1675 2417 qui

209 2429 354 2460 concioni
365 2429 580 2470 praesiderent,
590 2430 748 2460 etindicta
760 2440 854 2460 causa
866 2429 1009 2460 homines
1020 2429 1093 2460 illos
1103 2429 1232 2470 capitali
1245 2428 1401 2470 supplicio
1413 2429 1673 2460 condemnarunt.

211 2493 393 2524 quanquam
403 2489 437 2514 tu
450 2484 536 2515 solus
548 2483 643 2525 [369]
654 2494 723 2514 cum
736 2483 942 2526 Eryptolemo
958 2484 990 2514 in
1002 2483 1096 2515 trium
1107 2482 1244 2514 millium
1257 2483 1419 2513 hominum
1434 2481 1475 2513 ad
1490 2482 1674 2514 concionem

209 2543 473 2578 congregatorum
487 2547 602 2569 corona
617 2537 742 2569 illorum
755 2538 951 2569 iunocentiae
966 2548 1059 2580 opem
1075 2537 1186 2569 tulisti.
1231 2538 1313 2568 Sunt
1336 2537 1397 2567 ista
1417 2547 1503 2573 vera,
1517 2537 1674 2573 Socrates,

210 2590 333 2631 (inquit
358 2590 540 2632 Axiochus)
556 2596 588 2621 et
610 2602 658 2622 me
685 2602 722 2622 ex
748 2592 807 2623 illo
827 2597 969 2634 tempore
992 2597 1156 2634 suggestus
1169 2596 1203 2622 et
1213 2591 1401 2622 concionum
1416 2591 1504 2632 cepit
1520 2591 1671 2621 satietas:

209 2643 352 2685 nihilque
367 2644 445 2675 milri
459 2644 539 2675 adeo
555 2646 614 2676 hoc
625 2645 726 2677 civilis
740 2646 814 2677 vitae
831 2657 947 2687 genere
964 2647 1064 2677 visum
1079 2651 1129 2677 est
1142 2646 1317 2676 molestius,
1361 2644 1400 2675 Id
1428 2644 1511 2686 quod
1542 2644 1672 2685 quidem

209 2696 304 2729 facile
320 2698 344 2728 ii
358 2698 554 2739 perspiciunt
565 2699 619 2739 qui
634 2699 668 2730 in
688 2699 768 2740 ipsis
782 2700 875 2731 rebus
889 2706 1061 2732 versantur.
1084 2710 1159 2731 nam
1182 2704 1216 2730 tu
1238 2699 1369 2740 quidem
1384 2703 1468 2729 certe
1493 2698 1539 2729 ita
1558 2698 1598 2728 de
1626 2696 1675 2728 his

209 2751 306 2781 rebus
318 2752 455 2793 loqueris
471 2757 507 2782 ut
518 2752 640 2783 eminus
655 2757 687 2783 et
701 2758 851 2794 tanquam
867 2765 884 2785 e
901 2755 1030 2796 specula
1043 2765 1096 2785 res
1111 2755 1204 2794 longe
1220 2763 1238 2783 a
1251 2757 1284 2784 te
1300 2752 1418 2794 positas
1433 2751 1653 2792 contemplans
1666 2760 1674 2780 :

209 2813 269 2834 nos
281 2810 386 2835 autem
401 2806 456 2847 qui
471 2805 601 2837 fecimus
615 2806 803 2848 periculum,
816 2812 935 2848 quanto
951 2808 1070 2839 certius
1083 2808 1116 2838 id
1135 2813 1279 2838 tenemus
1297 2808 1304 2837 !
1350 2806 1493 2847 Populus
1517 2805 1614 2840 enim,
1630 2803 1675 2833 mi

212 2857 369 2895 Socrates,
381 2869 431 2889 res
446 2864 494 2890 est
508 2859 643 2901 ingrata,
659 2870 794 2898 morosa,
809 2860 958 2898 crudelis,
975 2861 1095 2898 invida,
1107 2860 1267 2902 imperita,
1283 2870 1392 2892 vecors
1407 2871 1414 2890 :
1440 2859 1556 2900 quippe
1569 2857 1624 2898 qui
1635 2865 1676 2887 ex

214 2911 291 2943 faece
303 2916 335 2942 et
350 2912 484 2944 colluvie
500 2914 601 2956 plebis
616 2914 658 2946 sit
673 2915 838 2952 conflatus,
863 2925 901 2947 cx
918 2916 1034 2957 ineptis
1048 2915 1197 2948 nimirum
1222 2914 1434 2946 nebulonibus
1448 2924 1454 2942 :
1480 2922 1516 2944 ac
1544 2910 1673 2952 proinde

303 2966 392 2998 Plut.
414 2966 468 2998 Tr.
932 2969 977 3000 11.
1535 2969 1553 2997 3
1571 2965 1592 2994 S
