1840 3225
202 223 281 262 406
805 222 1070 261 PLATONIS
1556 227 1652 277 [878

200 328 325 359 fortuna
339 327 562 369 calamitasque
577 328 768 359 exsecranda
781 328 984 370 infligeretur.
1000 328 1073 359 huic
1081 338 1155 369 ergo
1170 328 1306 359 daemoni
1320 329 1502 362 habebimus
1513 331 1655 372 gratiam,

200 387 294 423 atque
321 381 385 423 ejus
408 382 562 413 beneficio
583 382 713 413 minime
739 383 905 419 adversati,
931 383 971 414 ab
996 393 1045 419 eo,
1070 383 1123 424 qui
1146 383 1332 420 vulneravit,
1347 385 1535 426 supplicium
1549 385 1659 417 mortis

200 435 386 473 auferemus,
412 442 444 467 et
466 437 499 467 in
526 437 629 467 vicina
651 437 778 468 civitate
804 448 861 479 per
877 443 974 468 totam
990 437 1085 468 vitam
1101 438 1242 468 exsulare
1258 439 1537 475 statuemus,nullo
1552 448 1654 470 rerum

199 500 324 520 suarum
347 490 484 521 omniurn
508 491 609 521 fructu
636 496 820 530 carentem3
843 491 958 522 damno
986 497 1091 522 tamen
1118 492 1205 533 prius
1225 492 1380 529 restituto,
1406 493 1435 524 si
1454 492 1530 535 quid
1554 493 1658 525 obfuit

200 544 378 582 vulnerato,
404 545 489 586 quod
518 555 536 576 a
560 544 681 587 judicio
703 545 751 576 rei
771 545 865 587 hujus
892 545 986 576 fuerit
1010 547 1225 577 constitutum.
1242 545 1366 589 judices
1389 552 1495 579 autem
1509 547 1583 582 sint,
1600 547 1656 590 qui

201 598 298 629 caedis
319 604 434 635 essent,
456 599 481 630 si
503 599 680 630 vulneratus
694 599 830 630 obiisset.
853 599 878 630 si
894 605 1039 641 parentes
1055 600 1136 631 filius
1151 606 1205 631 aut
1219 611 1325 632 servus
1337 601 1500 633 dominum
1513 602 1658 633 consulto

201 652 343 683 similiter
356 653 572 690 vulneraverit,
584 659 678 695 atque
699 653 743 684 ita
767 653 878 685 secisse
894 653 1122 685 condemnatus
1136 655 1240 692 fuerit,
1254 655 1356 686 scelus
1370 661 1468 687 morte
1482 656 1558 687 luat.
1581 656 1659 698 quin

199 707 295 737 etiam
309 707 334 738 si
347 708 441 738 frater
455 708 583 738 fratrem
597 712 651 738 aut
664 718 800 738 sororem
816 708 966 745 similiter,
980 710 1029 740 vel
1042 720 1128 740 soror
1139 720 1270 741 sororem
1283 716 1337 740 aut
1348 710 1471 741 fratrem
1487 721 1494 740 :
1518 719 1659 751 uxorque

200 760 228 790 si
240 760 339 791 virum
355 761 563 792 interficiendi
577 762 710 793 consilio
725 762 884 793 vulneret:
908 768 961 793 aut
981 763 1028 794 vir
1049 774 1172 794 uxorem
1189 764 1342 800 similiter,
1358 769 1512 806 perpetuo
1526 764 1659 796 exsulet.

201 814 248 844 his
261 814 287 845 si
302 814 356 845 filii
371 815 483 846 filiaeve
495 816 586 856 pueri
601 815 703 846 adhuc
726 822 809 852 sunt,
836 827 900 848 rem
916 817 1102 848 samiIIarem
1117 818 1287 848 exsulantis
1297 824 1416 849 tutores
1429 818 1660 858 administrent,

201 868 256 909 qui
279 878 335 898 eos
363 870 453 900 orbos
475 875 624 901 tutentur.
649 870 697 900 sin
723 870 822 900 adulti
846 875 929 914 sunt,
958 881 1008 900 res
1034 870 1159 911 quidem
1182 872 1264 912 ipsas
1287 872 1506 912 permittantur
1530 873 1660 908 habere,

201 922 285 953 alere
296 927 403 953 tamen
418 924 554 954 exsulem
572 934 637 953 non
654 928 820 964 cogantur.
844 924 870 953 si
883 924 953 964 quis
967 934 1040 954 vero
1056 924 1162 955 liberis
1177 935 1285 955 carens
1295 926 1327 955 in
1340 925 1518 967 hujusmodi
1531 926 1661 957 calami-

200 981 281 1007 tates
292 977 450 1013 inciderit‚
466 978 593 1018 cognati
602 978 669 1019 ejus
680 988 778 1018 usque
791 977 832 1008 ad
848 978 988 1008 sobrinos
1001 978 1277 1020 consobrinosquc,
1292 985 1353 1009 tam
1369 989 1405 1010 ex
1420 979 1555 1010 virorum
1567 989 1661 1021 quam

201 1039 239 1060 ex
264 1031 428 1061 mulierum
455 1036 555 1072 parte,
577 1031 776 1067 conveniant,
799 1037 831 1062 et
859 1042 921 1062 una
949 1042 1022 1063 cum
1046 1032 1150 1073 legum
1181 1033 1361 1064 custodibus
1385 1033 1660 1076 sacerdotibusque

201 1085 332 1114 consilio
354 1084 472 1125 habito,
497 1085 528 1114 in
552 1086 633 1115 hanc
665 1086 838 1116 exsulantis
866 1085 1004 1121 domum,
1032 1096 1125 1116 unam
1155 1086 1195 1117 de
1226 1087 1433 1128 quadraginta
1462 1093 1495 1118 et
1522 1088 1661 1129 quinque

201 1139 337 1170 millibus
362 1139 504 1170 domibus
527 1140 663 1170 civitatis
689 1140 837 1171 heredem
864 1141 1065 1171 constituant.
1089 1141 1122 1171 in
1149 1151 1210 1182 quo
1234 1151 1309 1172 sane
1330 1141 1364 1172 id
1378 1142 1514 1183 cogitare
1531 1141 1661 1177 debent,

199 1194 317 1224 nullam
331 1194 455 1224 domum
472 1193 511 1224 de
528 1193 666 1235 quinque
682 1194 819 1224 millibus
834 1199 866 1224 et
881 1194 1100 1235 qnadraginta,
1117 1194 1286 1225 habitantis
1301 1195 1399 1236 ipsius
1413 1195 1523 1237 suique
1540 1195 1664 1236 generis

201 1248 300 1289 magis
325 1258 392 1278 esse
416 1258 508 1289 quarn
536 1248 672 1279 civitatis
698 1256 730 1279 et
754 1248 896 1289 privatim
923 1254 955 1278 et
971 1248 1106 1289 publice.
1129 1253 1251 1289 oportet
1262 1248 1382 1290 utique,
1393 1254 1428 1280 ut
1444 1249 1556 1280 civitas
1571 1259 1663 1290 quam

201 1302 411 1333 sanctissimas
434 1308 467 1333 et
479 1302 677 1333 felicissimas
691 1312 748 1344 pro
763 1302 878 1333 viribus
894 1302 1003 1333 domos
1017 1312 1088 1332 suas
1110 1302 1283 1344 possideat.
1306 1304 1434 1345 quando
1449 1303 1543 1345 igitur
1557 1303 1663 1344 aliqua

201 1357 312 1387 domus
337 1357 506 1387 infortunio
524 1362 558 1388 et
579 1356 742 1397 impietate
772 1357 877 1398 aliqua
899 1357 1102 1398 inquinatur:
1127 1357 1200 1398 quia
1215 1357 1269 1398 qui
1293 1358 1446 1398 possedit,
1468 1358 1536 1388 sine
1557 1357 1665 1388 liberis

201 1411 290 1447 obiit,
305 1411 488 1441 voluntan'ae
504 1411 598 1442 caedis
613 1416 666 1442 aut
676 1411 810 1454 cujusvis
834 1411 866 1441 in
894 1411 980 1441 Deos
994 1411 1043 1441 vel
1061 1411 1147 1442 cives
1159 1412 1306 1443 facinoris
1319 1411 1558 1448 condemnatus,
1573 1411 1665 1452 cujus

201 1475 282 1496 mors
309 1466 360 1496 vel
383 1466 605 1507 sempiternum
637 1466 782 1496 exsilium
806 1476 898 1506 poena
926 1471 993 1496 est:
1017 1465 1118 1507 primo
1140 1465 1249 1496 domus
1270 1466 1340 1507 ipsa
1359 1466 1532 1497 secundum
1558 1466 1663 1507 legem

200 1520 355 1560 expietur,
379 1520 494 1550 deinde
518 1520 655 1562 cog-nati,
675 1526 711 1550 ut
735 1520 882 1555 diximus,
907 1519 1003 1561 [878]
1029 1530 1100 1550 cum
1117 1521 1220 1560 legum
1235 1519 1416 1551 custodibus
1428 1520 1665 1556 convenientes,

202 1584 300 1614 genus
314 1573 348 1604 in
363 1575 487 1605 civitate
503 1575 632 1616 aliquod
649 1574 763 1605 virtute
779 1574 1067 1615 praestantissimum
1082 1574 1334 1616 fortunatumque
1350 1574 1543 1616 perquirant,
1558 1574 1591 1604 in
1603 1584 1665 1614 quo

201 1628 306 1668 plures
334 1629 550 1659 adolescentes
577 1629 650 1665 sint,
676 1639 805 1669 quorum
822 1639 917 1658 unuin
933 1628 1014 1670 patri
1031 1628 1206 1658 deficientis
1221 1627 1304 1659 illius
1319 1628 1444 1669 suisque
1457 1628 1667 1670 superioribus

202 1683 291 1723 quasi
317 1683 414 1713 filium
441 1682 605 1724 adoptent,
631 1682 800 1723 Deumque
818 1683 946 1723 precati,
967 1683 1050 1712 hunc
1066 1681 1258 1713 felicioribus
1269 1681 1504 1723 patrisfamilias
1517 1681 1667 1723 auspiciis

200 1737 297 1777 prolis
321 1742 569 1778 propagatorem,
597 1747 807 1768 successorem
839 1738 959 1774 domm,
990 1746 1208 1777 sacrorumque
1238 1742 1272 1767 et
1300 1737 1491 1778 reliquorum
1525 1736 1666 1768 omnium

202 1791 352 1821 cultorem
370 1791 434 1821 fore
448 1803 454 1820 :
479 1792 606 1821 tandem
622 1792 769 1822 heredem
782 1791 885 1832 ipsum
899 1792 1070 1822 secundum
1087 1791 1189 1831 legem
1206 1791 1409 1821 constituant.
1430 1800 1501 1822 eum
1514 1801 1600 1827 vero,
1611 1789 1666 1832 qni

202 1844 355 1885 peccavit',
371 1845 437 1875 sine
453 1845 592 1881 nomine,
609 1845 676 1875 sine
693 1845 808 1881 liberis,
822 1844 889 1875 siue
906 1850 985 1875 sorte
1000 1844 1062 1874 ulla
1072 1844 1190 1885 jacere,
1205 1844 1464 1886 quandoquidem
1484 1844 1666 1886 hujusmodi

203 1898 434 1930 calamitatibus
461 1899 621 1941 premitur,
657 1900 827 1940 patiantur.
857 1909 922 1929 non
952 1904 998 1929 est
1028 1905 1134 1929 autem
1162 1899 1196 1929 in
1225 1899 1369 1929 omnibus
1401 1899 1492 1930 rebus
1516 1898 1667 1930 terminus

202 1953 336 1983 termino
362 1953 557 1995 conjunctus.
579 1963 654 1984 nam
678 1953 731 1984 ubi
755 1952 923 1984 confinium
937 1953 1061 1994 aliquod
1079 1963 1244 1983 commune
1263 1958 1322 1989 est,
1338 1953 1384 1984 ibi
1398 1954 1459 1984 hoc
1474 1953 1556 1984 inter
1566 1963 1666 1984 rerum

202 2007 349 2038 terminos
364 2007 502 2049 utrisque
517 2013 716 2043 conventum,
731 2008 873 2038 medium
889 2007 934 2038 fit.
950 2007 1038 2048 atqui
1051 2007 1132 2037 inter
1147 2016 1186 2037 ea
1200 2013 1344 2048 peccata,
1357 2017 1428 2049 quae
1438 2013 1562 2048 sponte,
1573 2013 1606 2038 et
1617 2017 1668 2043 ea,

205 2071 274 2101 quae
297 2071 360 2091 non
384 2067 497 2102 sponte
519 2062 767 2098 committuntur,
792 2062 878 2103 quod
902 2072 958 2103 per
983 2061 1060 2092 iram
1087 2061 1133 2097 fit,
1159 2061 1224 2092 tale
1255 2061 1403 2103 quiddam
1427 2071 1496 2092 esse
1523 2061 1668 2092 dicimus.

203 2114 340 2145 vulneris
354 2115 449 2155 igitur
465 2116 508 2145 ira
522 2115 597 2146 facti
613 2116 666 2156 qui
684 2115 954 2151 condemnabitur,
981 2116 1007 2145 si
1031 2115 1170 2146 sanabile
1193 2115 1289 2146 fuisse
1315 2115 1427 2146 vulnus
1447 2119 1580 2146 eventus
1597 2115 1667 2156 ipse

203 2168 399 2204 monstrabit,
423 2168 552 2210 duplum
579 2169 685 2199 damni
712 2170 873 2199 restituet:
899 2170 946 2199 sin
974 2179 1048 2200 vero
1073 2169 1260 2205 insanabile,
1289 2169 1508 2210 quadruplum.
1529 2169 1612 2210 quod
1641 2168 1669 2198 si

204 2222 342 2252 sanabile
366 2223 491 2264 quidem
516 2223 568 2258 sit.
582 2223 808 2264 turpitudinem
825 2228 926 2254 autern
942 2223 1106 2253 vulnerato
1121 2223 1284 2263 ingentem
1305 2222 1427 2257 afferat,
1457 2221 1668 2264 quadruplum

205 2275 316 2308 solvet.
338 2282 371 2307 at
385 2287 456 2307 vcro
470 2276 497 2308 si
511 2277 579 2319 quis
593 2288 657 2308 non
670 2278 766 2308 solum
781 2277 881 2308 obfuit
896 2277 1071 2311 vulnerato,
1090 2286 1198 2307 verum
1213 2277 1308 2307 etiam
1323 2276 1433 2318 patriae
1446 2276 1567 2312 nocuit,
1582 2275 1669 2317 quod

205 2329 304 2361 milite
323 2330 422 2372 ipsam
440 2323 587 2362 adversus
606 2332 709 2362 hostes
728 2332 910 2372 privaverit,
929 2331 1072 2361 similiter
1095 2331 1242 2371 puniatur
1259 2341 1265 2359 :
1290 2340 1326 2361 ac
1346 2334 1498 2371 praeterea
1519 2329 1672 2361 damnum

206 2384 325 2414 civitati
353 2385 508 2421 restituat,
533 2391 567 2416 et
597 2385 678 2416 ultra
707 2395 789 2421 eam,
817 2395 913 2427 quam
936 2384 1005 2426 ipse
1031 2384 1137 2421 debet,
1161 2384 1302 2415 militiam
1322 2394 1380 2425 pro
1401 2385 1564 2416 vulnerato
1574 2384 1672 2416 etiam

204 2438 337 2469 militet:
362 2445 395 2469 et
418 2439 567 2480 quicquid
592 2439 640 2470 illi
664 2439 836 2481 gerendum
860 2444 927 2469 erat
952 2439 985 2469 in
1010 2438 1104 2475 bello,
1129 2439 1198 2479 ipse
1220 2444 1303 2479 agat.
1325 2437 1411 2480 quod
1426 2438 1454 2469 si
1470 2449 1533 2470 non
1549 2439 1670 2475 fecerit,

206 2502 276 2522 reus
304 2493 345 2523 sit
369 2493 540 2524 secundum
571 2494 673 2535 legem
704 2494 822 2525 volenti
852 2493 965 2534 cuique
994 2493 1100 2533 ipsum
1130 2498 1281 2534 tanquam
1305 2493 1518 2534 neglectorem
1547 2492 1670 2524 militiae

205 2557 371 2578 accusare:
397 2553 429 2577 et
452 2547 602 2578 damnum
626 2548 758 2589 duplum
782 2547 949 2588 triplumve
971 2553 1025 2577 aut
1040 2546 1262 2588 quadruplum,
1279 2552 1370 2588 prout
1390 2546 1554 2588 judicibus
1569 2547 1667 2578 visum

204 2600 310 2637 fuerit,
321 2601 476 2632 restituat.
500 2602 525 2632 si
541 2612 707 2643 germanus
722 2611 903 2643 germanum
925 2601 1069 2632 similiter
1085 2602 1272 2637 vulneravit,
1289 2601 1481 2632 contribules
1495 2605 1529 2632 et
1542 2601 1671 2642 cognati

205 2663 305 2694 usque
327 2653 368 2684 ad
394 2654 536 2685 sobrinos
562 2655 825 2697 consobrinosquo
852 2665 891 2685 ex
912 2655 987 2686 viris
1004 2655 1095 2685 simul
1112 2660 1145 2686 et
1162 2655 1343 2686 mulieribus
1354 2655 1588 2690 convenientes,
1603 2660 1670 2685 trun

207 2717 308 2738 mares
331 2717 423 2748 quam
445 2708 580 2745 feminae,
602 2709 758 2750 judicent,
788 2709 1045 2751 genitoribusqne
1068 2710 1174 2750 ipsum
1200 2708 1337 2744 tradant,
1361 2713 1395 2739 ut
1419 2708 1478 2750 ipsi
1494 2707 1668 2739 secundum

207 2767 348 2792 naturam
367 2762 507 2803 puniant.
530 2764 614 2804 quod
639 2763 665 2793 si
690 2764 810 2805 punitio
837 2763 981 2805 ambigua
995 2763 1098 2799 suerit,
1114 2763 1283 2805 propinqui
1297 2772 1337 2793 ex
1350 2767 1437 2803 parte
1453 2762 1509 2792 viri
1522 2762 1671 2793 determi-

209 2822 297 2846 nent.
319 2817 371 2856 qui
395 2816 421 2846 si
442 2817 500 2858 ipsi
525 2827 588 2848 non
615 2818 745 2859 possint,
768 2819 896 2849 tandem
912 2817 953 2848 ad
969 2819 1115 2849 custodes
1130 2819 1236 2859 legum
1250 2826 1377 2848 causam
1387 2815 1540 2847 deferant.
1562 2816 1587 2847 si
1602 2816 1669 2847 nati

207 2875 378 2910 nepotesve
393 2871 456 2901 tale
472 2871 549 2912 quid
564 2872 755 2913 genitoribus
770 2873 953 2908 intulerunt,
971 2874 1070 2904 solum
1096 2873 1126 2903 hi
1139 2872 1295 2913 judicent,
1311 2871 1365 2911 qui
1379 2880 1497 2901 annum
1511 2870 1669 2912 sexagesi-

212 2933 297 2953 mum
310 2929 534 2973 transegerunt,
549 2926 661 2967 quibus
676 2927 752 2961 veri,
768 2936 831 2958 non
847 2927 997 2968 adoptivi,
1013 2927 1100 2958 liberi
1114 2927 1186 2957 sint.
1202 2931 1235 2956 et
1250 2923 1489 2959 condemnatus
1504 2929 1558 2955 aut
1569 2930 1667 2954 morte
