1840 3225
246 199 343 249 361]
776 200 1038 248 EPISTOLA
1070 198 1182 240 XIII.
1632 199 1710 237 499

903 359 1028 409 XII.

452 468 597 500 PLATO
622 469 855 503 ARCHYTAE
876 469 1147 502 TARENTINO
1171 469 1294 500 BENE
1318 468 1486 501 AGERE.

238 553 373 585 Mmum
388 560 448 592 est,
464 566 556 597 quam
569 556 679 588 libenti
695 556 800 588 animo
822 557 1049 588 commentaria
1071 556 1125 586 abs
1151 561 1183 588 te
1208 556 1303 586 missa
1324 554 1514 596 accepimus,
1531 563 1702 594 eorumque

237 608 376 639 auctoris
390 609 518 651 ingenio
533 610 684 642 delectati
701 621 820 642 sumus.
840 612 926 642 visus
940 611 1069 652 quidem
1084 610 1173 641 nobis
1189 615 1238 641 est
1253 611 1298 640 vir
1313 610 1381 652 ipse
1395 609 1509 650 dignus
1532 608 1702 649 majoribus

235 660 298 691 illis
315 663 463 705 antiquiS.
486 664 586 695 fertur
601 670 705 695 autem
721 675 777 695 eos
788 665 927 696 virorum
943 664 1054 695 decem
1070 665 1167 695 millia
1178 664 1286 700 fuisse,
1304 664 1359 705 qui
1382 673 1423 693 ex
1442 672 1572 692 numero
1587 660 1703 702 Troja-

234 724 347 745 norum
368 718 518 754 omnium,
541 719 596 760 qui
619 718 678 749 sub
693 718 911 750 Laomedonte
935 729 1108 756 surrexere,
1133 723 1169 749 ut
1195 719 1303 749 fabula
1325 718 1433 754 tradit,
1453 714 1703 758 praestantissimi

233 767 372 800 fuerunt.
395 772 618 802 commentaria
635 783 718 810 vero,
735 783 805 814 quae
821 778 858 805 tu
875 784 932 815 per
947 774 1067 804 litteras
1083 783 1101 803 a
1116 783 1166 804 me
1184 773 1278 813 petiS‚
1291 771 1432 803 nondum
1460 771 1603 802 absoluta
1617 773 1702 800 sunt.

218 822 461 865 'qualiacunque
475 830 581 856 tamen
597 832 683 863 sunt,
699 827 737 857 ad
754 832 786 857 te
803 827 884 858 misi.
909 827 949 858 de
966 827 1113 858 custodia
1130 836 1206 858 vero
1220 826 1305 857 idem
1318 826 1473 857 sentimus
1488 825 1591 856 ambo.
1622 833 1701 864 qua·

231 881 359 918 propter
372 877 459 909 nihil
468 880 682 912 cohortatione
694 891 773 922 opus
789 892 858 913 esse
873 881 1007 913 videtur.

891 1008 1048 1059 XIII.

823 1120 890 1161 [Ex
906 1118 966 1150 Ed.
981 1120 1109 1162 steph]

287 1219 437 1252 PLATO
460 1218 684 1250 DIONYSIO
709 1217 1054 1251 SYRACUSARUM
1074 1215 1302 1248 TYRANNO
1328 1215 1449 1247 BENE
1474 1198 1640 1246 ACERE.

231 1316 329 1360 [360]
339 1317 530 1349 ancrrxv
536 1328 560 1347 M
571 1316 630 1347 tibi
639 1316 792 1358 epistolae‚
803 1316 958 1357 simulque
965 1322 1039 1346 nota
1055 1315 1138 1356 quod
1149 1315 1216 1346 haec
1226 1314 1361 1356 epistola
1371 1324 1441 1344 mea
1454 1314 1505 1350 sit,
1522 1315 1590 1345 haec
1605 1319 1674 1344 esto
1691 1325 1697 1342 ι

229 1370 336 1408 Quum
361 1371 532 1419 aliquando
559 1371 680 1401 Locros
695 1370 829 1412 juvenes
845 1370 989 1401 convivio
1003 1369 1192 1410 excepisses,
1204 1373 1238 1399 et
1252 1369 1362 1410 procul
1377 1377 1396 1398 a
1413 1379 1460 1399 me
1473 1368 1697 1403 discumberes,

227 1425 398 1462 surrexisti,
411 1426 450 1456 ad
462 1435 575 1467 meque
586 1424 756 1460 accessisti,
772 1430 805 1455 et
815 1424 947 1456 comiter
959 1424 1198 1464 humaniterque
1209 1422 1315 1453 dixisti
1329 1422 1470 1463 lepidum
1486 1422 1648 1463 quiddam,
1661 1427 1698 1453 ut

228 1478 348 1508 etmihi
359 1479 430 1509 etei
440 1479 494 1520 qui
506 1478 650 1520 proxime
661 1478 820 1509 assidebat
830 1477 934 1508 visum
946 1482 1004 1508 est.
1027 1477 1102 1507 Erat
1113 1483 1218 1507 autem
1228 1476 1281 1507 ille
1293 1487 1332 1507 ex
1345 1486 1477 1507 numero
1489 1476 1675 1507 urbanorum
1688 1487 1694 1505 z

227 1533 284 1574 qui
306 1539 384 1569 tum,
401 1532 559 1573 Majorem
573 1543 647 1563 sane
663 1533 698 1563 in
713 1531 850 1569 modum,
866 1532 982 1572 inquit,
998 1542 1016 1561 o
1032 1531 1180 1573 Dionysi,
1197 1541 1215 1561 a
1230 1530 1365 1561 Platone
1381 1531 1419 1561 ad
1438 1530 1695 1571 consequendam

227 1587 418 1627 sapientiam
430 1587 596 1629 adjuvaris.
613 1587 664 1617 cui
675 1592 721 1624 tu,
739 1586 854 1617 Multis
864 1587 957 1616 etiam
972 1586 1042 1616 aliis
1051 1585 1084 1615 in
1098 1585 1202 1620 rebus,
1217 1584 1418 1626 respondisti.
1442 1585 1569 1616 Etenim
1581 1595 1617 1615 ex
1632 1595 1695 1625 quo

227 1650 299 1670 eum
309 1641 451 1672 accersiri
459 1641 548 1682 jussi,
557 1646 688 1682 repente
701 1641 742 1671 ob
753 1651 824 1671 eam
835 1641 934 1682 ipsam
945 1650 1068 1671 causam
1079 1639 1163 1680 quod
1176 1650 1246 1669 eum
1258 1639 1490 1675 accersiveram,
1501 1640 1697 1669 emolumen-

225 1699 292 1724 tum
307 1694 446 1735 percepi,
459 1694 573 1736 Itaque
589 1693 833 1725 conservandum
849 1699 897 1724 est
908 1694 979 1730 hoc,
995 1698 1032 1723 ut
1046 1694 1114 1723 haec
1127 1699 1235 1723 mutua
1247 1692 1367 1723 utilitas
1378 1698 1533 1733 perpetuo
1549 1693 1647 1734 magis
1660 1703 1697 1724 ac

226 1748 328 1789 magis
341 1748 423 1779 inter
435 1759 493 1780 nos
506 1753 664 1790 augescat.
687 1748 783 1780 Nunc
797 1748 892 1789 igitur
902 1749 961 1778 hoc
975 1748 1075 1789 ipsum
1091 1747 1234 1783 studens,
1250 1747 1342 1777 mitto
1352 1747 1409 1777 tibi
1424 1757 1464 1777 ex
1477 1746 1696 1789 Pythagoreis,

226 1806 259 1832 et
269 1813 307 1833 ex
323 1802 539 1838 divisionibus,
555 1807 588 1834 et
599 1803 696 1833 virum
714 1808 867 1844 praeterea
878 1802 969 1843 cujus
983 1811 1087 1843 opera,
1105 1800 1372 1842 quemadmodum
1390 1808 1457 1831 tum
1478 1801 1570 1831 nobis
1593 1802 1695 1832 visum

225 1861 285 1892 est,
299 1862 333 1887 et
342 1861 387 1893 tu,
399 1861 431 1887 et
440 1856 600 1899 Archytas
614 1857 657 1899 (si
668 1857 736 1898 ipse
747 1856 789 1888 ad
799 1862 831 1888 te
841 1856 947 1897 venit)
963 1856 1009 1886 uti
1021 1855 1160 1896 possitis.
1185 1855 1225 1885 Ei
1234 1865 1350 1885 nomen
1362 1860 1410 1885 est
1422 1854 1557 1885 Helicon
1569 1867 1575 1884 ε
1592 1856 1695 1896 patria

226 1909 375 1953 Cyzicus,
397 1911 522 1942 Eudoxi
537 1911 725 1953 discipulus,
741 1912 828 1954 cujus
844 1911 930 1942 omni
944 1910 1086 1941 doctriua
1097 1910 1259 1950 eleganter
1275 1914 1325 1939 est
1337 1909 1499 1939 institutus
1512 1920 1518 1938 :
1533 1914 1565 1939 et
1577 1919 1652 1939 usus
1663 1909 1694 1940 ei

226 1964 404 1996 intercessit
422 1976 494 1996 cum
513 1966 651 2007 quodam
678 1965 827 1997 Isocratis
858 1965 1095 2007 discipulorum,
1126 1969 1158 1994 et
1187 1963 1365 2005 Polyxeno,
1392 1963 1543 2005 Brysonis
1569 1962 1670 1994 sodali
1685 1974 1692 1992 ε

226 2019 375 2060 quodque
394 2025 545 2060 praeterea
558 2030 661 2050 rarum
678 2025 736 2056 est,
754 2020 852 2051 comis
867 2025 916 2050 est
930 2025 962 2050 et
974 2018 1132 2049 affabilis:
1157 2028 1260 2059 neque
1286 2017 1457 2047 malitiosus
1482 2018 1620 2055 videtur,
1635 2017 1692 2048 sed

225 2074 307 2104 levis
331 2074 438 2115 potius
455 2079 489 2105 et
499 2073 651 2105 candidus
666 2084 736 2105 esse
747 2073 955 2115 judicaretur.
1002 2072 1102 2104 Caute
1119 2077 1225 2102 autem
1240 2076 1274 2102 et
1286 2071 1395 2101 timide
1420 2072 1550 2112 loquor:
1575 2071 1694 2113 quippe

225 2126 264 2157 de
280 2127 407 2159 homine
423 2128 612 2159 senteutiam
626 2138 801 2169 exponens,
816 2138 879 2158 non
896 2127 935 2157 de
952 2126 1080 2168 perdito
1096 2125 1236 2161 animali,
1253 2124 1309 2156 sed
1324 2125 1409 2166 quod
1431 2125 1546 2156 mutari
1569 2125 1694 2167 corrigi·

225 2191 286 2223 que
294 2182 389 2217 facile
397 2183 507 2224 possit,
515 2183 578 2213 nisi
588 2182 621 2212 in
638 2181 838 2224 quibusdam,
849 2181 951 2222 iisque
960 2181 1139 2223 perpaucis.
1151 2179 1350 2210 Praetereaid
1357 2179 1483 2216 veritus,
1491 2189 1528 2210 ac
1536 2179 1694 2217 diffidens,

225 2235 465 2267 considerabam
480 2247 553 2268 cum
577 2236 833 2278 illocolloquens,
850 2246 885 2267 ac
909 2234 949 2266 de
971 2235 1094 2266 civibus
1116 2234 1213 2275 ipsius
1234 2233 1452 2275 percontabar,
1476 2243 1579 2274 neque
1607 2234 1694 2275 quis-

225 2299 317 2330 quam
345 2290 422 2320 mihi
444 2290 612 2331 quicquam
633 2290 672 2321 de
689 2300 727 2321 eo
746 2290 822 2321 mali
836 2289 958 2320 retulit.
1013 2287 1222 2320 Considerato
1237 2292 1344 2318 autem
1356 2294 1391 2318 tu
1401 2297 1538 2329 quoque,
1562 2292 1595 2318 et
1620 2298 1692 2318 cau-

223 2343 343 2374 tionem
355 2342 502 2374 adhibeto
515 2355 522 2373 :
546 2345 859 2386 accuratissimeque,
883 2344 1008 2385 quoties
1020 2342 1080 2373 tibi
1095 2342 1197 2373 otium
1213 2341 1283 2378 erit,
1297 2352 1336 2372 ex
1347 2341 1403 2372 illo
1419 2341 1543 2378 discito,
1558 2342 1693 2384 aliisque

223 2397 257 2427 in
287 2397 378 2428 rebus
403 2397 642 2439 philosophator
655 2410 661 2427 :
686 2398 734 2429 sin
762 2389 880 2434 minus',
911 2398 1023 2428 doceto
1052 2396 1243 2437 quempiam,
1273 2401 1308 2426 ut
1339 2405 1396 2437 per
1425 2396 1525 2426 otium
1555 2396 1691 2432 discens,

224 2451 336 2483 melior
349 2456 381 2482 et
392 2451 544 2482 illustrior
558 2451 686 2488 evadas,
697 2462 800 2494 neque
816 2463 835 2482 a
849 2462 898 2482 me
908 2451 1011 2494 juvari
1026 2450 1163 2481 desinas.
1188 2449 1297 2491 Atque
1309 2451 1377 2480 haec
1389 2449 1516 2491 quidem
1530 2450 1693 2481 hactenus.

225 2505 324 2548 [361]
349 2505 442 2543 Quod
457 2511 564 2536 autem
578 2516 633 2547 per
641 2505 748 2537 literas
761 2516 780 2537 a
803 2516 853 2537 me
869 2511 904 2537 ut
927 2505 1112 2547 Apollinem
1136 2504 1192 2535 tibi
1214 2504 1373 2535 mitterem
1394 2503 1524 2546 petiisti,
1549 2503 1584 2535 id
1610 2505 1672 2536 feci
1686 2516 1692 2534 :

223 2559 376 2602 Leptines
391 2560 446 2591 tibi
463 2571 533 2591 eum
550 2559 782 2602 deportandum
795 2561 945 2601 suscepit.
960 2560 1063 2591 factus
1075 2563 1123 2590 est
1138 2559 1177 2590 ab
1188 2558 1313 2590 erudito
1329 2563 1362 2590 et
1374 2558 1535 2600 praestanti
1551 2558 1670 2590 artifice
1684 2569 1691 2587 :

224 2613 275 2644 cui
287 2623 404 2645 nomen
418 2619 468 2645 est
482 2614 650 2646 Leochari.
693 2614 769 2645 Erat
783 2615 868 2656 apud
879 2625 950 2645 eum
966 2624 1044 2656 opus
1059 2613 1155 2650 aliud,
1174 2623 1249 2644 sane
1264 2613 1424 2655 egregium
1447 2618 1483 2643 ut
1507 2612 1670 2644 videbatur
1684 2624 1691 2642 ε

224 2678 321 2710 quare
335 2669 416 2699 illud
429 2678 497 2698 sum
513 2672 680 2705 mercatus,
695 2674 729 2699 ut
742 2669 834 2700 uxori
848 2674 910 2699 tuae
925 2669 1011 2700 dono
1026 2667 1151 2699 darem:
1168 2667 1318 2709 quoniam
1332 2667 1395 2698 mei
1409 2677 1517 2698 curam
1541 2665 1691 2706 suscepit,

223 2727 257 2753 et
271 2733 423 2765 prospera
437 2726 469 2752 et
483 2721 615 2752 adversa
630 2722 808 2754 valetudine
820 2723 949 2759 utentis,
965 2721 1228 2764 quemadmodum
1242 2726 1375 2762 utroque
1396 2725 1537 2751 nostrum
1561 2719 1690 2760 dignum

224 2781 300 2808 erat.
345 2777 452 2814 Quare
467 2776 517 2807 illi
544 2776 634 2807 dabis
649 2787 656 2806 :
681 2777 745 2808 nisi
768 2777 846 2818 quid
870 2776 956 2808 aliud
976 2776 1114 2807 videtur.
1157 2775 1256 2806 Mitto
1269 2775 1366 2805 etiam
1381 2775 1485 2816 pueris
1500 2773 1565 2803 vini
1589 2773 1692 2803 dulcis

224 2828 392 2862 duodecim
421 2832 600 2872 amphoras,
628 2831 734 2861 mellis
760 2830 849 2862 duas.
907 2830 1026 2862 Caricae
1051 2830 1119 2871 jam
1145 2828 1315 2861 reconditas
1343 2829 1479 2865 fuerant,
1508 2827 1689 2869 priusquam

223 2884 409 2917 veniremus.
452 2885 629 2927 Myrtorum
641 2885 745 2918 baccae
770 2885 906 2918 eonditae
933 2888 1121 2927 putruerunt
1135 2895 1142 2915 :
1166 2883 1223 2915 sed
1233 2884 1364 2927 posthac
1391 2881 1576 2923 diligentius
1601 2889 1688 2911 cura-
