1840 3225
188 243 284 294 357]
314 257 316 259 ’
743 241 1003 278 EPlsTOLA
1038 243 1106 279 lX.
1581 245 1654 281 497

184 346 280 386 regiae
295 344 458 386 dignitatis
471 344 569 378 forma
584 351 752 376 contentus
770 343 885 381 vivere,
901 344 1016 374 timens
1031 344 1180 375 videlicet
1197 344 1327 377 fortunar
1353 346 1448 381 vicem
1465 352 1498 378 et
1521 347 1654 387 patriam

183 399 354 437 miseratus
376 409 528 441 sacraque
550 404 584 430 et
603 399 749 441 sepulcra
769 397 947 439 majorum3
969 408 1010 428 ne
1024 398 1227 429 contentione
1244 409 1372 440 prorsus
1397 401 1504 432 omnia
1531 400 1653 442 perdat,

183 453 324 485 barbaris
337 464 377 485 ex
393 453 504 495 patriae
516 453 705 485 infelicitate
721 452 915 493 gratificans.
937 454 994 483 hos
1008 462 1084 482 vero
1096 457 1162 483 tres
1174 463 1278 493 reges,
1305 454 1372 484 sive
1400 456 1463 486 illis
1483 455 1653 485 auctorita-

182 512 250 538 tem
273 508 420 546 eandem,
440 517 536 548 quam
557 507 794 538 Lacedaemonii
821 517 910 547 reges
933 506 1061 543 habent,
1089 506 1254 544 dederitis,
1279 509 1345 538 sive
1360 509 1439 549 quid
1459 508 1653 544 ademeritis,

185 562 345 592 communi
371 571 527 592 consensu
553 561 769 598 constituetis,
794 561 851 591 tali
875 561 1014 603 quodam
1036 566 1142 602 pacto,
1170 565 1209 592 ut
1223 561 1445 603 priusdictum
1472 568 1532 597 est,
1559 567 1654 602 atque

185 615 301 646 iterum
315 626 400 648 nunc
417 616 537 648 audite.
559 616 588 646 si
601 615 751 657 Dionysii
771 622 806 646 et
820 614 995 656 Hipparini
1009 625 1108 656 genus
1124 615 1262 646 voluerit
1276 626 1335 657 pro
1348 616 1465 647 Siciliae
1479 617 1581 646 salute
1605 616 1655 644 his

183 670 428 708 calamitatibus,
441 681 511 712 quae
539 680 624 701 nunc
652 674 778 710 urgent,
795 669 892 700 finem
921 669 1095 710 imponere,
1125 670 1262 701 honores
1289 670 1350 700 sibi
1377 671 1498 711 totique
1526 669 1654 700 familiae

185 732 405 766 comparantes
420 735 483 755 non
509 725 549 755 ad
574 734 712 766 praesens
732 724 833 754 solum
857 723 915 754 sed
938 724 971 754 in
994 729 1177 765 posterum:
1203 724 1272 760 hac,
1303 725 1444 765 inquam,
1459 723 1654 755 condiiione.

184 779 452 818 quemadmodum
465 785 498 810 et
511 779 596 819 prius
610 778 729 809 dictum
743 784 804 814 est,
816 778 1001 818 adi-egnum
1015 783 1123 809 vocate
1137 789 1143 807 :
1168 782 1202 809 et
1217 779 1350 818 legatos,
1363 788 1443 820 quos
1453 778 1515 819 ipsi
1542 777 1653 810 velint.

184 832 362 864 concordias
372 834 481 874 'gratia
495 843 568 864 cum
583 832 711 874 publica
725 833 911 864 auctoritate
927 832 1072 873 deligite,
1092 833 1158 864 sive
1183 843 1222 863 ex
1249 833 1360 864 vestris
1383 833 1506 863 civibus
1525 832 1591 861 sive
1617 841 1655 860 ex

184 886 300 917 alienis
328 889 395 918 sive
421 898 458 919 ex
489 888 641 928 utrisque,
659 892 768 928 totque
796 892 962 928 praeterea‚
990 893 1067 927 quot
1092 886 1141 917 illi
1171 887 1396 917 concesserint.
1420 887 1473 927 qui
1497 884 1660 916 communi.

185 941 345 972 sententia
364 941 452 982 leges
474 941 613 972 condant
637 947 731 982 atque
747 941 978 981 rempublicam
994 941 1037 971 ita
1059 941 1266 976 constituant,
1289 947 1323 971 ut
1346 942 1379 970 in
1404 950 1442 971 ea
1472 950 1562 980 roges
1588 949 1656 969 esse

188 994 301 1026 deceat
315 1005 473 1026 sacrorum
489 995 632 1026 dominos
647 995 838 1036 aliarumque
855 1005 971 1035 rerum,
986 1005 1190 1035 quascunque
1222 995 1315 1025 decet
1339 996 1386 1025 his
1412 994 1555 1029 conce-di,
1579 1004 1658 1033 quo-

187 1059 258 1079 rum
273 1050 425 1080 beneficia
440 1050 473 1080 in
489 1050 622 1090 patriam
639 1056 772 1080 exstant.
797 1049 928 1089 proinde
947 1049 1020 1078 belli
1037 1049 1187 1089 pacisque
1217 1049 1379 1078 arbitrium
1403 1049 1539 1078 habeant
1556 1053 1659 1076 cnzto-

186 1101 243 1133 des
266 1103 328 1144 ipsi
343 1104 450 1144 legum
465 1104 576 1139 creati,
589 1113 720 1133 numero
740 1103 882 1143 quinque
899 1109 932 1132 et
948 1102 1087 1142 triginta,
1102 1113 1166 1132 una
1181 1113 1250 1133 cum
1277 1103 1395 1143 populo
1418 1107 1514 1143 atque
1538 1106 1663 1130 senatu.

181 1156 304 1198 judicia
318 1168 394 1188 vero
409 1158 559 1188 distincta
573 1158 637 1188 sint
660 1158 723 1188 alia
738 1158 883 1188 aliorum.
905 1157 1017 1187 mortis
1032 1156 1163 1198 quidem
1184 1162 1280 1198 atque
1297 1156 1401 1187 exsilii
1425 1155 1596 1186 auctoritas
1623 1154 1661 1184 sit

186 1221 287 1252 penes
301 1212 430 1252 triginta
449 1217 482 1242 et
497 1211 639 1253 quinque
662 1211 757 1246 viros,
783 1216 816 1241 et
847 1215 961 1252 praeter
987 1220 1043 1241 eos
1068 1221 1168 1251 penes
1189 1211 1269 1241 alios
1294 1210 1448 1251 quosdam
1470 1208 1598 1250 judices
1622 1219 1659 1237 ex

183 1265 246 1296 illis
263 1266 394 1302 electos,
411 1266 464 1307 qui
479 1265 716 1306 magistratibus
740 1266 884 1306 proxime
907 1265 1070 1306 perfuncti
1100 1270 1194 1295 sunt:
1220 1265 1264 1295 ita
1295 1270 1330 1295 ut
1355 1274 1435 1295 unus
1459 1274 1499 1294 ex
1521 1262 1662 1304 quolibet

186 1319 370 1360 magistratu
385 1320 532 1360 eligatur,
562 1320 616 1361 qui
638 1320 776 1360 optimus
803 1319 1065 1361 justissimusque
1091 1325 1255 1360 appareat.
1279 1319 1311 1349 hi
1335 1318 1482 1360 sequenti
1507 1328 1589 1348 anno
1621 1316 1660 1346 de

188 1379 287 1404 morte
309 1379 342 1404 et
365 1385 490 1405 carcere
519 1379 553 1405 et
568 1375 679 1404 exsilio
694 1374 883 1404 sententiam
899 1373 1012 1404 ferant.
1034 1374 1102 1414 regi
1119 1384 1193 1404 vero
1209 1374 1259 1403 his
1269 1373 1399 1414 judiciis
1423 1373 1573 1404 interesse
1597 1382 1661 1402 nou

188 1427 292 1464 liceat,
313 1433 423 1470 utpote
439 1428 610 1468 sacerdoti,
627 1438 719 1470 quem
744 1428 776 1458 in
790 1427 924 1458 ferenda
938 1428 1038 1463 necis,
1055 1427 1200 1463 carceris,
1217 1428 1322 1458 exsilii
1339 1427 1498 1458 sententia
1511 1427 1663 1457 contami-

187 1482 256 1512 nari
281 1482 368 1513 nefas
389 1483 439 1513 sit.
463 1482 561 1524 [357]
587 1483 654 1513 haec
679 1481 827 1524 equidem
851 1487 884 1513 et
911 1483 988 1512 dum
1016 1482 1169 1523 viverem,
1193 1482 1382 1523 cogitabam,
1407 1487 1439 1512 et
1459 1492 1544 1512 nunc
1567 1481 1662 1510 etiam

188 1535 293 1576 cogito
303 1536 448 1574 facienda
461 1548 467 1567 :
493 1543 587 1577 atque
603 1542 691 1571 tunc,
708 1547 779 1566 cum
795 1536 940 1566 inimicos
955 1536 1188 1577 superavissem
1202 1547 1266 1567 una
1281 1536 1454 1574 vobiscum,
1471 1535 1533 1565 nisi
1543 1534 1664 1565 externi

187 1589 336 1631 fun'aeque
361 1591 567 1627 obstitissent,
594 1596 629 1621 ut
658 1589 870 1626 decreveram,
900 1591 1145 1620 constituissem.
1170 1589 1315 1630 proinde,
1349 1591 1374 1620 si
1406 1589 1446 1620 ad
1476 1595 1583 1619 votum
1613 1599 1664 1619 res

192 1645 431 1684 processissent,
457 1645 580 1676 colonis
603 1645 760 1685 reliquam
780 1645 922 1675 Siciliam
937 1644 1154 1685 replevissem,
1170 1643 1311 1674 barbaris
1321 1643 1445 1685 quidem
1457 1644 1553 1674 exliis
1578 1643 1665 1677 locis,

187 1708 258 1738 quae
271 1708 354 1729 nunc
367 1703 535 1740 occupant,
550 1699 700 1739 expulsis,
716 1703 930 1740 praeterquam
945 1699 973 1729 si
989 1698 1043 1739 qui
1056 1708 1164 1728 eorum
1182 1708 1240 1739 pro
1257 1700 1415 1728 communi
1431 1698 1576 1728 libertate
1589 1708 1664 1727 con-

190 1758 239 1783 tra
250 1753 451 1794 tyrannidem
466 1758 707 1795 pugnaverunt:
734 1753 854 1794 priores
867 1757 976 1783 autem
998 1752 1185 1783 Graecorum
1208 1753 1349 1788 locorum
1373 1752 1502 1782 colonos
1524 1752 1555 1781 in
1585 1751 1667 1781 anti-

190 1816 269 1847 quas
284 1806 464 1848 patriasque
480 1808 572 1837 sedes
582 1807 804 1838 restituissem.
827 1808 894 1837 haec
910 1807 1007 1847 igitur
1022 1805 1133 1837 eadem
1144 1806 1178 1836 in
1193 1807 1362 1847 praesentia
1374 1806 1519 1836 omnibus
1534 1805 1666 1837 consulo

191 1861 352 1891 communi
375 1862 510 1892 consilio
534 1861 707 1892 deliberare
727 1868 759 1892 et
785 1872 891 1903 agere,
914 1867 1010 1902 atque
1032 1861 1073 1891 ad
1097 1862 1164 1891 haec
1195 1860 1320 1901 agenda
1349 1870 1458 1891 omnes
1489 1860 1664 1891 cohortari:

192 1915 277 1956 quod
302 1915 328 1945 si
353 1915 407 1956 qui
429 1915 648 1951 dissenserint,
676 1926 730 1946 eos
756 1916 916 1946 communi
941 1915 1099 1946 sententia
1127 1916 1234 1945 hostes
1255 1914 1449 1945 existimare.
1473 1923 1576 1954 neque
1594 1923 1667 1943 vero

193 1969 260 2000 haec
270 1969 348 2000 talia
359 1974 444 2006 sunt,
460 1975 496 2000 ut
510 1971 577 2001 fieri
591 1975 762 2011 nequeant.
785 1981 856 2012 quae
864 1970 951 2000 enim
964 1971 996 2000 in
1009 1971 1143 2000 duorum
1161 1969 1274 1999 animis
1290 1969 1482 2008 consistunt,
1497 1973 1591 2008 atque
1609 1968 1669 2002 his,

192 2023 249 2064 qui
265 2024 475 2054 consultando
493 2025 680 2065 perquirunt
697 2025 831 2065 optima,
857 2034 926 2054 mox
954 2024 1110 2064 facileque
1135 2027 1315 2059 occurrunt,
1338 2032 1377 2052 ea
1390 2022 1444 2063 qui
1465 2020 1669 2062 impossibilia

188 2076 327 2118 judicat,
343 2088 406 2108 non
418 2084 501 2109 recte
515 2079 622 2109 sentit.
645 2079 716 2109 dico
728 2084 835 2109 autem
851 2078 941 2114 duos,
959 2077 1129 2118 Hipparini
1145 2077 1281 2117 scilicet,
1307 2076 1456 2118 Dionysii
1484 2075 1550 2111 filii,
1575 2080 1669 2115 atque.

191 2131 320 2173 insuper
334 2132 398 2163 mei
419 2132 474 2162 filii
492 2133 625 2163 animos.
647 2132 778 2163 arbitror
794 2133 892 2168 enim,
909 2133 936 2162 si
952 2132 985 2162 hi
1001 2131 1231 2166 consenserint,
1248 2131 1326 2161 alios
1349 2141 1475 2172 quoque
1497 2131 1668 2172 Syracusa-

196 2195 254 2216 nos
266 2192 299 2216 et
313 2196 435 2222 omnes,
451 2187 564 2228 quibus
579 2188 679 2228 patria
691 2197 773 2218 curte
797 2193 856 2223 est,
872 2196 1089 2218 consensuros.
1113 2185 1167 2216 sed
1192 2185 1266 2216 Diis
1280 2185 1425 2216 omnibus
1442 2186 1576 2215 honores
1598 2192 1671 2213 cum

197 2241 342 2280 precibus
365 2241 548 2277 offerentes,
570 2247 603 2272 et
627 2242 697 2272 aliis
711 2248 876 2282 praeterea,
893 2241 1132 2283 quibuscunque
1150 2250 1212 2269 una
1228 2249 1302 2269 cum
1326 2239 1401 2269 Diis
1425 2248 1541 2269 vovere
1569 2238 1675 2272 decet,

196 2300 350 2335 praeterea
381 2297 582 2326 cohortantes
607 2296 843 2337 imitantesque
869 2296 986 2327 amicos
1010 2300 1042 2325 et
1068 2294 1214 2324 inimicos
1241 2293 1368 2322 omnino
1395 2298 1492 2333 atque
1523 2292 1674 2331 benigne.

199 2348 299 2379 nolite
325 2349 412 2390 prius
433 2351 585 2380 desistere
600 2361 694 2390 quam
709 2360 759 2387 ea,
782 2361 852 2392 quae
868 2361 888 2382 a
903 2349 996 2380 nobis
1019 2359 1103 2379 nunc
1117 2348 1203 2378 dicta
1215 2352 1299 2382 sunt,
1317 2347 1406 2387 quasi
1417 2346 1523 2376 divina
1553 2347 1674 2376 somnia

199 2401 403 2441 vigilantibus
418 2404 687 2445 supervenientia,
701 2406 869 2446 perspicua
882 2405 1010 2445 quidem
1024 2407 1119 2443 atque
1137 2401 1245 2432 felicia
1260 2401 1488 2442 perfectissime
1504 2399 1677 2440 impleatis.

892 2553 987 2603 lX.

423 2665 568 2697 PLATO
594 2665 830 2699 ARCHYTAE
852 2664 1123 2696 TARENTINO
1150 2660 1272 2695 BENE
1296 2659 1464 2692 AGERE.

209 2773 411 2805 Venenum*
428 2775 469 2806 ad
492 2785 549 2804 nos
567 2775 719 2815 Archippi
738 2774 979 2814 Philonidisque
996 2775 1179 2809 familiares,
1195 2774 1334 2804 ferentes
1349 2772 1512 2813 epistolam
1527 2780 1619 2810 quam
1635 2769 1680 2799 ei‹

205 2825 348 2863 dederas,
370 2837 406 2859 ac
422 2829 462 2859 (le
476 2829 570 2859 rebus
585 2829 648 2858 tuis
661 2839 728 2869 quae
745 2827 885 2868 oportuit
901 2829 1092 2860 nuntiantes.
1118 2828 1244 2869 publica
1269 2826 1397 2866 quidem
1425 2826 1562 2855 civitatis
1585 2833 1679 2862 nego-

205 2875 251 2911 tia
263 2881 378 2922 absque
406 2882 590 2913 difficultate
607 2887 814 2923 peregerunt:
842 2891 944 2921 neque
968 2882 1051 2913 enim
1066 2883 1234 2913 admodum
1256 2881 1410 2911 laboriosa
1425 2885 1523 2908 erant.
1548 2884 1578 2906 tc
1606 2885 1680 2906 vero

207 2941 407 2965 narraverunt
421 2937 607 2976 permoleste
624 2936 713 2969 ferre.
731 2936 814 2975 quod
832 2946 848 2964 a
860 2935 995 2976 publicis
1004 2937 1139 2967 civitatis
1151 2935 1411 2976 occupationibu.
1430 2940 1459 2963 tc
1477 2932 1605 2962 liberare
1619 2939 1680 2959 uon

299 2989 388 3020 Plae.
408 2989 462 3020 Tr.
939 2989 984 3019 11.
1525 2989 1544 3017 3
1573 2985 1600 3014 1<
