1840 3225
155 208 251 257 vos]
627 209 699 245 DE
732 207 960 245 morans
994 207 1092 245 ΜΒ.
1119 209 1186 246 lv.
1531 210 1604 246 327

152 310 456 342 animam-emamus:
483 311 509 342 si
532 311 665 342 eandem
690 312 787 352 ipsam
810 321 938 352 agamus
963 312 1055 348 viam,
1083 323 1151 353 quae
1175 312 1351 343 civitatibus
1375 313 1492 354 optima
1514 312 1554 342 sit
1577 311 1608 342 in

153 365 373 396 constituenda
387 366 578 397 habitatione
603 366 784 406 legibusque
810 365 959 396 ferendis.
1004 365 1081 397 CLr.
1105 367 1223 397 Mirum
1245 367 1277 397 in
1293 367 1431 398 modum.
1476 367 1612 397 Arnen.

158 419 221 449 Dic
237 430 323 461 ergo,
338 420 422 462 quod
447 421 596 462 sequitur,
621 431 690 461 quae
714 419 883 450 multitudo
907 420 1081 451 habitatura
1108 421 1262 451 coloniam
1277 422 1338 452 sit:
1363 428 1465 452 utrum
1479 421 1610 462 quicun-

157 484 218 513 que
235 474 333 504 velint
348 484 384 504 ex
400 480 466 505 tota
494 474 611 511 Creta;
635 474 724 514 quasi
751 484 865 514 magna
889 474 922 504 in
947 475 1078 515 singulis
1103 475 1280 505 civitatibus
1304 476 1394 505 turba
1417 475 1610 516 superfluat?

158 538 197 557 an
214 527 254 558 ad
276 528 374 569 ipsius
396 529 462 570 agri
486 528 568 558 vires
593 528 711 558 electi?
735 538 797 558 non
825 517 910 558 enim
935 529 1078 559 volentes
1102 538 1140 558 ex
1165 528 1288 559 Graecis
1311 539 1420 559 omnes
1444 529 1612 570 colligitis:

156 582 216 612 etsi
231 582 398 613 nonnullos
411 583 504 613 video
520 592 557 612 ex
579 582 674 623 Argis
698 588 730 613 et
752 582 871 623 AEg-ina
887 583 1018 623 aliisque
1047 583 1178 614 Graeciae
1197 583 1333 625 partibus
1356 583 1517 624 regionem
1533 584 1613 613 hanc

157 636 308 668 habitare.
354 637 450 678 [708]
475 636 537 667 Sed
552 636 585 667 in
612 637 759 678 praesenti
782 637 859 667 mihi
885 636 993 667 dicas:
1019 636 1102 667 unde
1120 637 1222 667 futura
1250 637 1290 667 sit
1305 637 1392 667 vobis
1407 638 1514 667 horum
1528 647 1613 668 nunc

155 690 269 721 civium
294 691 472 721 multitudo.
516 691 592 722 Cm.
614 690 660 721 Ex
687 691 833 722 universa
855 690 950 723 Creta
973 691 1107 722 futuram
1133 692 1290 727 existimo,
1317 697 1349 722 et
1374 692 1455 721 inter
1485 690 1615 722 Graecos

155 745 244 780 alios,
260 745 313 786 qui
328 755 368 776 ex
397 745 616 786 Peloponneso
642 746 783 782 venient,
798 746 946 782 maxime,
963 752 997 776 ut
1024 746 1144 787 opinor,
1162 746 1361 787 recipientur.
1383 747 1505 786 quodve
1520 745 1615 776 modo

157 798 294 835 dicebas,
310 810 417 830 verum
431 806 489 836 est,
500 810 537 830 ex
560 800 654 841 Argis
677 801 799 831 scilicet
825 800 902 831 istos
929 810 1008 831 esse.
1044 800 1172 830 Etenim
1196 799 1280 841 quod
1301 800 1436 830 maxime
1453 799 1548 830 modo
1563 801 1615 830 hic

157 862 256 893 genus
270 853 424 890 laudatur,
450 854 659 897 Gortynicum
685 861 743 891 est,
760 853 847 896 quod
867 865 904 885 ex
920 855 991 896 ipsa
1013 854 1283 896 Peloponnesiaca
1315 854 1456 897 Gortyne
1481 855 1540 885 huc
1556 855 1616 884 mi-

156 908 266 948 gravit.
312 909 446 940 Ari-mn.
471 908 535 939 Sed
550 919 613 940 non
638 909 741 940 facilis
757 909 922 950 aequaliter
946 909 1123 939 civitatibus
1141 909 1197 939 illa
1213 910 1245 939 in
1259 920 1356 940 unum
1370 909 1520 940 habitatio
1537 909 1616 939 solet

157 961 248 992 fieri:
274 963 400 1004 quando
421 963 609 994 examinium
639 974 725 994 more
750 973 814 994 non
838 963 949 1004 agitur,
967 969 1001 993 ut
1023 974 1121 1005 genus
1144 975 1241 994 unum
1257 964 1392 994 amicum
1416 964 1499 994 inter
1519 973 1552 994 se
1577 963 1616 994 ab

158 1016 267 1046 amicis
283 1018 411 1048 veniens
426 1029 462 1048 ex
479 1028 540 1048 una
555 1018 691 1059 quadam
717 1019 855 1059 regione,
873 1025 927 1048 aut
953 1018 1019 1059 agri
1045 1018 1197 1059 angustiis
1210 1028 1353 1059 pressum
1367 1023 1420 1049 aut
1434 1018 1496 1048 alia
1510 1018 1616 1060 hujus-

159 1069 244 1101 modi
259 1072 447 1103 necessitate
474 1079 625 1108 coactum,
639 1072 673 1103 in
702 1072 807 1103 aliena
821 1073 1014 1113 commigret.
1038 1073 1226 1113 quandoque
1252 1082 1326 1103 vero
1351 1072 1476 1108 accidit,
1492 1077 1526 1102 ut
1540 1072 1617 1102 civi-

158 1130 222 1155 tate
237 1126 442 1157 seditionibus
469 1127 596 1168 agitata,
614 1127 675 1158 alio
700 1127 816 1158 civium
839 1138 911 1169 pars
938 1138 1001 1158 una
1025 1126 1164 1159 secedat.
1209 1126 1366 1158 Universa
1389 1127 1485 1157 etiam
1509 1126 1621 1157 civitas

160 1178 241 1209 bello
257 1180 341 1211 victa
365 1180 551 1222 quandoque
577 1181 667 1211 simul
694 1181 810 1222 fugisse
834 1181 996 1223 reperitur.
1028 1182 1095 1212 haec
1118 1186 1222 1212 autem
1248 1181 1353 1211 omnia
1378 1181 1492 1222 partim
1514 1181 1621 1212 facilia

159 1238 241 1270 sunt,
257 1239 293 1264 ut
306 1235 434 1265 novain
462 1235 654 1266 habitatione
683 1234 889 1277 disponantur
917 1241 950 1265 et
978 1236 1101 1276 legibus
1127 1236 1230 1266 denuo
1250 1236 1360 1276 positis
1386 1237 1617 1277 gubernentur:

158 1287 273 1328 partim
294 1289 390 1319 etiam
415 1289 564 1320 difficilia.
586 1299 660 1320 nam
689 1289 774 1331 quod
801 1300 901 1331 genus
926 1300 1023 1320 unum
1052 1296 1100 1320 est
1127 1290 1218 1320 unius
1244 1290 1359 1331 linguae
1387 1289 1619 1331 earundemque

159 1341 275 1381 legum,
290 1352 363 1373 cum
376 1353 532 1374 sacrorum
555 1349 587 1374 et
610 1343 790 1385 hujusmodi
813 1343 953 1374 omnium
977 1343 1227 1374 communionem
1251 1343 1377 1380 habeat,
1400 1344 1539 1374 amicitia
1551 1345 1618 1385 qui-

159 1393 234 1426 dem
248 1396 333 1427 inter
345 1407 379 1427 se
394 1397 501 1438 aliqua
515 1397 675 1439 copulatur
691 1409 697 1427 2
722 1397 779 1428 sed
807 1398 894 1439 leges
909 1398 986 1428 alias
1001 1398 1296 1439 gubernationisque
1312 1398 1440 1428 modurn
1455 1408 1473 1428 a
1487 1398 1619 1440 pristino

158 1448 390 1492 discrepantem
405 1461 468 1482 non
496 1452 588 1483 facile
604 1452 744 1493 suscipit.
767 1452 853 1493 quod
883 1463 953 1483 vero
974 1458 1102 1494 propter
1125 1453 1229 1494 legum
1252 1452 1485 1494 improbitatem
1511 1451 1621 1483 sediti-

157 1504 268 1534 onibus
282 1505 441 1536 concitum
455 1506 524 1542 fult,
547 1517 619 1537 cum
642 1507 758 1548 primos
783 1506 854 1537 illos
875 1513 1005 1548 propter
1029 1506 1300 1542 consuetudinem,
1316 1507 1427 1549 quibus
1442 1514 1620 1548 corruptum

157 1564 217 1594 est,
232 1569 335 1589 mores
355 1559 526 1598 desideret,
541 1560 651 1591 durum
677 1571 711 1592 se
736 1567 768 1592 et
793 1561 978 1593 inobediens
1006 1562 1193 1603 gubernanti
1208 1562 1359 1603 legesque
1375 1561 1505 1603 ponenti
1520 1561 1621 1592 affert.

160 1612 243 1653 quod
259 1618 365 1644 autem
380 1624 420 1644 ex
445 1615 538 1646 variis
563 1616 712 1647 confluxit
739 1617 917 1658 generibus,
933 1617 1083 1647 libentius
1108 1616 1238 1647 fortasse
1262 1626 1358 1647 novas
1381 1617 1469 1657 leges
1491 1616 1618 1647 audiet:

160 1666 217 1697 sed
232 1667 360 1698 arduum
375 1674 423 1699 est
437 1670 574 1706 omnino,
590 1676 623 1700 et
650 1670 744 1711 longo
770 1676 911 1711 tempore
938 1671 1071 1712 indiget,
1087 1675 1123 1700 ut
1148 1671 1334 1711 conspirare,
1352 1677 1383 1701 et
1396 1676 1547 1711 tanquam
1563 1670 1620 1700 sub

162 1731 225 1751 uno
235 1721 312 1763 jugo
326 1722 409 1764 equi,
431 1734 529 1754 unum
556 1723 715 1765 idemque,
730 1730 766 1754 ut
791 1725 914 1761 dicitur,
931 1725 1034 1755 efflare
1064 1725 1172 1766 possit.
1194 1726 1250 1755 sed
1281 1726 1367 1755 enlm
1381 1725 1484 1766 legum
1501 1725 1622 1756 sanctio

158 1775 355 1817 civitatisque
371 1776 553 1808 constitutio
567 1783 617 1808 est
631 1777 671 1808 ad
680 1778 813 1809 virorum
828 1779 973 1810 virtutem
987 1779 1126 1809 omniurn
1141 1779 1378 1820 perfectissima.
1412 1778 1488 1809 Cm.
1504 1779 1620 1810 Proba—

161 1829 223 1860 bile
238 1829 271 1860 id
287 1831 426 1871 quidem.
448 1831 504 1862 sed
519 1832 632 1864 clarius
656 1843 792 1874 expone,
808 1833 889 1864 bone
913 1834 969 1869 vir,
985 1843 1134 1874 quorsum
1155 1832 1189 1862 id
1205 1832 1327 1863 dixeris.
1371 1833 1509 1863 Arnim.
1533 1832 1620 1864 Dum

159 1889 191 1914 et
205 1885 402 1916 considerare
417 1885 639 1927 legumlatores
663 1892 696 1917 et
718 1886 843 1918 laudare
873 1887 999 1923 vellem,
1015 1888 1056 1918 ad
1078 1887 1141 1917 vile
1168 1886 1245 1929 quid
1270 1887 1356 1918 dictu
1369 1886 1480 1917 videor
1501 1888 1620 1929 lapsus.

159 1938 244 1979 quod
258 1944 375 1976 tamen,
392 1939 419 1970 si
440 1946 615 1981 opportune
645 1940 778 1977 dicatur,
799 1940 878 1971 nihil
907 1941 1024 1982 negotii
1052 1940 1150 1971 dabit.
1172 1940 1249 1982 quid
1261 1951 1336 1983 ergo
1351 1951 1401 1972 me
1419 1941 1546 1972 turbat?
1570 1942 1621 1973 Ita

159 2002 249 2033 paene
276 1993 381 2024 omnia
408 1995 546 2026 humana
573 2005 607 2025 se
631 1995 746 2026 habere
777 1995 948 2026 videntur?
995 1995 1071 2027 CL1.
1095 1995 1167 2033 Qua
1196 1994 1235 2026 de
1263 2006 1295 2027 re
1325 1995 1436 2027 dicis?
1481 1996 1619 2028 Arnen.

160 2045 307 2078 Dicturus
322 2058 406 2078 eram
420 2048 542 2079 nullum
556 2059 695 2091 unquam
718 2050 879 2081 hominum
906 2049 1026 2091 aliquid
1052 2051 1122 2092 lege
1137 2050 1269 2088 sancire,
1286 2050 1383 2092 [709]
1408 2050 1464 2081 sed
1478 2050 1619 2082 fortunas

158 2110 312 2142 casusque
337 2102 435 2133 varios
464 2102 642 2134 incidentes
669 2104 755 2146 leges
783 2105 872 2135 nobis
902 2115 958 2146 per
985 2105 1092 2136 omnia
1119 2105 1210 2135 ferre.
1233 2110 1288 2136 aut
1313 2104 1399 2135 enim
1426 2104 1620 2136 imminentis

159 2155 310 2186 violentia
338 2156 414 2187 belli
441 2157 580 2198 priorem
608 2159 758 2200 pervertit
785 2170 852 2190 rem
886 2159 1042 2200 publicam
1074 2160 1224 2201 legesque
1252 2165 1375 2190 mutat:
1415 2165 1469 2190 aut
1498 2170 1618 2191 summa

158 2210 304 2250 quaedam
318 2211 459 2251 penuria.
481 2212 581 2243 morbi
598 2223 721 2254 quoque
738 2214 838 2245 multa
853 2214 1002 2245 innovare
1018 2215 1212 2255 compellunt
1229 2226 1235 2243 z
1260 2214 1358 2255 pestis
1372 2214 1467 2245 etiam
1483 2214 1616 2250 diutina,

161 2263 390 2306 multorumque
407 2275 558 2296 annorum
583 2267 781 2299 incommoda
795 2275 828 2299 et
852 2269 1034 2310 importuna
1063 2275 1244 2310 tempestas.
1265 2270 1333 2299 haec
1348 2268 1372 2299 si
1389 2268 1459 2310 quis
1473 2268 1615 2299 animad-

161 2322 271 2354 vertet,
281 2329 347 2349 non
361 2319 517 2350 verebitur
542 2321 637 2357 idem,
653 2322 737 2363 quod
759 2333 818 2364 ego
844 2333 939 2360 nunc,
956 2324 1145 2364 exclamare,
1162 2323 1335 2355 mortalium
1355 2323 1515 2353 neminem
1530 2323 1618 2363 leges

160 2372 307 2408 condere,
336 2373 393 2404 sed
421 2373 558 2405 humana
592 2377 697 2407 omnia
733 2377 865 2408 fortunis
893 2378 955 2419 agi.
992 2377 1077 2419 quod
1105 2377 1132 2408 si
1162 2378 1230 2419 quis
1258 2377 1292 2408 in
1318 2377 1530 2418 navigatione,
1560 2387 1616 2417 gu-

160 2426 354 2463 bernatione,
374 2427 542 2464 medicina,
570 2429 699 2461 militari
726 2431 861 2472 imperio
892 2432 1098 2467 affirmaverit,
1126 2438 1210 2463 recte
1235 2430 1391 2462 videbitur
1413 2430 1530 2461 dicere.
1560 2429 1615 2461 sed

161 2490 263 2511 rursus
277 2486 311 2511 et
334 2481 419 2512 istud
448 2481 590 2513 similiter
620 2482 660 2514 de
689 2483 729 2515 iis
757 2485 834 2526 ipsis
863 2487 943 2517 bene
974 2486 1097 2518 dicitur.
1143 2484 1219 2516 CLi.
1243 2484 1431 2522 Quidnam?
1478 2483 1618 2516 Arnen.

161 2534 266 2566 Deum
296 2536 422 2576 quidem
453 2536 569 2578 omnia,
594 2542 628 2567 et
654 2538 811 2569 fortunam
843 2541 1174 2582 opportunitatemque
1204 2539 1295 2570 simul
1323 2550 1393 2569 cum
1424 2538 1497 2569 Deo
1521 2549 1617 2570 cunc-

157 2594 190 2620 ta
217 2589 355 2620 humana
391 2590 572 2632 gubernare.
615 2592 719 2623 mitius
752 2599 856 2624 tamen
890 2595 1129 2626 concedendum
1166 2593 1300 2630 tertium,
1327 2592 1484 2634 superiora
1521 2598 1617 2623 artem

159 2643 308 2675 videlicet
336 2645 435 2686 sequi.
464 2650 650 2687 tempestate
680 2646 762 2677 enim
790 2648 970 2680 imminente
1000 2649 1130 2680 multum
1159 2649 1307 2679 interesse
1337 2647 1476 2684 arbitror,
1506 2647 1618 2689 guber-

158 2698 310 2729 natoriam
323 2699 437 2730 habeas
452 2705 548 2730 artem
562 2711 674 2731 necne.
691 2711 730 2731 an
743 2703 901 2743 quomodo
915 2703 1084 2734 dicendum
1100 2703 1110 2733 Ρ
1150 2701 1227 2734 Cu.
1248 2702 1299 2733 Ita
1312 2711 1446 2743 prorsus.
1479 2700 1617 2732 Arni-:rm

159 2750 276 2784 Nonne
305 2759 338 2784 et:
366 2754 399 2784 in
429 2754 498 2785 aliis
518 2754 630 2785 eadem
658 2756 761 2786 ratio?
786 2757 872 2798 atqui
899 2763 932 2788 et
957 2757 1172 2798 legumlationi
1195 2757 1280 2787 idem
1295 2761 1343 2787 est
1357 2755 1566 2790 tribuendum,
1584 2760 1618 2784 ut

164 2807 415 2840 concurrentibus
441 2809 522 2845 aliis,
558 2819 755 2851 quascunque
787 2810 828 2841 ad
864 2811 988 2843 felicem
1015 2811 1150 2853 regionis
1172 2811 1398 2842 habitationem
1425 2808 1617 2842 conducunt,

163 2859 323 2900 legislator
346 2863 483 2893 veritatis
512 2874 640 2905 compos
663 2864 783 2896 civitati
803 2864 865 2906 ipsi
880 2876 943 2896 non
959 2867 1050 2897 desit.
1095 2865 1169 2897 Cu.
1191 2866 1277 2897 Vera
1290 2864 1435 2906 loqueris.
1478 2862 1617 2893 Arnen.

165 2913 280 2945 Nonne
296 2916 349 2957 qui
363 2917 394 2948 in
411 2917 540 2958 singulis
556 2918 678 2951 illorum
695 2924 792 2952 artem
806 2920 908 2958 habet,
925 2920 1044 2963 precari
1062 2921 1188 2962 poterit,
1204 2926 1239 2951 ut
1254 2918 1373 2959 aliquid
1389 2927 1407 2948 a
1421 2917 1542 2948 fortuna
1558 2914 1617 2946 sibi
