1840 3225
158 228 229 279 47]
775 222 1007 262 TIMAEUS.
1537 224 1611 262 251

156 333 257 373 tangit
278 332 328 363 vel
344 332 447 373 ipsum
467 330 505 360 ab
527 330 588 360 alia
604 326 751 368 tangitur,
770 333 890 358 motum
906 326 1085 368 hujusmodi
1100 326 1139 356 ad
1159 337 1270 368 corpus
1284 336 1375 357 omne
1393 336 1507 367 perque
1520 326 1550 356 id
1574 326 1614 356 ad

155 387 292 418 animam
306 396 402 427 usque
418 383 608 418 diffundens,
628 391 753 412 sensum
767 381 873 417 efficit,
886 381 940 422 qui
956 381 1040 410 visus
1053 386 1191 412 vocatur.
1222 387 1253 412 at
1266 386 1432 423 postquam
1445 381 1477 410 in
1490 385 1616 410 noctem

153 441 333 472 discesserit
347 444 497 480 cognatus
516 437 608 479 igniS,
629 435 758 466 visionis
774 434 880 465 radius
900 433 1071 464 evanescit.
1093 444 1166 465 nam
1183 435 1215 465 in
1236 435 1342 466 aerem
1355 434 1414 465 sibi
1431 433 1615 465 dissimilem

154 505 322 537 erumpens
334 498 526 536 permutatur
538 496 633 533 atque
651 489 873 530 exstinguitur,
890 499 961 519 cum
973 489 1094 519 nullam
1109 489 1224 519 habeat
1236 500 1307 520 cum
1318 489 1459 531 proximo
1471 489 1553 525 ae're,
1566 494 1616 519 ut-

153 554 227 591 pote
239 549 318 590 ignis
330 547 496 589 splendore
508 550 643 580 carente,
654 550 775 574 naturae
791 542 1054 573 cormnunionem.
1076 542 1190 573 iccirco
1202 542 1307 574 videre
1321 543 1445 579 desinit,
1457 553 1616 574 somnum-

153 614 215 646 que
227 602 359 634 inducit.
394 600 513 632 etenim
525 599 648 629 salubre
663 596 883 639 palpebrarum
895 602 1021 637 tegmen
1035 596 1093 627 Dii
1106 597 1206 627 oculis
1217 598 1388 628 machinati
1405 603 1487 633 sunt,
1504 597 1615 639 quibus

152 657 297 688 obductis
306 656 351 686 vis
362 655 418 686 illa
426 653 508 694 ignis
521 652 622 683 intimi
632 651 832 682 conniventia
844 649 992 690 teg-minis
1008 649 1180 686 coercetur,
1199 660 1438 692 compressaque
1454 653 1615 682 interiores

154 716 257 742 motus
268 707 428 752 perfundit
438 712 471 738 et
481 707 599 738 mulcet
612 718 618 735 z
642 705 755 747 quibus
764 705 912 735 relaxatis
928 709 1021 745 atque
1040 704 1167 734 mollitis
1180 704 1269 745 quies
1282 705 1388 736 oritur.
1406 706 1432 735 si
1445 705 1617 747 profundus

151 765 192 796 ob
203 764 334 803 multam
342 763 482 805 quietem
488 766 630 792 motuum
640 771 697 790 nos
709 765 844 800 occupat
856 769 958 800 sopor,
972 759 1082 799 exigua
1094 764 1268 799 sequuntur
1278 760 1443 790 insomnia.
1458 761 1505 790 sin
1519 761 1615 790 vehe-

151 818 317 850 mentiores
333 818 431 859 aliqui
442 821 546 848 motus
558 811 647 857 qua'si
662 814 839 855 vigiliarum
851 814 994 855 reliquiae
1010 813 1111 844 relicti
1127 813 1203 849 sint,
1228 813 1303 855 [46]
1322 814 1430 854 quales
1442 813 1570 855 quidem
1586 819 1620 844 et

151 873 295 915 qualibus
304 883 343 903 ex
356 871 433 903 locis
444 872 564 902 haustae
576 869 718 910 reliquiae
728 874 811 905 sunt,
827 869 902 899 talia
917 868 1107 899 somniorum
1121 868 1288 898 simulacra
1298 874 1480 904 nascuntur,
1493 879 1616 899 eorum-

151 937 213 969 que
228 927 318 958 nobis
339 925 566 967 expergefactis
577 929 675 955 restat
683 923 843 954 memoria.
866 928 899 954 at
914 933 988 953 vero
1004 923 1250 958 simulacrorum,
1268 933 1337 964 quae
1358 924 1411 953 vel
1434 923 1465 953 in
1480 923 1618 964 speculis

151 981 330 1012 oboriuntur
349 980 401 1010 vel
413 980 447 1011 in
459 979 624 1021 perspicua
639 978 773 1019 laevique
795 982 965 1009 cernuntur
981 976 1157 1018 superficie,
1173 976 1276 1008 facilis
1292 977 1447 1008 assecutio
1459 982 1518 1008 est.
1543 987 1615 1007 113111

151 1046 192 1066 ex
203 1035 366 1077 utriusque
385 1034 478 1076 ignis,
492 1039 557 1064 tam
577 1033 677 1063 intimi
697 1042 792 1074 quam
804 1036 892 1062 extra
907 1031 1010 1072 positi,
1025 1031 1255 1066 communione,
1273 1031 1404 1073 ejusque
1418 1042 1520 1062 rursus
1539 1041 1616 1062 con-

152 1101 243 1122 cursu
259 1095 292 1120 et
306 1088 523 1130 congruentia,
548 1088 601 1129 qui
618 1088 730 1129 passim
747 1092 826 1118 terso
844 1086 975 1127 laevique
991 1086 1114 1127 corpori
1128 1087 1382 1117 accommodatus
1399 1091 1458 1122 est,
1474 1096 1617 1117 necessa-

151 1144 196 1174 rio
218 1145 287 1175 haec
313 1143 416 1174 omnia
431 1143 580 1179 oriuntur,
607 1152 677 1173 curn
694 1141 776 1183 ignis
789 1141 947 1172 oculorum
965 1151 1035 1171 cum
1051 1151 1089 1171 eo
1104 1140 1189 1181 igne,
1205 1140 1259 1181 qui
1275 1146 1322 1171 est
1343 1151 1360 1170 e
1376 1145 1547 1181 conspectu
1571 1141 1618 1171 es·

150 1198 248 1234 fusus,
272 1198 353 1229 circa
375 1197 452 1228 laeve
475 1197 673 1238 nitidumque
699 1206 811 1237 corpus
837 1206 903 1226 sese
928 1195 1083 1226 confudit.
1122 1194 1259 1225 Dextera
1277 1205 1347 1225 vero
1366 1194 1522 1235 videntur,
1544 1205 1615 1236 quae

153 1251 232 1282 laeva
241 1256 325 1288 sunt,
356 1251 431 1292 quia
445 1250 604 1282 contrariis
621 1251 760 1292 partibus
775 1250 934 1280 oculorum
951 1249 1076 1280 insolito
1094 1259 1177 1279 more
1193 1249 1360 1280 contrarias
1378 1254 1479 1290 partes
1492 1248 1618 1290 attingi-

152 1316 231 1337 mus.
252 1305 443 1347 respondent
456 1310 559 1336 autem
572 1306 698 1336 dextera
713 1304 842 1341 dextris,
860 1303 938 1334 laeva
955 1303 1182 1344 laevis,quand0
1200 1303 1403 1334 commixtum
1421 1303 1524 1333 lumen
1544 1313 1614 1334 curn

150 1369 201 1397 eo,
217 1359 269 1390 cui
283 1352 495 1400 permiscetur,
515 1359 670 1390 transilit:
710 1359 742 1389 id
759 1359 805 1396 fit,
829 1369 900 1390 cum
916 1357 1113 1399 speculorum
1128 1357 1246 1389 laevitas
1259 1357 1332 1388 hinc
1345 1357 1494 1398 illincque
1510 1357 1615 1388 altitu-

148 1413 256 1444 dinem
281 1413 458 1455 assumpsit.
490 1417 524 1445 et
545 1413 591 1444 ita
615 1414 754 1444 dextram
771 1412 930 1444 oculorum
958 1412 1122 1454 partemin
1140 1411 1249 1442 laevam
1266 1411 1385 1453 speculi
1400 1410 1571 1452 laevamque
1584 1411 1616 1442 111

149 1467 288 1498 dextram
312 1467 454 1499 detorsit.
474 1468 559 1509 quod
586 1467 612 1498 si
636 1467 799 1509 speculum
825 1468 865 1498 ad
892 1467 997 1498 vultus
1021 1466 1254 1509 longitudinem
1269 1471 1478 1502 convertatur,
1496 1465 1615 1496 vultum

150 1521 288 1553 reddidit
302 1521 493 1563 resupinum,
513 1532 586 1554 cum
601 1522 741 1564 superior
756 1521 880 1552 luminis
893 1532 962 1563 pars
975 1521 1013 1552 ad
1030 1520 1186 1558 inferiora,
1200 1520 1329 1551 inferior
1353 1531 1424 1551 vero
1440 1521 1478 1550 ad
1496 1519 1615 1560 superi-

148 1585 203 1609 ora
218 1581 364 1608 vertatur.
391 1581 487 1618 atque
502 1577 569 1608 haec
585 1575 692 1608 onmia
706 1587 742 1607 ex
757 1587 862 1607 eorum
879 1586 990 1617 genere
1005 1581 1090 1613 sunt,
1105 1585 1176 1616 quae
1191 1574 1381 1616 principales
1397 1585 1497 1605 rerum
1522 1574 1614 1615 adju-

150 1636 225 1662 vant
238 1641 358 1668 causas,
366 1631 479 1672 quibus
490 1637 525 1662 ut
537 1631 681 1662 ministris
694 1631 792 1662 utitur
800 1631 892 1662 Deus
907 1631 944 1661 ad
958 1630 1081 1672 optimi,
1093 1630 1197 1671 quoad
1211 1629 1275 1661 fieri
1293 1634 1406 1670 potest,
1427 1629 1528 1660 ideam
1545 1639 1613 1669 per-

149 1684 328 1717 ficiendam.
351 1685 406 1716 sed
419 1685 600 1716 existimant
612 1685 752 1728 plerique
767 1696 830 1716 non
846 1685 1035 1716 adminicula
1048 1685 1114 1715 haec
1131 1683 1352 1725 principalium
1371 1693 1545 1719 causarum,
1558 1683 1613 1713 sed

150 1740 205 1771 has
227 1738 313 1781 ipsas
337 1750 404 1771 esse
431 1740 568 1771 omnium
590 1750 710 1777 causas,
734 1750 806 1781 quae
820 1739 941 1781 frigoris
957 1745 989 1771 et
1003 1739 1126 1774 caloris,
1141 1738 1199 1769 rari
1213 1744 1245 1769 et
1260 1737 1361 1773 densi,
1379 1742 1614 1778 ceterorumque

148 1793 295 1826 similium
311 1798 451 1825 naturam
467 1794 614 1832 habeant,
638 1794 790 1825 rationem
803 1805 876 1825 vero
894 1799 1092 1833 mentemque
1108 1802 1316 1834 nequaquam.
1343 1797 1476 1822 mentem
1497 1791 1580 1821 enim
1597 1801 1615 1821 a

149 1848 236 1879 nulla
249 1857 281 1879 re
293 1847 365 1884 alia,
381 1848 440 1879 nisi
456 1849 495 1879 ab
507 1849 620 1884 anima,
637 1846 793 1888 possideri
808 1846 966 1877 convenit.
984 1847 1050 1877 haec
1064 1857 1134 1876 vero
1145 1850 1306 1886 aspectum
1320 1845 1431 1885 effugit
1442 1844 1615 1876 oculorum.

149 1901 306 1944 sedignis,
321 1911 414 1942 aqua,
431 1901 486 1934 ae'r
501 1911 537 1932 ac
555 1906 634 1932 terra
650 1911 780 1942 corpora
794 1905 867 1931 sunt
882 1905 975 1940 atque
993 1904 1170 1930 cernuntur.
1195 1904 1320 1940 oportet
1336 1904 1438 1928 autem
1457 1899 1568 1928 mentis
1582 1903 1615 1929 et

150 1955 290 1988 scientiae
304 1960 470 1986 amatorem
483 1954 673 1998 principales
685 1955 834 1996 sapientis
846 1960 964 1985 naturae
976 1964 1085 1985 causas
1100 1963 1236 1994 quaerere
1251 1964 1258 1982 ι
1284 1958 1378 1993 atque
1393 1963 1457 1993 eas,
1471 1963 1541 1994 quae
1559 1963 1614 1984 ne-

149 2010 282 2041 cessario
293 2011 332 2041 ab
343 2009 411 2041 aliis
421 2010 548 2051 quidem
562 2014 735 2046 moventur,
744 2008 805 2039 alia
819 2018 890 2039 vero
902 2013 1038 2047 movent,
1049 2007 1202 2038 secundas
1211 2016 1319 2037 causas
1330 2006 1478 2038 arbitrari.
1492 2006 1615 2048 quocir-

149 2074 187 2095 ca
197 2073 216 2094 a
227 2064 319 2096 nobis
331 2064 375 2096 sic
384 2073 500 2096 censeo
509 2063 698 2100 faciendum,
709 2068 743 2093 ut
756 2064 795 2094 de
807 2068 940 2104 utroque
950 2072 1109 2093 causarum
1119 2071 1231 2103 genere
1241 2061 1437 2096 disseramus,
1448 2062 1614 2101 separatim

149 2122 252 2149 autem
262 2118 302 2150 de
316 2119 374 2155 his,
386 2129 456 2160 quae
465 2129 535 2150 curn
545 2117 753 2159 intelligentia
762 2117 935 2149 effectrices
948 2122 1021 2148 sunt
1033 2117 1227 2158 pulchrarum
1238 2125 1337 2146 rerum
1345 2120 1439 2156 atque
1453 2116 1613 2151 bonarum,

150 2177 182 2203 et
193 2172 232 2204 de
248 2172 286 2203 iis
301 2183 413 2210 rursus,
429 2183 499 2215 quae
513 2177 657 2204 vacantes
677 2171 842 2213 prudentia
855 2172 1020 2214 quodlibet
1033 2170 1147 2213 passim
1163 2170 1229 2201 sine
1245 2169 1356 2201 ordine
1372 2170 1502 2201 faciunt.
1526 2176 1557 2200 at
1573 2170 1613 2202 de

149 2226 294 2258 secundis
307 2227 434 2269 quidem
450 2227 551 2259 causis
564 2227 735 2263 oculorum,
750 2227 790 2258 ad
807 2238 875 2258 eam
892 2227 961 2262 rim,
989 2236 1084 2268 quarn
1108 2225 1237 2262 habent,
1253 2224 1512 2259 conducentibus,
1539 2224 1612 2254 satis

146 2290 214 2312 esse
225 2281 343 2312 dictum
354 2287 430 2324 puto
444 2293 451 2312 ε
469 2282 634 2313 maximum
649 2293 720 2313 vero
733 2293 824 2323 opus,
837 2281 926 2323 cujus
940 2280 1037 2322 gratia
1049 2280 1166 2311 utiliter
1179 2279 1269 2309 nobis
1283 2289 1302 2309 a
1319 2278 1390 2309 Deo
1409 2279 1517 2309 donati
1529 2284 1613 2315 sunt,

149 2335 298 2377 deinceps
307 2336 526 2377 explicandum
538 2347 664 2368 censeo.
690 2336 765 2378 [47]
779 2347 879 2367 10111111
892 2337 973 2367 0111111
989 2335 1186 2377 optimarum,
1199 2339 1235 2365 ut
1248 2333 1386 2369 arbitror,
1400 2333 1612 2374 cognitionem

151 2388 241 2420 nobis
255 2389 337 2420 oculi
349 2390 528 2423 attulerunt.
551 2401 623 2422 nam
639 2392 720 2431 haec,
747 2401 817 2432 quae
835 2390 874 2422 de
890 2390 1007 2421 mundo
1023 2389 1233 2430 disputantur,
1248 2397 1408 2428 nunquam
1423 2387 1551 2416 inventa
1565 2396 1614 2417 es-

151 2447 231 2478 sent,
247 2443 272 2472 si
288 2453 390 2484 neque
405 2444 506 2475 sidera
521 2455 621 2486 neque
638 2445 684 2475 sol
701 2455 802 2486 neque
819 2445 928 2475 coelum
945 2443 1061 2485 suspici
1078 2442 1254 2484 potuissent
1268 2452 1275 2471 :
1311 2440 1448 2482 cognitio
1462 2450 1534 2470 vero
1547 2439 1612 2471 diei

150 2507 188 2528 ac
202 2497 316 2533 noctis,
327 2498 366 2528 ab
377 2498 476 2529 oculis
491 2504 569 2534 orta.
585 2499 672 2535 fecit,
688 2504 723 2530 ut
739 2499 984 2530 dinumeratione
1002 2498 1137 2540 quadam
1153 2496 1304 2527 mensium
1317 2504 1531 2535 annorumque
1546 2504 1612 2525 arn-

150 2550 234 2582 bitus
257 2550 444 2589 metiremur,
467 2558 589 2593 tcmpus
613 2563 881 2594 cognosceremus,
917 2553 1066 2584 universae
1088 2556 1206 2582 naturae
1232 2549 1373 2580 ordinem
1396 2553 1611 2579 scrutaremur.

150 2605 262 2646 quibus
273 2616 311 2636 ex
321 2606 411 2637 rebus
423 2605 651 2647 philosophiam
662 2607 768 2648 adepti
778 2618 882 2638 sumus
896 2619 904 2647 ;
917 2617 980 2649 quo
995 2607 1077 2638 bono
1091 2605 1166 2636 nihil
1179 2613 1314 2645 unquam
1328 2602 1427 2644 majus
1439 2602 1610 2634 mortalium

151 2659 258 2699 generi
277 2660 385 2690 datum
410 2666 457 2690 est
483 2660 622 2691 Deorum
646 2671 783 2696 munere,
806 2672 909 2702 neque
934 2660 1068 2692 dabitur.
1093 2660 1152 2689 hoc
1165 2658 1257 2699 igitur
1270 2657 1435 2688 maximum
1450 2655 1610 2687 oculorum

151 2711 335 2744 beneficium
358 2725 424 2746 esse
435 2715 506 2746 dico
523 2727 530 2745 ε
557 2715 675 2745 minora
701 2715 762 2746 alia
782 2721 940 2758 praetereo.
965 2714 1090 2756 quibus,
1107 2712 1161 2754 qui
1177 2723 1195 2743 a
1208 2712 1405 2755 philosophia
1417 2711 1510 2742 alieni
1527 2715 1610 2746 sunt,

153 2766 249 2798 orbati
258 2768 282 2798 si
292 2774 472 2811 querantur,
486 2769 596 2799 frustra
609 2775 786 2810 querentur.
813 2770 901 2800 nobis
914 2779 984 2800 vero
1001 2767 1198 2799 asserendum
1208 2772 1256 2798 est
1271 2766 1311 2797 ob
1323 2767 1403 2798 hanc
1416 2765 1609 2808 potissimum

151 2821 300 2852 rationem
314 2823 417 2854 Deum
429 2823 538 2854 oculos
549 2824 703 2864 genuisse,
716 2829 752 2854 ut
762 2825 872 2854 mentis
882 2823 1042 2859 circuitus,
1054 2820 1152 2864 quiin
1164 2821 1242 2852 coelo
1254 2826 1453 2863 peraguntur,
1463 2818 1568 2850 intuiti
1577 2818 1611 2847 in

154 2883 240 2905 usum
258 2876 431 2918 redigamus
451 2883 562 2908 nostrae
589 2878 711 2914 mentis,
736 2878 1000 2919 cogitationisque
1024 2881 1136 2907 nostrae
1152 2875 1358 2907 discursiones
1374 2874 1434 2905 illis
1450 2877 1611 2914 cognatas,

155 2928 208 2958 sed
223 2931 413 2970 perturbatas
429 2933 662 2973 quodammodo
675 2932 714 2963 ad
726 2932 846 2963 illorum
858 2931 1036 2973 temperiem
1054 2941 1244 2962 revocemus.
1265 2934 1297 2961 et
1311 2940 1381 2961 curn
1394 2927 1461 2960 illes
1476 2934 1611 2968 agnove-
