1840 3225
176 196 272 247 890]
648 194 722 234 DE
752 192 982 232 LEGIBUS
1013 194 1111 233 LIB.
1144 196 1194 233 X.
1562 195 1635 232 411

172 299 227 332 sed
241 298 281 331 de
298 299 390 332 rebus
401 299 544 332 humanis
558 299 635 331 nihil
662 304 792 330 curent:
822 298 871 328 vel
899 298 986 339 quod
1010 305 1129 335 curent,
1157 298 1213 329 sed
1238 298 1330 330 facile
1355 297 1502 340 precibus
1527 297 1644 328 sacrifi-

171 353 291 395 ciisque
306 354 483 396 placentur.
506 360 539 386 tu
549 354 655 396 igitur,
667 353 693 384 si
708 352 782 383 mihi
798 352 918 388 credes,
932 353 1139 394 exspectabis,
1155 353 1257 383 donec
1273 353 1367 393 plane
1383 356 1505 383 constet
1518 351 1576 382 tibi
1589 361 1646 392 pro

171 407 300 445 viribus,
317 408 395 450 quid
410 409 450 440 de
467 409 515 439 his
531 407 740 450 judicandum
763 407 815 438 sit.
841 411 937 447 utque
961 407 994 437 id
1015 407 1198 448 assequaris,
1224 407 1393 448 diligenter
1422 405 1647 441 considerabis,

172 462 239 494 sive
252 463 297 494 sic
312 464 377 495 sive
394 464 486 495 aliter
500 474 533 495 se
558 474 610 494 res
632 463 761 493 habeat:
785 467 817 493 et
845 472 862 491 a
887 462 999 492 ceteris
1023 462 1169 492 omnibus
1195 466 1228 491 et
1242 472 1259 491 a
1275 461 1481 502 legumlator-e
1507 461 1642 491 maxime

171 517 394 548 sciscitaberis.
416 518 536 549 interea
552 517 618 548 noli
635 523 696 547 tam
722 515 906 548 temerarius
927 525 1007 550 esse,
1031 521 1065 546 ut
1088 515 1184 556 inzpie
1199 514 1238 545 de
1261 514 1335 545 Diis
1355 516 1482 545 sentias.
1506 515 1533 544 iz
1546 514 1643 550 enim,

170 571 224 612 qui
240 571 296 602 tibi
307 571 393 613 leges
407 572 507 613 ponit,
523 576 555 602 et
570 581 653 602 nunc
670 577 702 602 et
713 576 836 612 postea,
849 570 1007 610 quomodo
1023 570 1081 600 ista
1103 579 1135 600 se
1162 569 1310 605 habeant,
1338 569 1449 600 docere
1467 568 1645 599 conabitur.

168 624 246 656 Cm.
268 625 397 666 Optime
409 626 584 666 hucusque,
596 626 723 666 hospes,
737 625 828 655 nobis
843 629 892 654 est
908 623 1037 656 dictum.
1082 623 1221 654 Arnen.
1245 623 1376 654 Prorsus
1391 630 1438 654 est
1453 623 1508 658 ita,
1526 634 1544 653 o
1567 623 1642 653 Me-

169 679 245 720 gine
256 685 351 720 atque
365 678 481 710 Clinia.
498 680 554 710 sed
566 680 600 710 in
609 679 788 710 mirabilem
801 677 959 720 quendam
973 688 1152 709 sermonem
1163 678 1344 709 nescientes
1356 677 1538 708 incidimus.
1563 676 1642 708 Cu.

168 733 346 770 Quemnam
364 733 375 762 ?
410 732 552 764 Aru-ex.
575 733 639 770 Qui
655 743 674 764 a
688 734 797 764 multis
811 732 1067 774 sapientissimus
1081 741 1152 763 esse
1169 737 1312 773 putatur.
1336 732 1413 763 CLr.
1429 731 1493 762 Dic
1511 730 1639 762 clarius.

167 786 307 818 Armm.
331 786 398 818 Res
411 797 522 818 omnes
536 788 684 818 nonnulli
700 787 800 828 aiunt,
812 798 884 828 quae
901 787 991 822 fiunt,
1009 797 1079 827 quae
1094 786 1210 817 futurae
1227 796 1362 827 qumque.
1377 785 1470 816 factae
1487 790 1574 821 sunt,
1593 785 1640 815 vel

164 845 279 871 natura
305 841 356 872 vel
376 841 502 872 fortuna
521 841 574 872 vel
601 849 668 872 arte
700 841 780 872 fieri.
826 841 903 874 CLI.
927 841 968 870 Et
987 840 1084 881 probe
1107 839 1248 882 quidem.
1294 840 1433 870 Arm-:x-
1458 838 1552 870 Certe
1577 849 1640 869 non

163 894 337 926 absurdum
352 901 402 926 est
417 896 500 926 viros
513 895 676 936 sapientes
689 896 786 936 probe
810 894 941 926 dixisse.
965 904 1062 935 quare
1084 904 1256 936 sequamur
1282 894 1388 935 ipsos:
1415 892 1512 934 [859]
1539 892 1645 934 inqui-

164 959 342 991 remusque,
358 949 511 990 quidnam
525 949 758 980 intellexerunt.
783 943 785 946 ¹
803 949 880 982 CLr.
904 948 1054 979 Omnino.
1101 948 1237 980 Aruns.
1264 948 1407 978 Maxima
1421 945 1531 977 dicunt
1544 952 1641 988 atque

166 1002 378 1044 pulcherrima
391 1009 499 1034 natura
514 1003 702 1044 fortunaque
716 1002 786 1034 fieri
800 1013 807 1032 ε
832 1010 898 1034 ane
915 1012 986 1033 vero
1007 1002 1128 1033 minora
1146 1014 1153 1033 :
1179 1011 1311 1043 eamque
1337 1001 1458 1040 dicunt,
1475 1006 1606 1041 accepta
1623 1011 1642 1030 a

165 1062 278 1088 natura
303 1068 485 1098 magnorum
502 1057 737 1098 primorumque
759 1067 888 1097 operum
918 1055 1130 1097 generatione,
1157 1056 1275 1097 fingere
1291 1055 1506 1095 fabricareque
1524 1054 1643 1085 minora

164 1111 282 1148 omnia,
296 1121 367 1152 quae
384 1111 555 1142 artificiosa
566 1111 606 1142 ab
620 1111 764 1142 omnibus
779 1111 990 1152 appellantur.
1028 1110 1104 1141 CLr.
1119 1110 1287 1146 Quomodo
1303 1109 1385 1139 istud
1405 1109 1451 1139 ais
1466 1109 1478 1137 Ἰ
1502 1107 1643 1139 Aruns.

165 1164 218 1195 Sic
244 1164 371 1206 planius
396 1164 512 1196 dicam.
536 1166 657 1206 ignem,
675 1174 800 1206 aquam,
815 1170 942 1200 terram,
957 1164 1077 1200 a'e’rem,
1094 1164 1199 1194 onmia
1212 1164 1280 1194 haec
1295 1173 1358 1194 non
1376 1169 1442 1194 arte
1458 1161 1516 1192 sed
1530 1168 1641 1193 natura

164 1223 199 1250 et
213 1218 338 1250 fortuna
352 1229 424 1250 esse
438 1218 558 1254 dicunt.
580 1229 713 1260 corpora
738 1219 845 1254 etiam,
861 1229 932 1260 quae
948 1223 1020 1260 post
1036 1218 1103 1249 haec
1118 1223 1202 1253 sunt,
1217 1228 1315 1248 rerum
1331 1222 1536 1258 terrenarum,
1553 1216 1642 1253 solis,

162 1273 259 1310 lunae,
285 1273 446 1304 stellarum
481 1273 631 1309 omnium,
659 1284 696 1304 ex
723 1273 792 1304 istis
815 1273 921 1303 anima
948 1283 1073 1313 prorsus
1098 1271 1277 1303 carentibus
1300 1272 1385 1302 sacta
1408 1270 1503 1301 fuisse
1531 1270 1640 1301 aiunt:

162 1327 348 1369 fortunaque
363 1328 475 1358 virium
502 1328 578 1363 lata,
595 1328 720 1369 singula
737 1337 812 1358 casu
828 1327 963 1368 singulis
978 1326 1160 1357 convenisse
1180 1338 1186 1355 :
1211 1331 1306 1367 atque
1322 1326 1367 1356 ita
1384 1325 1502 1365 frigida
1517 1324 1641 1359 calidis,

163 1381 247 1412 sicca
261 1381 410 1418 humidis,
427 1380 538 1412 mollia
554 1381 651 1418 duris,
668 1387 700 1412 et
715 1381 844 1412 omnino
860 1381 1015 1411 contraria
1031 1380 1206 1415 contrariis,
1221 1381 1302 1410 duce
1317 1380 1446 1410 fortuna
1463 1379 1641 1409 necessario

162 1439 399 1476 contemperata
427 1434 534 1465 fuisse.
557 1435 615 1466 hoc
640 1440 734 1476 pacto
759 1435 872 1465 coelum
892 1440 1006 1471 totum,
1023 1440 1056 1465 et
1071 1445 1140 1476 quae
1163 1434 1196 1464 in
1220 1443 1258 1465 eo
1272 1442 1346 1464 sunt
1361 1433 1476 1468 omnia,
1492 1432 1641 1463 animalia

161 1498 287 1529 quoque
315 1494 349 1520 et
374 1489 502 1530 plantas
525 1494 559 1519 et
582 1489 659 1519 anni
684 1493 826 1530 tempora
842 1488 940 1519 fuisse
957 1488 1129 1529 producta:
1154 1497 1217 1519 non
1234 1498 1289 1529 per
1307 1487 1515 1523 intellectum,
1532 1496 1638 1527 neque

160 1551 218 1583 per
244 1542 352 1574 Deum
377 1543 527 1584 aliquem,
553 1543 609 1573 sed
635 1547 756 1579 natura,
784 1548 819 1573 ut
842 1542 991 1579 diximus,
1019 1548 1115 1583 atque
1147 1542 1281 1573 fortuna.
1315 1551 1354 1572 ex
1389 1541 1505 1582 quibus
1538 1546 1639 1571 artem

160 1601 273 1637 postea
300 1598 466 1628 mortalem
495 1607 514 1628 a
544 1597 725 1628 mortalibus
753 1597 880 1633 factam,
911 1597 1101 1639 posteriores
1130 1595 1281 1637 quasdam
1307 1605 1359 1626 res
1387 1595 1546 1636 genuisse,
1573 1605 1639 1625 non

160 1650 291 1691 penitus
319 1651 458 1682 veritatIs
484 1651 670 1693 participes,
699 1650 756 1683 sed
785 1651 952 1682 simulacra
978 1652 1125 1692 quaedam
1154 1651 1213 1681 sibi
1243 1651 1321 1691 ipsis
1350 1654 1485 1690 cognata
1501 1660 1508 1679 :
1532 1649 1641 1690 qualia

160 1704 296 1745 pictura,
320 1705 442 1737 musica
468 1710 647 1747 ceteraeque
674 1704 758 1736 aste's
779 1706 827 1736 his
853 1705 973 1736 similes
991 1712 1154 1746 generant.
1178 1705 1205 1735 si
1233 1715 1304 1746 quae
1325 1713 1399 1734 vero
1424 1708 1507 1734 artes
1522 1703 1636 1734 serium

160 1757 282 1800 aliquid
294 1759 426 1796 faciunt,
439 1769 494 1790 eas
509 1770 590 1796 esse,
607 1770 677 1801 quae
691 1760 756 1790 vim
772 1770 858 1791 suam
875 1771 947 1791 cum
957 1765 1071 1790 natura
1082 1759 1315 1790 communicant
1329 1771 1335 1788 z
1361 1758 1463 1799 qualis
1476 1763 1524 1788 est
1536 1757 1640 1788 medi-

160 1811 246 1853 cina,
263 1813 463 1854 agricultura,
479 1814 686 1856 gymnastica.
709 1815 835 1846 civilem
849 1820 1003 1856 praeterea
1018 1814 1163 1856 peritiam
1181 1814 1268 1844 aiunt
1283 1822 1382 1854 parva
1397 1813 1533 1853 quadam
1547 1817 1639 1853 parte

161 1876 236 1898 cum
247 1872 368 1904 natura,
383 1877 500 1910 magna
514 1878 587 1898 vero
603 1878 674 1899 cum
689 1875 757 1900 arte
773 1879 958 1900 concurrere
974 1880 980 1898 ;
1027 1874 1121 1910 atque
1137 1868 1182 1899 ita
1197 1868 1376 1898 universam
1390 1867 1493 1907 legum
1507 1866 1639 1907 positio·

159 1929 235 1951 nem
259 1931 322 1951 non
349 1932 422 1952 cum
450 1927 573 1958 natura,
604 1922 661 1953 sed
687 1933 757 1954 cum
784 1928 861 1959 arte,
887 1923 978 1964 cujus
1006 1922 1178 1963 positiones
1190 1932 1272 1952 verae
1288 1932 1350 1952 non
1369 1921 1442 1957 sint,
1459 1920 1638 1953 convenire.

161 1974 238 2007 Cn.
261 1975 408 2013 Quonam
430 1982 523 2017 pacto
536 1977 547 2006 ?
594 1976 733 2008 Arnen.
756 1977 854 2014 Deos,
880 1987 900 2008 o
914 1977 1008 2008 beate
1023 1978 1083 2016 vir,
1093 1986 1164 2007 ‘non
1178 1983 1299 2012 natura,
1316 1974 1372 2006 sed
1387 1979 1452 2005 arte
1467 1979 1502 2005 et
1515 1974 1637 2016 legibus

159 2027 348 2069 quibusdam
363 2036 507 2061 constare
522 2031 647 2066 volunt,
663 2041 781 2072 eosque
797 2031 867 2062 aliis
880 2031 959 2062 alios
973 2040 1055 2067 esse,
1072 2035 1166 2072 prout
1180 2030 1296 2071 singuli
1311 2039 1420 2061 secum
1435 2029 1637 2060 consentien-

158 2086 208 2112 tes
222 2082 294 2123 lege
309 2090 486 2115 sanxerunt.
509 2085 641 2125 pulchra
655 2095 729 2116 vero
756 2086 808 2116 vel
836 2085 967 2116 honesta
982 2085 1044 2116 alia
1071 2093 1193 2122 natura,
1209 2085 1270 2115 alia
1286 2085 1357 2125 lege
1375 2083 1557 2115 consistere.
1580 2083 1638 2114 sed

152 2135 239 2178 justa
250 2141 364 2168 natura
376 2138 504 2168 minime
533 2149 601 2169 esse
618 2151 624 2168 :
649 2139 746 2170 immo
774 2149 847 2170 vero
876 2140 1020 2170 homines
1035 2139 1076 2171 de
1091 2140 1140 2170 his
1152 2149 1274 2180 semper
1289 2139 1426 2169 invicem
1441 2137 1637 2178 disceptare,

157 2195 190 2221 et
211 2201 296 2222 nova
321 2191 463 2233 quotidie
485 2193 696 2224 constituere:
721 2198 753 2224 et
779 2204 848 2235 quae
875 2204 976 2235 nuper
1003 2199 1190 2229 statuerunt,
1207 2198 1362 2234 quatenus
1377 2192 1439 2222 illis
1455 2192 1500 2222 sic
1517 2192 1636 2232 placet,

157 2250 291 2276 eatenus
314 2255 383 2276 esse
407 2245 508 2287 justa,
537 2257 603 2278 non
625 2252 738 2278 natura
762 2247 905 2289 quidem,
929 2248 984 2278 sed
1001 2254 1067 2278 arte
1081 2253 1113 2278 et
1129 2247 1253 2288 legibus
1268 2246 1419 2278 stabilita.
1445 2245 1543 2286 [890]
1568 2246 1636 2276 haec

158 2305 242 2335 sunt,
256 2309 274 2330 o
290 2299 394 2336 amici,
410 2310 480 2341 quae
495 2301 656 2341 sapientes
671 2302 741 2338 viri,
757 2307 822 2332 tum
839 2301 942 2342 poetae
961 2306 1027 2332 tum
1039 2302 1208 2342 scriptores
1224 2300 1288 2336 alii,
1304 2299 1480 2341 junioribus
1497 2298 1636 2330 tradide-

158 2356 244 2389 runt,
268 2351 413 2382 dicentes
433 2352 552 2393 justam
583 2363 652 2385 esse
682 2364 754 2384 eam
782 2354 1027 2396 possessionem,
1055 2365 1126 2395 quae
1153 2354 1185 2384 vi
1213 2359 1246 2384 et
1267 2353 1400 2384 victoria
1423 2359 1632 2395 comparatur.

157 2405 242 2437 unde
259 2404 439 2446 junioribus
461 2406 608 2448 impietas
636 2407 819 2449 innascitur,
843 2412 880 2438 ut
899 2405 1032 2439 credant
1050 2419 1113 2439 non
1139 2418 1210 2438 esse
1236 2407 1337 2444 Deos,
1367 2408 1476 2449 quales
1501 2408 1630 2438 credere

159 2459 249 2501 leges
259 2459 385 2501 jubent.
410 2460 483 2490 hinc
495 2460 590 2492 etiam
607 2460 780 2500 seditiones
794 2462 947 2498 oriuntur,
959 2471 1017 2504 per
1031 2471 1109 2504 quas
1125 2460 1164 2492 ad
1180 2471 1248 2492 eam
1266 2462 1408 2492 homines
1423 2462 1530 2498 vitam,
1546 2461 1636 2503 quasi

159 2512 334 2545 secundum
359 2518 504 2544 naturam
521 2519 650 2551 rectam,
667 2515 840 2552 trahuntur,
856 2526 918 2557 qua
932 2516 978 2547 ita
990 2515 1108 2551 vivant,
1121 2525 1156 2546 ut
1168 2522 1288 2547 ceteros
1302 2515 1430 2547 vincant
1446 2526 1506 2547 nec
1521 2526 1635 2547 secun-

157 2567 234 2598 dum
249 2568 338 2609 leges
352 2567 424 2598 aliis
438 2568 587 2599 serviant.
631 2568 710 2601 CLr.
733 2568 762 2600 O
776 2569 913 2612 qualem,
928 2571 1054 2612 hospes,
1066 2579 1132 2601 rem
1146 2570 1286 2605 narrasti,
1304 2569 1492 2612 qualemque
1508 2576 1635 2612 pestem

154 2622 323 2664 juvenum,
349 2627 383 2653 et
398 2622 529 2664 publice
553 2622 733 2654 civitatibus
751 2628 784 2654 et
802 2624 949 2665 privatim
965 2624 1109 2656 domibus
1124 2625 1188 2655 suis
1202 2624 1340 2655 illatam!
1386 2623 1526 2657 Arnen.
1550 2624 1635 2656 Vera

156 2686 275 2714 narras,
290 2687 309 2708 o
325 2675 445 2713 Clinia,
460 2676 517 2708 sed
532 2687 605 2708 cum
619 2676 665 2718 ita
679 2687 713 2708 se
729 2687 776 2708 res
791 2678 916 2716 habeat,
933 2678 1009 2721 quid
1035 2678 1233 2720 legumlatori
1255 2678 1413 2720 agendum
1434 2689 1545 2710 censes
1558 2679 1569 2709 ἓ
1594 2688 1634 2709 an

158 2730 259 2762 solum
276 2730 387 2762 minari
401 2731 546 2763 omnibus
561 2732 741 2764 hominibus
755 2733 852 2764 debet
865 2734 876 2764 ἓ
900 2744 955 2764 eos
969 2733 1097 2765 omnino
1109 2743 1218 2774 poenas
1233 2732 1371 2769 daturos,
1387 2733 1449 2764 nisi
1462 2732 1552 2763 Deos
1564 2742 1633 2762 esse

160 2783 303 2822 credant,
318 2785 460 2827 talesque
475 2787 658 2827 opinentur,
670 2787 781 2828 quales
795 2797 814 2818 a
828 2787 949 2829 legibus
967 2787 1126 2818 traduntur
1143 2798 1149 2817 :
1175 2786 1279 2828 deque
1295 2787 1435 2818 honestis
1449 2792 1481 2818 et
1498 2786 1590 2827 justis
1603 2791 1637 2816 et

159 2838 304 2870 maximis
314 2839 490 2882 quibusque
504 2840 610 2878 rebus,
625 2852 661 2872 ae
677 2841 717 2872 de
733 2841 847 2873 virtute
859 2847 893 2873 et
909 2842 1058 2883 pravitate
1072 2842 1116 2872 ita
1130 2841 1258 2872 omuino
1271 2841 1462 2873 arbitrentur
1476 2848 1509 2870 et
1525 2845 1634 2881 agant,

162 2898 194 2924 ut
222 2892 403 2934 legumlator
426 2895 651 2937 perscripserit.
675 2896 700 2926 si
730 2895 824 2937 igitur
849 2906 912 2927 non
938 2896 1111 2938 paruerint,
1139 2896 1214 2927 alios
1235 2895 1346 2927 mortis
1370 2894 1537 2937 supplicio,
1554 2893 1633 2924 aliua
