1840 3225
203 254 253 292 98
817 218 1085 287 PLArONrs
1244 284 1250 287 ,
1572 251 1667 302 [351

206 356 334 399 quidem
351 355 511 386 scientiam
529 353 652 388 habeat,
668 352 738 394 plus
755 362 875 383 sumere
891 351 971 382 velle
988 352 1035 382 vel
1065 351 1199 383 dicendo
1227 351 1276 382 vel
1305 351 1464 388 faciendo,
1479 362 1572 394 quam
1599 351 1679 383 alter

207 410 306 441 sciens
324 421 330 439 z
357 419 419 439 non
437 413 539 438 autem
558 407 666 438 eadem
684 406 723 436 ad
746 405 901 438 actionem
929 406 1074 441 eandem,
1091 416 1160 446 quae
1177 410 1209 436 et
1236 405 1300 442 ille,
1317 406 1371 447 qni
1399 406 1461 447 ipsi
1485 405 1593 437 similis
1616 410 1675 438 est.

205 463 322 494 ΤιιιιΛ,
347 463 440 492 Forte
455 461 499 492 sic
526 471 558 492 se
585 471 631 491 res
657 460 771 491 habeat
797 470 923 491 necesse
948 465 1005 491 est.
1051 460 1105 490 So.
1134 460 1221 495 Quid
1247 465 1349 490 autem
1378 459 1547 491 indoctus?
1570 469 1676 490 nonne

206 517 278 558 plus
293 517 386 547 docto
405 516 462 546 sibi
479 526 633 546 assumere
650 514 756 554 vellet,
773 518 866 555 atque
881 514 974 544 ctiam
991 514 1143 544 indocto?
1190 513 1307 546 TnnA.
1334 514 1488 545 Fortasse.
1532 513 1589 545 So.
1612 513 1676 544 Sed

209 571 322 601 doctus
334 581 440 601 nonne
452 569 600 611 sapiens?
622 569 736 600 Turia.
754 567 918 600 Concedo,
950 569 1006 598 So.
1031 569 1165 608 Sapiens
1180 573 1284 599 autem
1297 579 1401 599 nonne
1416 568 1535 599 bonus?
1559 567 1676 599 Tana.

212 624 255 655 Et
271 624 349 656 istuc
363 624 469 655 etiam.
493 624 549 656 So.
566 624 676 654 Bonus
693 634 766 664 ergo
783 628 814 654 et
829 623 955 664 sapiens
966 633 1028 653 non
1043 622 1127 653 volet
1138 622 1207 663 plus
1219 622 1290 659 sibi,
1302 632 1395 664 quarn
1408 623 1454 653 sui
1469 620 1589 656 similis,
1602 630 1679 652 ven-

209 678 333 709 dicare:
354 678 424 719 plus
438 683 555 719 tamen,
568 688 660 719 quam
675 677 832 708 dissimilis
845 681 877 707 et
890 675 1072 712 contrarius,
1086 676 1180 707 volet.
1203 675 1319 707 Turul.
1336 675 1482 707 Videtur.
1498 675 1554 707 So.
1572 674 1680 705 Malus

209 737 313 764 autem
322 732 577 764 etindoctustam
594 732 686 762 simili
697 743 789 774 quarn
803 731 947 762 dissimili
961 731 1020 762 sibi
1035 731 1105 772 plus
1120 730 1286 772 arrogabit.
1309 730 1358 761 Tu
1366 741 1423 762 aa.
1441 729 1597 771 Apparet.
1620 727 1680 761 So.

208 785 327 817 Nonne
342 786 490 828 injustus,
506 787 751 828 Tlrrasymache,
769 786 839 827 plus
855 796 1003 827 usurpare
1018 785 1184 816 contendit
1199 795 1291 826 quam
1309 784 1357 815 vel
1374 783 1483 815 similis
1510 782 1560 814 vel
1587 780 1679 813 dissi-

208 839 313 870 milis?
337 850 377 870 an
393 851 456 870 non
471 840 515 870 ita
530 841 681 871 dicebas?
726 840 841 870 Trina.
868 839 1021 871 Dicebam
1038 839 1197 881 equidem.
1243 839 1301 871 So.
1325 838 1434 870 Justus
1455 842 1558 868 autern
1585 834 1680 866 simili

207 894 336 935 quidem
351 905 413 924 non
431 893 502 935 plus
519 894 613 931 volet,
630 895 684 924 sed
701 893 856 924 dissimili.
902 894 1019 924 Trina.
1043 893 1168 924 Fateor.
1213 894 1268 924 So.
1293 892 1350 923 Est
1365 892 1473 934 itaque
1489 889 1598 922 similis
1608 889 1679 931 jus-

208 952 258 978 tus
273 948 399 989 quidem
417 948 551 989 sapienti
565 954 597 979 et
613 949 709 988 bono,
723 948 857 989 injustus
873 952 977 979 autem
1007 953 1039 979 et
1065 947 1146 977 malo
1173 953 1203 977 ct
1228 946 1340 977 inscio.
1385 945 1501 976 Trina.
1524 944 1678 986 Apparet.

208 1001 262 1032 Su.
285 1000 382 1042 Atqui
399 1002 610 1033 concessimus
625 1002 716 1032 talem
735 1008 899 1043 utrumque
915 1012 993 1038 esse,
1010 1001 1112 1042 qualis
1140 1001 1180 1031 sit
1205 1000 1229 1031 is
1255 1001 1307 1031 cui
1333 1000 1442 1032 similis
1464 1004 1513 1030 est
1538 1003 1680 1039 uterque.

206 1055 322 1086 Tum.
347 1055 565 1086 Concessimus
582 1056 686 1096 plane.
731 1056 787 1085 So.
810 1055 919 1086 Justus
935 1055 1041 1095 itaque
1058 1054 1147 1085 nobis
1164 1055 1264 1085 bonus
1280 1064 1347 1085 esse
1370 1048 1678 1094 sapiensque'appa-

208 1107 290 1138 ruit:
316 1107 449 1148 injustus
464 1114 568 1139 autem
594 1109 739 1140 indoctus
767 1113 799 1140 et
824 1109 934 1140 malus.
982 1108 1061 1139 llaec
1087 1107 1194 1138 omnia
1222 1108 1380 1139 concessit
1404 1105 1679 1149 Thrasymachus:

209 1166 394 1192 nontamen
421 1173 458 1193 ea
483 1162 645 1199 facilitate,
662 1173 725 1204 qua
749 1173 808 1204 ego
832 1173 916 1194 nunc
944 1162 1055 1199 resero,
1073 1162 1126 1193 sed
1155 1162 1203 1192 rix
1228 1166 1322 1202 atque
1350 1165 1522 1202 pertractus
1545 1158 1678 1200 plurimo

211 1225 281 1246 cum
297 1216 432 1246 sudore:
459 1221 525 1246 erat
540 1217 660 1258 quippe
686 1222 760 1248 tunc
787 1222 888 1248 aestas.
913 1222 943 1247 et
969 1216 1033 1247 vidi
1058 1227 1118 1257 ego
1145 1221 1220 1246 tunc
1247 1215 1392 1257 primum,
1408 1214 1494 1256 quod
1518 1222 1678 1254 nunquam

210 1274 304 1300 antea
319 1269 468 1308 videram,
484 1271 718 1303 erubescentem
734 1271 1014 1313 Thrasymachum.
1060 1270 1140 1302 Cum
1156 1270 1250 1311 igitur
1264 1269 1454 1300 constitisset
1466 1267 1622 1310 justitiam
1648 1270 1682 1298 et

210 1322 354 1354 virtutem
372 1335 438 1354 esse
454 1329 486 1355 et
501 1325 698 1365 sapientiam,
715 1325 900 1366 injustitiam
917 1335 988 1356 vero
1004 1324 1112 1355 vitium
1129 1328 1161 1355 et
1176 1323 1329 1355 inscitiam
1345 1335 1351 1353 z
1377 1323 1522 1358 Maneat,
1538 1321 1680 1362 iuquam,

209 1377 270 1408 hoc
296 1377 339 1408 ita
368 1378 467 1409 nobis.
498 1378 678 1410 dicebamus
705 1384 809 1411 autem
836 1379 974 1410 validum
1003 1390 1038 1410 ac
1067 1383 1180 1420 potens
1208 1378 1358 1419 quiddam
1385 1375 1572 1418 injustitiam
1599 1384 1679 1406 esse.

210 1440 316 1462 nonne
343 1431 521 1468 meministi,
537 1432 793 1476 Thrasymache?
838 1433 953 1464 Trina.
979 1433 1113 1464 Memini
1138 1433 1296 1474 equidem.
1321 1431 1376 1463 sed
1400 1430 1476 1461 mihi
1503 1439 1573 1471 qua:
1593 1438 1679 1459 nuuc

210 1485 300 1521 dicis,
331 1495 397 1516 non
428 1486 566 1527 placent,
593 1488 757 1529 habeoque
787 1488 864 1530 quid
897 1488 1042 1519 adversus
1070 1498 1107 1519 ea
1137 1488 1240 1518 dicam
1259 1498 1266 1517 ε
1306 1486 1390 1527 quod
1421 1485 1447 1515 si
1477 1484 1680 1519 adducerem,

210 1544 294 1570 certe
310 1539 384 1570 novi
401 1550 449 1570 nie
464 1541 643 1572 concionari
660 1546 690 1572 te
706 1553 773 1574 esse
789 1543 955 1573 dicturum.
1001 1542 1107 1579 Quare
1123 1547 1177 1572 aut
1192 1541 1258 1571 sine
1275 1551 1324 1571 me
1340 1540 1456 1575 dicere,
1473 1548 1543 1579 quae
1560 1536 1652 1567 velim
1668 1546 1676 1566 t

211 1596 267 1622 aut
281 1592 307 1622 si
323 1599 354 1623 tu
372 1592 560 1635 interrogare
577 1595 635 1636 vis,
650 1595 815 1637 interroga.
840 1606 898 1637 ego
915 1601 1018 1626 autem
1035 1595 1102 1632 tibi,
1120 1595 1215 1625 veluti
1233 1594 1363 1625 aniculis
1380 1592 1512 1624 fabellas
1526 1589 1679 1622 narranti·

211 1646 283 1687 bus,
297 1647 450 1677 assentiar
465 1653 496 1678 et
511 1658 645 1680 annuam
662 1655 693 1680 et
718 1650 864 1682 abnuam.
911 1651 966 1682 So.
991 1649 1089 1680 Nullo
1119 1654 1211 1691 pacto
1237 1653 1347 1689 praeter
1371 1646 1557 1679 sententiam
1581 1650 1680 1677 tuam·

210 1699 326 1731 Trina.
354 1701 399 1733 Ut
413 1701 470 1732 tibi
486 1702 516 1732 in
532 1703 677 1734 omnibus
693 1703 856 1744 gratificer,
874 1710 1039 1745 postquam
1055 1713 1118 1734 non
1135 1703 1208 1733 sinis
1224 1702 1322 1744 loqui,
1338 1712 1378 1732 an
1394 1701 1469 1743 quid
1497 1699 1584 1731 aliud
1610 1698 1681 1729 vis?

212 1752 266 1786 SO.
290 1753 377 1785 Nihil
395 1766 448 1797 per
465 1756 590 1797 Jovern,
605 1756 631 1788 si
647 1757 729 1787 istud
746 1757 864 1789 seceris.
888 1757 942 1788 sed
960 1757 1055 1788 facito
1070 1769 1078 1788 :
1103 1767 1161 1798 ego
1179 1761 1282 1787 autem
1311 1754 1519 1796 interrogabo.
1563 1752 1682 1784 Tum.

212 1806 375 1850 Interroga
385 1809 464 1850 jam.
509 1810 565 1842 So.
589 1811 660 1842 Hoc
675 1811 830 1852 interrogo
846 1821 943 1852 nunc,
957 1811 1041 1851 quod
1059 1815 1090 1842 et
1107 1810 1201 1852 paulo
1218 1815 1304 1851 ante,
1317 1815 1350 1840 ut
1367 1808 1477 1840 ordine
1492 1818 1549 1839 suo
1569 1807 1604 1838 in
1629 1816 1679 1838 se-

213 1863 323 1903 quenti
338 1873 479 1894 sermone
495 1865 739 1903 consideremus,
766 1865 863 1907 [351]
888 1866 1047 1907 quomodo
1063 1875 1094 1896 se
1107 1864 1230 1906 justitia
1247 1864 1394 1894 adversus
1417 1861 1602 1903 injustitiam
1627 1860 1683 1890 ha·

213 1916 298 1948 beat.
322 1916 442 1948 dictum
457 1918 539 1949 enim
556 1924 603 1950 est
619 1920 824 1960 potentiorem
841 1925 935 1961 atque
951 1920 1153 1950 robustiorem
1169 1929 1236 1949 esse
1262 1917 1445 1960 injustitiam
1471 1925 1564 1958 quarn
1586 1913 1682 1955 justi—

213 1969 270 2001 tia.
315 1970 431 2002 Trina.
455 1972 552 2004 Nunc
564 1978 669 2004 autem
685 1975 760 2016 quid
778 1975 851 2005 novi
866 1975 980 2006 affers?
1026 1974 1080 2006 So.
1105 1974 1139 2004 Si
1155 1972 1281 2015 quidem
1297 1970 1452 2013 sapientia
1468 1974 1500 2001 et
1514 1968 1610 1999 virtus
1634 1972 1685 1999 est

210 2022 348 2064 justitia,
364 2024 468 2061 facile,
487 2031 520 2056 ut
542 2027 681 2065 arbitror,
697 2029 862 2070 apparebit
888 2028 1044 2060 robustius
1068 2039 1136 2060 esse
1161 2038 1255 2070 quam
1282 2025 1457 2068 injustitia:
1483 2021 1685 2065 quandoqui-

215 2078 287 2108 dem
303 2077 457 2119 injustitia
474 2079 599 2110 inscitia
614 2086 671 2112 est.
694 2092 752 2113 nec
770 2082 850 2113 ullus
866 2083 925 2114 hoc
940 2082 1109 2124 ignoraret.
1134 2092 1238 2113 verum
1254 2091 1316 2111 non
1332 2080 1378 2110 ita
1394 2077 1577 2120 simpliciter
1590 2086 1682 2118 agere

215 2131 323 2172 cupio,
340 2132 395 2162 sed
412 2133 470 2164 hac
488 2132 536 2163 via
552 2133 759 2166 considerare.
807 2135 1017 2167 Civitatemne
1033 2135 1168 2177 aliquam
1191 2134 1355 2165 affirmares
1380 2131 1529 2172 injustam
1556 2140 1637 2170 esse,
1651 2134 1684 2160 et

215 2183 293 2214 alias
308 2185 452 2216 civitates
469 2186 549 2216 velle
563 2186 679 2226 injuste
694 2187 727 2216 in
743 2189 920 2220 servitutem
938 2189 1077 2230 redigere
1093 2199 1257 2229 servasque
1273 2187 1330 2218 sub
1347 2196 1378 2217 se
1405 2185 1518 2215 multas
1543 2183 1656 2214 habere
1671 2182 1683 2214 ἓ

214 2236 330 2270 TirnA.
355 2238 418 2270 Cur
434 2239 519 2269 non?
542 2239 636 2270 immo
654 2250 724 2270 vero
740 2240 800 2271 boc
827 2251 1021 2283 summopere
1047 2242 1142 2274 saciet
1167 2242 1232 2278 illa,
1249 2251 1320 2283 quae
1348 2237 1600 2281 praestantissima
1625 2237 1685 2268 erit

216 2295 248 2321 et
262 2301 333 2332 quae
349 2293 388 2322 ad
405 2297 571 2324 extremam
589 2293 762 2334 pervenerit
776 2293 970 2335 injustitiam.
1016 2298 1072 2326 So.
1095 2295 1243 2336 Intelligo
1259 2294 1418 2336 equidem,
1434 2292 1519 2334 quod
1536 2297 1589 2322 tua
1614 2291 1683 2322 haec

216 2350 282 2375 erat
296 2346 407 2377 oratio.
431 2347 486 2378 sed
503 2347 564 2378 hoc
587 2347 669 2379 circa
696 2347 754 2379 ista
780 2348 957 2385 considero,
975 2353 1075 2379 utrum
1101 2349 1181 2389 haec,
1199 2360 1269 2390 quae
1296 2346 1489 2390 praestantior
1513 2346 1548 2376 fit
1572 2345 1684 2377 civitas

215 2398 354 2436 civitate,
369 2401 486 2442 absque
497 2400 622 2442 justitia
635 2403 718 2432 hanc
733 2402 773 2432 sit
789 2402 961 2443 potentiam
979 2402 1132 2439 habitura,
1150 2402 1197 2433 vel
1215 2412 1341 2434 necesse
1357 2401 1398 2432 sit
1414 2406 1448 2431 ut
1471 2400 1587 2431 habeat
1609 2409 1683 2430 cum

213 2451 349 2492 justitia.
395 2454 511 2487 Trina.
535 2455 570 2486 Si
586 2456 725 2497 quidem,
745 2460 777 2486 ut
793 2461 825 2486 tu
844 2456 937 2497 paulo
966 2461 1038 2487 ante
1063 2455 1201 2492 dicebas,
1214 2455 1337 2497 justitia
1355 2455 1426 2496 ipsa
1451 2453 1607 2496 sapientia
1625 2457 1687 2494 est,

216 2515 345 2538 necesse
371 2513 419 2539 est
444 2520 514 2540 cum
537 2509 683 2551 justitia:
709 2510 756 2540 sin
783 2515 887 2541 autem
913 2516 948 2540 ut
973 2521 1045 2551 ego,
1062 2510 1127 2540 sine
1150 2509 1285 2551 justitia.
1330 2509 1388 2540 So.
1410 2506 1685 2549 Responsionibus

217 2559 290 2596 tuis,
307 2571 324 2590 ο
340 2561 583 2605 Tlrrasyruache,
599 2564 690 2596 valde
706 2564 856 2602 delector,
871 2565 1019 2606 quoniam
1036 2575 1100 2595 non
1116 2565 1210 2595 modo
1241 2564 1353 2594 annuis
1377 2568 1410 2594 et
1434 2561 1558 2599 abnuis,
1571 2560 1628 2591 sed
1652 2565 1685 2591 et

217 2613 364 2653 praeclare
380 2618 560 2657 respondes.
606 2618 722 2649 Tuan.
746 2619 792 2650 Ut
807 2619 863 2649 tibi
879 2624 998 2661 gratum
1014 2619 1138 2650 faciam.
1183 2619 1243 2650 So.
1266 2617 1358 2649 Facis
1375 2622 1408 2648 tu
1434 2615 1562 2657 quidem
1589 2614 1683 2646 bene.

219 2667 273 2696 sed
290 2667 324 2697 in
339 2669 398 2700 hoc
422 2681 548 2713 quoque
571 2673 741 2714 gratificare
767 2674 854 2711 mihi,
869 2678 901 2704 et
928 2673 1047 2705 dicito:
1074 2673 1128 2704 An
1155 2683 1263 2704 censes
1288 2671 1446 2704 civitatem
1472 2668 1608 2710 aliquam
1634 2667 1683 2698 rel

218 2721 386 2753 exercitum
416 2734 471 2755 seu
502 2725 635 2757 latrones
661 2726 726 2758 sive
751 2727 844 2765 fures,
871 2727 921 2758 vel
947 2727 1042 2758 alium
1066 2727 1208 2769 quemvis
1231 2730 1346 2757 coetum
1375 2723 1536 2755 hominum
1565 2721 1685 2763 injuste

219 2772 338 2815 aliquid
370 2788 430 2808 una
467 2780 726 2821 aggredientium,
758 2782 904 2824 perficere
935 2793 1026 2823 posse
1057 2782 1238 2824 quicquam,
1268 2780 1294 2810 si
1331 2777 1444 2819 injuria
1480 2776 1615 2807 invicem
1651 2784 1685 2806 se

219 2826 403 2862 affecerint?
447 2832 563 2866 TnnA.
592 2834 811 2877 Nequaquam.
855 2837 912 2868 So.
941 2837 1028 2874 Quid
1053 2842 1169 2873 autem,
1195 2835 1222 2866 si
1248 2834 1287 2865 ab
1313 2832 1428 2874 injuria
1453 2828 1684 2862 abstinuerint?

221 2890 326 2914 nonne
341 2886 458 2928 magis?
502 2887 617 2920 Trina.
640 2889 780 2924 Prorsus.
825 2891 880 2924 So.
903 2891 1079 2924 Seditioncs
1096 2899 1244 2932 namque,
1259 2885 1505 2930 Thrasymacho
1520 2882 1686 2927 issjsssfilho
