1840 3225
127 187 224 238 772]
578 185 650 223 DE
681 182 909 222 LEGIBUS
950 183 1046 223 ΜΒ.
1078 184 1147 221 v1.
1510 182 1585 220 357

125 294 254 325 minime
277 300 430 336 possunt:
456 303 509 324 eas
539 301 654 328 autem,
671 302 739 333 quae
766 296 907 332 possunt,
923 295 1052 328 amate3
1077 290 1272 330 libenterque
1305 288 1374 318 illas
1404 288 1540 329 amplexi
1556 289 1586 317 in

126 349 203 390 ipsis
217 348 316 380 vitam
345 349 439 390 agite.
463 355 567 379 cetera
591 357 666 377 vero
693 346 807 380 studia,
823 356 892 386 quae
920 345 982 375 alio
1008 345 1143 374 tendunt
1158 349 1190 374 et
1217 344 1255 373 ad
1270 343 1410 383 vulgaria
1426 342 1506 373 bona
1522 352 1587 372 res-

128 402 261 443 piciunt,
277 404 424 444 spernite.
470 402 531 433 Sed
558 401 682 431 initium
709 399 909 441 sequentium
941 399 1042 439 legum
1059 399 1117 428 hoc
1133 398 1222 428 nobis
1236 399 1275 427 sit
1290 408 1308 427 a
1322 397 1418 427 sacris
1433 406 1588 427 exorsum.

128 463 252 498 oportet
276 458 410 498 primum
434 461 588 497 repetere,
607 461 682 496 quot
708 464 858 484 numerus
889 453 1027 494 quinque
1057 452 1202 487 millium,
1218 458 1250 482 et
1266 451 1471 492 quadraginta
1494 451 1588 491 paizi-

129 511 232 542 tiones
247 512 424 542 commodas
439 510 547 540 habuit
563 515 656 550 atque
672 509 767 539 habet
781 520 788 546 ;
811 515 880 538 tum
907 513 989 538 tolus
1015 507 1083 547 ipse
1098 516 1254 541 numerus,
1269 512 1337 535 tum
1352 506 1405 546 qui
1422 515 1477 545 per
1493 505 1591 535 tribus

129 566 213 607 ipsas
240 565 418 606 porrigitur,
447 574 540 606 quem
570 564 665 594 totius
702 569 823 604 partem
853 562 1069 592 duodecimam
1102 560 1272 601 posuimus,
1301 569 1395 589 unam
1421 565 1454 589 et
1479 559 1592 599 viginti

129 620 262 661 vigesies
290 619 458 650 rectissime
489 624 605 649 natam.
630 623 723 659 atque
753 623 786 647 ut
813 622 899 647 totus
924 626 1070 645 numerus
1096 614 1263 644 duodecim
1289 618 1412 644 constat
1439 613 1592 654 partibus,

129 675 174 705 ita
200 673 300 704 tribus
329 674 397 714 ipsa
424 673 456 702 in
482 671 652 703 duodecim
681 671 842 702 scinditur.
865 670 1003 710 singuias
1032 669 1138 710 itaque
1166 674 1270 709 partes
1298 678 1419 698 sacrum
1434 677 1500 697 esse
1526 668 1592 698 Dei

129 737 242 758 munus
255 727 432 758 existimare
461 727 622 763 debemus,
638 737 710 757 cum
736 731 769 756 et
791 735 912 756 menses
936 731 968 755 et
982 724 1142 755 circuitum
1159 724 1295 753 universi
1310 727 1490 763 sequantur.
1514 732 1591 763 qua-

130 787 256 823 propter
266 786 299 812 et
313 781 473 812 civitatem
499 792 625 812 omnem
648 780 746 818 ducit,
762 779 849 822 quod
875 780 950 820 ipsis
978 779 1119 809 innatum
1137 783 1195 813 est,
1212 776 1253 808 ad
1269 787 1322 807 eas
1338 775 1516 807 sacrandas.
1538 777 1593 806 alii

126 835 230 866 forsan
244 836 362 866 rectius
376 846 469 877 quarn
485 835 539 866 alii
567 836 676 877 partiti
702 841 785 870 sunt,
801 845 837 866 ac
866 834 938 865 Diis
954 833 1137 875 partitiones
1155 842 1226 863 suas
1241 831 1363 862 felicius
1380 831 1567 861 dedicarunt
1582 842 1589 860 z

127 898 185 920 nos
198 894 303 920 autem
319 900 404 920 nunc
429 891 602 921 rectissime
629 891 812 921 arbitramur
837 889 976 930 quinque
1003 887 1136 918 millium
1151 893 1184 917 et
1208 885 1416 928 quadraginta
1432 895 1593 916 numerum

128 943 274 985 elegisse,
289 944 345 985 qui
361 955 470 975 omnes
485 945 524 975 ab
538 955 602 975 una
616 955 715 986 usque
731 944 772 975 ad
787 943 956 975 duodecim
971 942 1145 973 decisiones
1163 942 1268 978 habet,
1283 941 1451 971 undecimo
1464 949 1594 970 numero

125 997 230 1028 solum
255 1004 402 1040 excepto,
426 1000 479 1041 qui
506 1000 635 1030 minimo
663 999 800 1041 quodam
827 997 966 1030 remedio
988 997 1230 1038 redintegratur.
1254 995 1424 1026 restituitur
1446 995 1540 1030 enim,
1567 993 1594 1024 si

128 1050 198 1081 duae
212 1051 253 1082 ad
269 1053 397 1084 alteram
419 1059 541 1096 partem
557 1054 667 1086 domus
693 1054 891 1085 accesserint.
915 1053 982 1083 haec
1008 1061 1082 1082 vera
1097 1062 1175 1088 esse,
1192 1061 1292 1081 sermo
1306 1060 1506 1091 nequaquam
1521 1059 1594 1090 pro-

126 1105 205 1137 lixus
221 1105 254 1136 in
269 1107 334 1137 otio
349 1107 590 1142 demonstraret,
615 1108 780 1140 credentes
803 1107 900 1149 igitur
921 1106 1070 1148 praesenti
1094 1105 1228 1136 sermoni
1249 1110 1280 1135 et
1293 1104 1408 1135 rationi
1424 1103 1592 1134 distribua-

125 1170 206 1196 mus,
234 1165 268 1191 et
294 1161 462 1204 unicuique
490 1164 574 1204 parti
596 1163 704 1194 Deum
735 1163 784 1194 vel
807 1162 946 1192 Deorum
979 1161 1078 1191 filium
1104 1160 1299 1196 invocantes,
1324 1160 1385 1190 aris
1414 1158 1591 1199 ceterisque

125 1214 302 1256 hujusmodi
317 1215 483 1254 dedicatis,
499 1218 531 1248 in
555 1217 718 1249 sacrificiis
743 1222 916 1248 conventus
942 1216 1021 1246 duos
1047 1203 1180 1256 siugulis
1203 1214 1364 1244 mensibus
1377 1213 1539 1248 faciamus,
1557 1219 1593 1243 ut

127 1268 294 1301 duodecim
310 1270 501 1312 singularum
517 1272 650 1303 tribuum
667 1278 701 1302 et
727 1271 893 1302 duodecim
921 1269 1057 1301 civitatis
1082 1268 1292 1299 distributioni
1306 1268 1594 1298 accommodentur.

126 1324 193 1354 haec
222 1323 360 1356 Deorum
385 1326 487 1366 primo
512 1327 748 1367 divinorumque
775 1324 979 1357 colendorum
1004 1324 1104 1365 gratia
1126 1323 1172 1354 ita
1187 1323 1289 1353 fiant:
1314 1322 1429 1352 deinde
1445 1321 1592 1352 amicitiae

124 1387 250 1419 quoque
276 1385 311 1410 et
335 1380 526 1421 cognitionis
550 1382 691 1417 alternae,
707 1387 741 1411 et
767 1380 940 1411 communis
966 1379 1104 1420 denique
1129 1376 1364 1408 consuetudinis
1389 1376 1500 1417 gratia,
1520 1386 1591 1417 quae

125 1432 165 1462 ad
195 1433 393 1464 matrimonia
422 1434 619 1466 conficienda
643 1444 841 1476 summopere
871 1434 1047 1465 necessaria
1077 1438 1145 1463 est:
1176 1440 1222 1468 ut,
1252 1432 1375 1462 sublata
1401 1430 1592 1471 ignorantia,

123 1496 217 1518 nemo
241 1487 275 1518 in
301 1488 360 1524 his,
384 1488 490 1530 quoad
516 1489 584 1520 fieri
608 1495 723 1531 potest,
747 1488 944 1530 decipiatur3
970 1488 1028 1518 sed
1054 1488 1197 1529 quisque,
1213 1487 1262 1517 cui
1289 1486 1433 1522 collocat,
1449 1490 1483 1515 et
1496 1495 1589 1526 quarn

126 1546 159 1572 et
173 1542 319 1582 aquibus
342 1543 440 1582 ducit,
457 1549 618 1585 agnoscat.
641 1544 722 1575 serie
746 1541 914 1574 admodum
940 1543 1030 1584 hujus
1054 1543 1098 1573 rei
1116 1541 1215 1583 gratia
1237 1540 1306 1571 ludi
1333 1539 1429 1570 etiam
1442 1540 1590 1581 chorique

126 1596 300 1637 puellorum
317 1602 350 1627 et
363 1598 540 1638 puellarum
552 1598 644 1629 simul
660 1598 728 1629 fieri
755 1599 884 1633 debent,
910 1596 1039 1627 nudatis
1053 1596 1242 1637 corporibus,
1260 1600 1415 1636 quatenus
1432 1593 1592 1624 modestus

124 1649 226 1690 pudor
241 1650 370 1691 patitur,
386 1657 420 1682 ut
433 1663 502 1682 cum
529 1653 647 1684 ratione
675 1653 707 1683 in
736 1658 828 1683 :etate
859 1651 1060 1683 convenienti
1087 1650 1284 1691 consp-iciant
1298 1650 1482 1680 alterutrum
1497 1653 1592 1689 atque

124 1704 369 1744 conspiciantur.
393 1716 464 1747 quae
494 1706 622 1747 quidem
653 1707 755 1737 omnia
786 1712 897 1738 curent
927 1712 1100 1747 ornentque
1131 1705 1219 1736 chori
1248 1703 1419 1745 principes,
1438 1702 1534 1744 [772]
1559 1708 1592 1733 et

125 1769 194 1788 cum
210 1759 315 1800 legum
343 1759 524 1790 custodibus
549 1761 737 1798 conditores,
753 1768 786 1791 ut
802 1771 821 1791 a
846 1761 935 1791 nobis
963 1761 1076 1791 relicta
1090 1760 1270 1801 suppleant.
1292 1767 1421 1788 necesse
1443 1767 1590 1798 namque,

123 1818 158 1860 ut
174 1812 317 1849 diximus,
332 1813 367 1844 in
392 1814 442 1844 his
472 1815 655 1855 proesertim,
671 1826 741 1857 quae
767 1816 867 1845 multa
893 1824 1052 1856 parvaque
1080 1821 1164 1849 sunt,
1179 1813 1332 1844 nonnulla
1359 1813 1390 1842 in
1415 1812 1518 1853 prima
1532 1821 1589 1853 po-

124 1867 238 1899 sitione
268 1868 373 1909 legum
404 1869 615 1909 praetermitti,
644 1880 714 1911 quae
743 1870 941 1910 magistratus
970 1874 1149 1910 sequentes,
1179 1879 1236 1898 usu
1265 1877 1367 1898 rerum
1398 1866 1592 1901 commoniti,

126 1922 296 1963 quotannis
323 1923 491 1954 movebunt
514 1929 547 1954 et
574 1923 753 1965 corrigent:
778 1923 878 1954 donec
904 1929 1027 1964 tempus
1054 1922 1135 1953 illud
1163 1921 1339 1957 advenerit,
1361 1931 1423 1962 quo
1448 1920 1593 1951 instituta

128 1976 195 2006 haee
223 1975 362 2007 discussa
387 1983 420 2007 et
448 1978 620 2019 approbata
645 1978 836 2008 sufficienter
862 1977 958 2007 fuisse
986 1976 1161 2007 videantur.
1183 1982 1305 2017 tempus
1333 1983 1435 2006 autem
1464 1974 1506 2005 ad
1531 1976 1591 2006 hoe

127 2030 300 2070 periculum
329 2031 507 2062 faciendum
534 2031 727 2063 moderatum
754 2038 787 2063 et
813 2032 970 2063 sufficiens
997 2031 1185 2062 decennium
1215 2031 1286 2072 erit,
1312 2029 1416 2071 quoad
1444 2039 1532 2060 sacra
1560 2035 1593 2060 et

126 2084 268 2120 choreas,
284 2083 325 2115 ad
350 2086 454 2116 omnia
480 2086 618 2127 denique
642 2092 735 2128 atque
763 2087 897 2128 singula.
920 2097 991 2129 quae
1015 2086 1142 2128 quidem
1167 2096 1224 2127 per
1239 2084 1467 2126 experientiam
1482 2094 1592 2115 emen-

126 2138 224 2173 datio,
242 2139 367 2170 vivente
396 2137 612 2181 le'gumlatore‚
628 2142 835 2172 communiter
864 2152 934 2172 cum
966 2141 1019 2171 illo
1050 2141 1116 2172 fiat.
1139 2140 1163 2171 si
1196 2139 1378 2175 decesserit,
1393 2139 1511 2180 singuli
1528 2149 1590 2169 ma-

126 2192 273 2233 gistratus
288 2193 329 2224 ad
353 2195 456 2235 legum
486 2196 632 2226 custodes
660 2196 701 2226 de
728 2196 773 2226 sui
798 2197 998 2237 magistratus
1027 2195 1153 2227 defectu
1178 2194 1327 2230 referant,
1348 2194 1591 2234 eniendentque,

125 2247 229 2278 donec
259 2249 493 2289 approbationis
523 2250 616 2281 finem
645 2261 735 2281 suum
775 2255 869 2281 nacta
897 2251 1019 2292 singula
1055 2249 1231 2281 videantur.
1265 2254 1340 2279 tunc
1371 2249 1495 2278 deinum
1511 2252 1594 2278 ratas

127 2301 182 2331 has
208 2301 292 2342 leges
314 2303 460 2339 habeant,
485 2304 592 2346 eisque
617 2315 678 2335 una
712 2316 782 2336 curn
806 2306 887 2342 aliis,
922 2315 1000 2347 quas
1038 2305 1077 2336 ab
1098 2304 1190 2335 initio
1214 2303 1375 2344 legislator
1396 2302 1594 2343 conscripsit,

127 2360 275 2386 utantur:
301 2357 332 2387 in
366 2357 476 2399 quibus
500 2359 579 2390 nihil
601 2369 738 2400 unquam
768 2365 881 2402 sponte
905 2361 1083 2391 movebunt.
1117 2359 1143 2390 si
1167 2369 1229 2398 qua
1251 2368 1322 2388 vero
1344 2357 1514 2388 necessitas
1537 2356 1596 2386 ali-

129 2410 257 2450 quando
278 2421 388 2452 urgere
411 2413 579 2449 videbitur,
603 2413 643 2444 de
674 2415 732 2445 hoc
757 2424 820 2445 una
842 2415 1021 2445 consultent
1048 2414 1248 2455 magistratus
1269 2421 1378 2442 omnes
1401 2416 1433 2441 et
1458 2409 1595 2452 populus

129 2465 290 2496 universus
308 2477 314 2495 ε
339 2472 373 2496 et
389 2467 494 2497 omnia
516 2467 654 2498 Deorum
678 2474 825 2510 petantur
846 2468 982 2500 oracula.
1007 2468 1031 2499 si
1055 2469 1163 2498 horum
1186 2468 1323 2498 omniurn
1340 2476 1420 2496 unus
1436 2466 1494 2495 erit
1517 2475 1592 2494 con-

133 2529 254 2555 sensus,
279 2526 447 2551 moveant:
473 2522 563 2552 aliter
585 2532 658 2553 vero
688 2532 846 2564 nunquam
865 2535 873 2562 3
898 2523 952 2554 sed
985 2533 1077 2558 unus,
1100 2522 1153 2564 qui
1176 2521 1331 2562 prohibet,
1353 2519 1460 2550 vincat
1481 2529 1594 2550 secun·

128 2574 202 2604 dum
230 2575 342 2616 legem.
373 2576 624 2618 quandocunque
655 2577 748 2618 igitur
777 2577 892 2618 aliquis
918 2577 1058 2619 quinque
1085 2582 1118 2607 et
1144 2576 1256 2617 viginti
1284 2584 1382 2605 annos
1405 2574 1474 2616 jam
1490 2578 1595 2610 natus,

129 2627 209 2658 alios
223 2629 382 2670 aspiciens
407 2630 446 2660 ab
470 2631 605 2672 aliisque
628 2637 785 2672 aspectus,
809 2631 1008 2663 adinvenisse
1029 2631 1089 2662 sibi
1114 2631 1213 2662 credit
1227 2629 1469 2661 convenientem
1490 2628 1596 2658 animo

130 2691 185 2712 suo
195 2686 288 2724 atque
305 2683 472 2715 decentem
488 2684 668 2716 societatem
686 2684 726 2715 ad
742 2687 991 2717 communionem
1009 2685 1305 2727 generationemque
1321 2684 1498 2719 liberorum,
1515 2682 1597 2712 intra

130 2735 267 2777 quinque
296 2742 329 2768 et
348 2738 478 2780 triginta
503 2739 605 2770 aetatis
628 2749 726 2770 annos
745 2749 867 2770 uxorem
881 2741 986 2771 ducat.
1011 2751 1073 2782 quo
1086 2744 1192 2770 autem
1202 2744 1297 2780 pacto
1312 2739 1458 2769 decorum
1472 2736 1551 2767 illud
1563 2740 1597 2766 et

129 2794 236 2830 aptum
249 2794 448 2832 quaerendum
466 2793 517 2829 sit,
529 2794 563 2824 in
579 2793 687 2835 primis
702 2794 819 2824 audiat.
843 2800 966 2836 oportet
981 2794 1076 2830 enini,
1091 2799 1125 2825 ut
1139 2794 1182 2824 ait
1196 2793 1326 2829 Clinias,
1338 2797 1411 2822 ante
1426 2792 1511 2833 leges
1520 2800 1593 2831 pro·

128 2843 231 2884 prium
256 2845 385 2887 singuiis
408 2847 567 2879 exordium
584 2858 713 2889 ponere.
758 2849 834 2880 Cu.
859 2849 1044 2890 Opportune
1069 2848 1252 2884 meministi,
1265 2848 1391 2888 hospes,
1407 2851 1594 2885 tempusque

125 2898 324 2931 commodum
339 2901 473 2934 orationi
489 2903 612 2945 cepisti.
659 2902 798 2934 Arum.
822 2903 922 2935 Probe
939 2904 1086 2945 loqueris.
1109 2904 1249 2936 dicamus
1264 2902 1371 2944 itaque
1385 2900 1428 2931 sic
1445 2910 1450 2928 :
1479 2897 1508 2929 Ο
1539 2896 1595 2931 fili»
