1840 3225
156 226 228 278 61]
764 226 998 264 TIMAEUS.
1542 227 1620 265 259

153 329 266 362 dentes
289 335 322 362 et
346 332 519 374 perspicuae
545 331 676 363 maxime
699 330 814 361 sortitae
840 335 914 360 sunt
934 331 1073 361 nomina.
1097 331 1180 372 quod
1194 331 1275 362 euim
1289 331 1423 362 animam
1439 330 1527 361 simul
1544 340 1615 361 cum

153 393 284 426 corpore
292 386 447 423 calefacit,
459 386 565 417 vinum
581 386 694 416 dicitur
709 396 715 414 :
731 385 815 426 quod
829 394 899 415 vero
914 385 985 415 lene
999 391 1058 422 est,
1071 385 1283 426 discernitque
1297 386 1405 421 visum,
1418 385 1553 426 ideoque
1567 395 1614 415 as-

154 445 249 479 pectu
269 440 467 481 splendidum
479 445 573 482 atque
584 440 689 470 nitens
701 445 734 470 et
747 438 861 480 pingue
873 439 961 469 nobis
979 445 1120 480 apparet,
1141 445 1236 471 uncta
1250 439 1408 470 etolearia
1422 439 1541 480 species
1554 444 1612 474 est,

155 492 221 533 pix,
239 495 354 535 gummi
369 500 401 526 et
413 495 516 526 oleum
532 499 698 536 ceteraque
712 493 746 524 id
763 504 872 534 genuS.
895 499 928 524 at
947 494 1030 535 quod
1056 494 1114 524 oris
1126 500 1275 534 angustos
1288 499 1406 524 meatus
1418 493 1459 524 ad
1471 498 1615 534 penetra-

151 546 193 578 lia
204 558 303 589 usque
313 553 430 580 naturae
439 548 608 590 perfundit,
620 549 679 579 hac
691 548 720 577 vi
733 547 932 578 dulcedinem
945 546 1106 584 adhibens,
1118 548 1177 578 mel
1188 548 1394 578 communiter
1405 553 1615 589 nuncupatur.

152 601 290 644 denique
306 604 391 644 quod
407 613 530 634 carnem
545 603 686 634 dissolvit
699 602 821 643 uritque
836 607 868 632 et
880 612 1045 643 spumeum
1057 607 1116 638 est,
1129 613 1172 633 ex-
1181 602 1324 633 omnibus
1337 608 1490 632 secretum
1509 603 1614 643 liquo-

153 654 247 692 ribus,
263 667 374 687 succus
390 662 527 689 vocatur.
573 657 673 688 Terrae
696 667 770 687 vero
792 656 913 698 species
923 667 978 697 per
987 666 1096 697 aquarn
1112 667 1275 697 emergens
1290 657 1350 687 hoc
1367 656 1460 686 inodo
1476 656 1510 686 fit
1522 656 1614 698 lapis.

152 710 317 751 congelata
339 711 421 742 enim
444 722 536 753 aqua,
560 711 686 754 quando
704 713 735 742 in
760 711 984 743 commixtione
996 710 1114 747 deficit,
1127 711 1159 740 in
1171 711 1251 742 aeris
1263 711 1398 752 speciem
1409 711 1536 740 transit:
1562 711 1614 742 hic

148 762 204 794 ae'r
218 773 306 795 suurn
333 764 366 795 in
387 766 491 797 locum
517 767 656 797 recurrit.
676 776 807 797 vacuum
825 770 928 796 autem
956 765 1092 806 ipsorum
1107 765 1202 796 nihil:
1235 766 1409 806 proximum
1424 775 1496 804 ergo
1508 764 1614 796 aerem

147 817 261 858 pulsat.
274 818 332 850 iste
344 819 371 850 si
385 821 484 861 gravis
494 821 544 857 sit,
557 821 665 862 pulsus
676 820 942 862 circumfususque
953 825 1084 850 ten-enae
1095 819 1171 850 moli
1181 820 1382 850 veliementer
1392 818 1499 854 illidit,
1519 828 1615 860 seque

146 870 250 911 ipsum
275 873 308 903 in
329 883 382 904 eas
404 875 506 911 sedes,
529 874 615 905 unde
639 885 739 905 novus
763 873 947 905 ascenderat
968 873 1032 910 ae'r,
1046 874 1205 905 conducit.
1231 879 1310 904 terra
1326 874 1472 915 denique,
1485 873 1524 903 ab
1541 874 1614 905 a‘ere

143 923 404 958 indissolubiliter
427 939 498 959 curu
519 939 601 970 aqua
620 934 740 965 coacta,
765 929 890 970 lapides
914 934 1081 959 conci-eat:
1109 928 1300 969 pulchriores
1321 928 1447 969 quidem
1464 928 1545 963 illos,
1559 929 1615 969 qui

143 980 307 1022 perspicue
330 992 366 1012 ex
392 983 564 1023 aequalibus
578 984 744 1025 planisque
764 983 905 1024 partibus
917 983 1054 1014 emicant
1069 993 1077 1020 ;
1101 982 1301 1013 deformiores
1314 993 1400 1019 vero,
1425 982 1478 1024 qui
1495 987 1620 1015 contra.

143 1033 199 1065 ubi
225 1045 296 1065 vero
316 1036 399 1076 ignis
421 1037 564 1068 acumine
581 1038 689 1068 humor
711 1038 811 1068 omnis
827 1037 1002 1073 resolvitur,
1030 1047 1203 1078 corpusque
1217 1036 1271 1067 illo
1283 1037 1397 1067 aridius
1411 1036 1562 1072 redditur,
1577 1046 1616 1066 ea

141 1092 238 1119 restat
249 1090 379 1130 species,
392 1101 462 1131 quae
475 1091 574 1122 solida
590 1097 718 1121 vocatur
732 1092 895 1132 fusilisque
905 1092 1010 1122 tellus.
1035 1092 1226 1132 quandoque
1238 1091 1331 1121 etiam
1346 1092 1473 1122 humore
1490 1090 1615 1130 relicto,

139 1146 283 1184 terraque
308 1143 394 1175 fusili
415 1155 471 1186 per
495 1145 600 1186 ignem
629 1145 723 1181 facta,
739 1156 774 1176 ac
790 1145 906 1176 deinde
922 1144 1094 1175 accedente
1110 1144 1194 1185 gelu,
1210 1145 1299 1185 niger
1315 1144 1349 1174 sit
1369 1145 1460 1186 lapis.
1485 1145 1615 1186 quando

140 1206 213 1228 vero
228 1196 262 1227 id
275 1197 377 1239 ipsum
390 1199 531 1230 similiter
543 1210 579 1230 ex
590 1199 809 1230 commixtione
825 1200 924 1230 multo
940 1199 1077 1240 privatur
1092 1199 1229 1234 humore,
1246 1197 1302 1229 sed
1318 1199 1509 1230 tenuioribus
1527 1205 1613 1229 terrae

140 1251 280 1292 partibus
304 1258 438 1290 constat,
465 1254 643 1295 salsumque
659 1259 716 1290 est,
732 1259 764 1285 et
779 1254 989 1294 semiglaciale
1007 1253 1052 1289 fit,
1080 1263 1197 1294 perque
1214 1263 1326 1294 aquam
1342 1254 1482 1294 emergit,
1500 1254 1611 1294 partim

140 1304 269 1346 quidem
293 1306 354 1338 olei
376 1312 526 1349 terraeque
552 1307 764 1350 purgatorium
792 1318 890 1348 genus
920 1308 1033 1338 nitrum
1050 1306 1186 1346 dicitur3
1211 1307 1322 1348 partim
1338 1318 1410 1338 vero
1428 1308 1616 1348 quotidiano

138 1359 234 1390 victui
262 1362 545 1392 commodissimum
568 1362 719 1403 legitime,
748 1362 794 1393 sal
807 1362 878 1393 Deo
896 1362 1028 1392 amicum
1045 1371 1170 1402 corpus,
1215 1362 1261 1391 At
1281 1361 1364 1392 enirn
1381 1362 1560 1392 communia
1576 1371 1615 1391 ex

142 1413 292 1456 utrisque,
304 1424 386 1457 aqua
399 1415 525 1457 quidem
533 1427 597 1447 non
612 1416 769 1453 solubilia,
784 1416 851 1458 igni
861 1427 933 1448 vero
949 1421 1075 1458 propter
1086 1416 1147 1446 tale
1157 1415 1278 1457 aliquid
1293 1416 1333 1446 ita
1343 1415 1614 1457 conglutinantur.

138 1466 224 1509 ipsas
237 1473 326 1500 terrae
339 1471 438 1501 moles
448 1471 529 1513 ignis
538 1477 571 1502 et
584 1471 638 1503 ae'r
650 1481 715 1502 non
729 1471 901 1512 liquefacit.
914 1481 986 1502 cum
994 1471 1076 1501 enini
1091 1469 1153 1501 duo
1161 1470 1229 1501 haec
1243 1470 1425 1501 tenuissima
1440 1470 1502 1500 sint
1516 1474 1549 1500 et
1561 1480 1617 1501 va-

144 1522 413 1555 cuitatibusterrae
425 1525 606 1562 minutiora,
620 1526 665 1556 ita
680 1536 735 1567 per
750 1526 970 1567 capacissimos
985 1525 1054 1567 ejus
1071 1531 1190 1556 meatus
1203 1524 1271 1556 sine
1286 1525 1351 1556 ulla
1370 1524 1521 1555 violentia
1539 1535 1614 1567 per-

140 1582 279 1614 manant,
290 1584 324 1609 ut
337 1589 438 1621 neque
447 1590 515 1610 eam
526 1579 701 1611 dissolvant
713 1591 816 1622 neque
831 1580 1047 1622 liquefaciant.
1064 1590 1153 1621 aquae
1170 1590 1242 1610 vero
1255 1585 1370 1621 partes,
1387 1580 1459 1621 quia
1474 1579 1610 1620 majores

139 1636 223 1667 sunt,
232 1631 372 1664 violento
386 1634 470 1665 fluxu
481 1634 700 1676 liquefaciunt.
718 1635 792 1677 [61]
804 1640 916 1666 terram
931 1635 1037 1676 itaque
1050 1634 1131 1665 male
1140 1639 1335 1676 compactam
1347 1635 1391 1665 sic
1407 1635 1472 1666 sola
1483 1644 1563 1675 aqua
1580 1634 1613 1664 vi

140 1684 245 1722 solvit,
269 1692 463 1728 compactam
488 1699 561 1720 vero
583 1690 745 1720 dumtaxat
766 1689 867 1730 ignis:
890 1689 970 1719 nihil
995 1689 1078 1719 enim
1103 1693 1216 1730 praeter
1235 1688 1340 1729 ignem
1358 1689 1439 1719 hanc
1455 1694 1612 1730 penetrat.

141 1749 232 1781 aquae
245 1751 346 1772 rursus
361 1743 605 1779 concretionem,
631 1743 886 1775 violentissimam
902 1743 1029 1785 quidem
1045 1743 1131 1774 solus
1141 1743 1236 1784 ignis,
1251 1742 1433 1773 debiliorem
1447 1753 1518 1774 vero
1530 1747 1614 1773 utra-

142 1803 216 1835 que,
232 1801 265 1826 et
282 1795 362 1837 ignis
382 1802 414 1827 et
432 1798 497 1833 εὖτ,
513 1798 713 1829 diffundunt:
735 1798 801 1834 aer,
814 1798 954 1840 inquam,
967 1807 1022 1839 per
1036 1797 1237 1839 vacua,ignis
1248 1797 1342 1828 etiarn
1356 1808 1412 1839 per
1429 1797 1614 1838 triangulos·

140 1848 245 1880 a'e'rem
259 1860 331 1881 vero
344 1851 374 1881 vi
390 1852 589 1883 constrictum
606 1853 686 1883 nibil
700 1852 761 1883 nisi
773 1862 830 1894 per
844 1853 1034 1883 elementum
1048 1852 1141 1883 solvit
1155 1863 1162 1881 2
1179 1852 1248 1882 sine
1263 1852 1292 1881 vi
1305 1852 1514 1883 cohaerentem
1530 1851 1615 1882 solus

137 1903 268 1935 resolvit
278 1905 372 1946 ignis.
395 1917 525 1948 corpora
540 1917 576 1937 ex
593 1917 676 1948 aqua
689 1911 831 1948 terraque
842 1907 888 1937 ita
902 1906 1087 1948 composita,
1103 1912 1138 1936 ut
1153 1916 1235 1947 aqua
1247 1911 1334 1936 terrae
1343 1905 1452 1936 inania
1462 1906 1492 1936 vi
1506 1915 1615 1936 coarc-

141 1962 206 1988 tata
221 1958 371 1996 obstruat,
387 1960 432 1991 sic
442 1971 568 2002 prorsus
581 1971 615 1991 se
632 1961 760 1997 liabent,
775 1966 809 1991 ut
822 1971 902 2002 aqua
916 1960 1050 1991 exterior
1063 1961 1193 1991 influere
1208 1970 1264 2001 per
1282 1971 1320 1990 ea
1344 1970 1408 1990 non
1432 1960 1542 2001 possit,
1563 1959 1614 1990 id-

143 2021 244 2053 eoque
256 2013 385 2045 minime
396 2014 599 2056 liquefaciat:
629 2016 684 2045 sed
705 2015 799 2056 ignis,
820 2025 908 2056 aquae
932 2020 1054 2045 meatus
1077 2021 1258 2057 penetrans,
1289 2016 1553 2056 quemadmodum
1580 2019 1612 2044 et

142 2075 225 2107 aqua
243 2072 329 2098 terrae
339 2068 457 2105 inania,
470 2074 564 2110 atque
582 2070 628 2100 ita
642 2079 755 2111 aquam
771 2069 922 2104 afficiens,
937 2073 973 2099 ut
983 2069 1062 2110 ignis
1077 2069 1194 2105 ae'reni,
1205 2069 1365 2100 communi
1377 2069 1499 2110 corpori
1510 2069 1611 2110 lique—

141 2120 289 2152 factionis
300 2132 425 2153 causam
437 2124 585 2165 praebeat.
597 2125 664 2155 haec
679 2134 753 2154 vero
764 2124 876 2164 partini
890 2133 978 2165 aquae
992 2124 1095 2154 minus
1108 2123 1226 2154 habent
1237 2134 1329 2164 quam
1344 2130 1444 2159 terrae,
1461 2122 1613 2165 quemad-

142 2175 272 2207 modum
290 2177 362 2208 vitri
385 2188 495 2218 genus,
510 2183 543 2208 et
561 2178 681 2219 lapides
694 2178 753 2214 ilii,
769 2177 823 2219 qui
838 2178 947 2209 fusiles
959 2178 1155 2219 apellantur:
1173 2178 1285 2219 partini
1297 2169 1410 2209 'contra
1425 2178 1497 2219 plus
1512 2188 1613 2219 aquae,

141 2229 247 2270 qualia
267 2235 340 2261 sunt
354 2231 470 2268 omnia,
495 2243 564 2273 quae
579 2233 795 2274 conglutinata
810 2238 884 2262 sunt
905 2242 1059 2273 ceresque
1083 2231 1269 2263 evaduntet
1294 2243 1426 2273 vapores
1452 2232 1614 2262 emittunt.

144 2282 312 2315 Hactenus
335 2294 390 2315 eas
413 2286 547 2327 speciest,
575 2297 645 2328 quae
670 2287 789 2328 figuris,
804 2287 1078 2318 communionibus
1094 2287 1450 2328 commutationibusque
1473 2287 1612 2317 invicem

143 2337 309 2375 variantur,
321 2340 485 2381 paenejarn
497 2341 798 2371 demonstravimus:
823 2351 900 2382 quas
913 2351 986 2371 vcro
1001 2341 1039 2370 ob
1055 2351 1164 2371 causas
1180 2341 1343 2381 passiones
1359 2351 1463 2371 carum
1478 2350 1610 2371 nascan-

143 2395 203 2428 tur,
220 2392 372 2434 deinceps
383 2393 596 2426 demonstrare
608 2395 798 2426 conabimur.
822 2395 977 2436 principio
994 2405 1118 2425 sensum
1132 2395 1192 2430 his,
1204 2405 1274 2436 quae
1292 2394 1376 2426 dicta
1391 2400 1476 2432 sunt,
1500 2394 1612 2425 adesse

145 2454 268 2487 semper
282 2452 416 2488 oportet.
437 2448 539 2478 carnis
554 2459 626 2480 vero
640 2455 674 2479 et
687 2459 803 2485 eorum,
831 2459 901 2490 quae
918 2448 959 2479 ad
973 2459 1098 2479 carnem
1121 2450 1266 2484 attinent,
1283 2449 1529 2490 generationem,
1546 2450 1613 2479 ani-

145 2509 203 2530 mae
219 2511 344 2542 quoque
367 2506 517 2542 quantum
534 2503 662 2533 mortale
683 2507 742 2539 est,
757 2502 896 2534 nondum
914 2502 1152 2534 declaravimus.
1176 2508 1250 2532 sunt
1264 2503 1347 2533 enim
1366 2504 1432 2534 haec
1446 2513 1464 2533 a
1491 2504 1611 2544 passio-

143 2554 246 2591 nibus,
260 2565 456 2597 quaecunque
469 2565 542 2586 cum
554 2565 645 2587 sensu
661 2562 742 2593 sunt,
756 2557 882 2588 minime
897 2561 1052 2598 separata,
1067 2562 1099 2588 et
1111 2557 1173 2587 illae
1186 2556 1254 2587 sine
1268 2557 1316 2587 liis
1330 2557 1444 2598 exponi
1457 2558 1613 2589 sufficieu-

143 2613 191 2639 ter
210 2619 274 2640 non
285 2614 418 2652 possunt
431 2622 440 2649 3
454 2610 544 2640 simul
557 2620 629 2641 vero
639 2611 758 2652 expleri
777 2611 873 2643 ferme
888 2616 1059 2652 nequeunt.
1072 2611 1173 2652 primo
1186 2611 1280 2651 igitur
1295 2611 1356 2642 alia
1367 2611 1515 2652 ponenda
1527 2618 1613 2647 sunt,

146 2662 275 2706 deinde,
283 2674 352 2705 quae
363 2669 545 2705 sequuntur,
560 2664 769 2706 expedienda.
783 2671 817 2696 ut
829 2676 902 2707 ergo
919 2665 1070 2706 deinceps
1082 2665 1115 2695 in
1124 2664 1314 2706 disputando
1323 2675 1439 2706 genera
1451 2666 1614 2707 passiones

146 2715 222 2757 ipsae
246 2723 426 2760 sequantur,
453 2719 555 2760 prima
569 2719 659 2750 nobis
671 2725 805 2757 exstent,
820 2731 890 2762 quae
906 2720 948 2751 ad
960 2729 1072 2760 corpus
1083 2725 1117 2750 et
1132 2719 1269 2750 animam
1281 2719 1452 2760 pertinent.
1499 2719 1537 2750 In
1551 2719 1613 2760 pri-

145 2770 215 2807 mis,
237 2782 300 2814 qua
321 2773 442 2804 ratione
466 2773 549 2815 ignis
571 2773 693 2804 calidus
717 2774 840 2811 dicitur,
865 2774 1047 2806 videamus:
1073 2773 1157 2815 quod
1182 2773 1226 2804 ita
1238 2773 1364 2806 demum
1377 2774 1612 2815 perspiciemuS.

147 2825 174 2855 si
187 2825 408 2858 discretionem
421 2827 680 2870 divisionemque,
706 2828 745 2859 ab
757 2840 796 2861 eo
810 2829 842 2860 in
857 2837 963 2861 nostro
977 2839 1105 2870 corpore
1122 2828 1248 2865 factam,
1263 2828 1505 2860 consideremus.
1529 2826 1613 2867 quod

148 2878 233 2911 enim
247 2889 379 2913 acumen
399 2882 558 2924 quoddam
582 2893 620 2914 ea
643 2883 746 2925 passio
760 2889 818 2920 est,
833 2885 930 2915 ferme
947 2889 997 2915 est
1010 2883 1154 2914 omnibus
1169 2883 1369 2914 manifestum
1385 2893 1390 2911 τ
1428 2882 1614 2912 tenuitatem

150 2941 222 2964 vero
241 2935 424 2976 angulorum
443 2937 637 2980 laterumque
654 2937 870 2975 subtilitatem,
891 2939 1078 2980 parvitatem
1097 2937 1327 2979 particularum,
1340 2942 1442 2967 motus
1466 2935 1614 2965 velocita-
