1840 3225
245 218 295 256 80
864 218 1132 258 PLATONIS
1612 219 1710 271 [303

247 332 326 358 esse,
343 326 374 352 et
394 326 426 351 tu
441 319 633 358 concessisti,
649 325 680 351 et
697 331 755 361 ego
771 321 830 352 hac
857 321 898 352 de
914 332 1018 361 causa,
1033 332 1088 363 per
1103 321 1186 352 illam
1203 320 1300 362 ipsam
1323 320 1499 358 essentiam,
1515 330 1585 362 quae
1607 320 1714 351 ambas

247 376 398 417 sequitur,
422 375 526 405 ambas
553 385 621 406 esse
651 375 806 416 pulchras,
833 375 858 405 si
891 376 983 406 modo
1016 376 1153 417 pulchrae
1182 381 1267 412 sunt,
1293 375 1428 414 censui3
1451 385 1506 416 per
1533 385 1603 406 eam
1625 383 1711 411 vero,

250 439 320 469 quae
335 428 461 459 alteram
478 428 603 468 deserit,
619 429 758 460 minime.
782 434 815 460 et
830 440 913 460 nunc
937 440 1063 471 quoque
1091 430 1174 460 idem
1199 429 1354 460 existimo.
1399 429 1515 460 Verum
1541 427 1618 459 mihi
1642 432 1711 459 tan-

250 493 344 523 quam
359 493 378 513 a
393 482 548 524 principio
563 483 661 519 dicas,
678 482 704 513 si
720 482 909 525 voluptates,
925 494 996 525 quae
1022 494 1076 524 per
1102 484 1199 514 visum
1225 488 1258 514 et
1279 493 1350 524 quae
1379 492 1434 525 per
1456 482 1598 513 auditum
1622 481 1715 522 finnt,

250 538 348 566 ambae
364 542 396 566 et
410 535 540 577 singulae
557 537 694 577 pulchrae
709 542 794 576 sunt,
810 537 894 578 quod
911 537 995 577 ipsas
1012 536 1156 577 pulchras
1171 536 1277 574 efficit,
1293 546 1398 567 nonne
1412 536 1518 567 ambas
1532 540 1565 566 et
1575 533 1716 576 singulas

249 589 412 630 sequitur?
457 589 539 620 Hm.
562 589 699 622 Prorsus.
745 590 801 620 So.
824 590 875 620 An
891 601 927 621 ex
944 601 994 626 eo,
1011 591 1096 631 quod
1113 590 1245 631 singulae
1259 595 1354 632 atque
1378 590 1478 621 ambae
1504 594 1579 620 sunt
1602 588 1715 629 volup-

251 648 340 679 tates,
358 643 494 684 pulchrae
509 649 581 674 sunt
595 644 606 674 ?
631 643 678 674 vel
695 644 752 674 hac
768 644 886 675 ratione
902 645 970 674 aliae
987 655 1113 686 quoque
1136 644 1313 686 voluptates
1334 654 1398 674 non
1424 643 1526 674 minus
1552 640 1714 684 pulchrae?

251 696 328 726 nihil
359 696 441 726 enim
473 696 572 726 minus
601 697 778 738 voluptates
809 697 877 728 illas
906 708 973 728 esse
1004 697 1156 730 constitit.
1189 696 1415 728 meministin’?
1460 688 1546 729 ΗΠ».-
1566 694 1715 727 Memini.

251 750 307 780 So.
332 750 393 780 Sed
410 750 485 791 quia
500 761 554 791 per
569 750 668 780 visum
690 756 722 781 et
748 751 888 781 auditum
916 751 1006 787 fiunt,
1023 751 1136 782 iccirco
1160 752 1304 792 pulchras
1329 762 1395 782 esse
1421 750 1490 782 illas
1515 755 1563 781 est
1584 749 1717 780 dictum.

250 803 344 840 Vide,
369 814 442 834 num
470 815 542 834 vera
570 804 689 845 loquar.
721 803 764 835 sic
793 805 889 841 enim,
921 809 955 834 ut
984 805 1124 841 memini,
1155 805 1301 841 diximus,
1330 805 1492 846 pulchrum
1522 813 1601 841 esse,
1629 801 1715 844 quod

245 857 435 898 jucundum,
464 868 529 888 non
555 858 683 898 quidem
715 868 768 899 per
797 867 906 889 sensus
935 858 1104 899 quoslibet,
1133 859 1188 889 sed
1217 859 1302 900 quod
1333 869 1389 900 per
1427 859 1526 889 visum
1564 858 1718 888 duntaxat

249 917 344 953 atque
360 912 514 943 auditum.
561 912 642 943 ΗΠ».
665 911 715 942 Sic
737 922 870 953 prorsus,
914 911 968 943 So.
991 911 1109 943 Nonne
1135 913 1239 954 passio
1263 913 1331 944 haec
1355 913 1461 943 ambas
1486 911 1636 953 sequitur,
1652 910 1716 941 sin-

251 967 339 1007 gulas
369 965 518 997 minime?
563 976 627 996 non
653 965 736 996 enim
765 965 896 1006 singulae
925 965 1058 1002 illarum,
1086 966 1351 1008 quemadmodum
1377 976 1471 1008 supra
1493 965 1637 1002 diximus,
1662 974 1719 1006 per

252 1021 358 1051 ambas
372 1025 467 1051 sunt:
492 1020 546 1051 sed
563 1019 661 1050 ambae
676 1019 804 1060 quidem
830 1029 886 1060 per
913 1019 1031 1057 ambas,
1047 1019 1179 1061 singulae
1207 1020 1345 1052 minime.
1367 1025 1415 1051 est
1429 1020 1496 1050 ita?
1542 1018 1626 1050 Hir.
1647 1018 1719 1049 Est·

252 1075 309 1105 So.
333 1073 409 1104 Non
425 1084 497 1114 ergo
513 1074 573 1104 hoc
589 1072 719 1114 singulae
735 1072 874 1113 pulchrae
889 1078 974 1109 sunt,
991 1074 1077 1115 quod
1098 1084 1162 1104 non
1186 1074 1324 1116 singulas
1348 1074 1496 1116 sequitur.
1519 1073 1606 1115 quod
1630 1071 1715 1104 enim

251 1128 343 1157 ambo
359 1127 485 1163 dicitur,
502 1137 564 1157 non
581 1126 718 1168 sequitur
733 1125 869 1167 singula.
915 1127 1124 1164 Quamobrem
1141 1128 1234 1159 ambo
1250 1128 1303 1159 illa
1318 1138 1428 1160 vocare
1449 1127 1576 1169 pulchra
1601 1136 1716 1158 secun-

251 1182 324 1211 dum
342 1181 590 1222 suppositionem
606 1181 678 1211 licet
692 1192 699 1211 z
722 1180 845 1222 singula
861 1191 932 1212 vero
948 1192 1158 1223 nequaquam.
1182 1193 1221 1213 an
1238 1182 1328 1214 aliter
1343 1181 1499 1214 dicimus?
1522 1191 1628 1212 nonne
1654 1181 1717 1212 hoc

254 1235 458 1266 necessarium
476 1235 546 1266 est?
574 1234 671 1276 [303]
697 1234 781 1265 Hn’.
804 1234 948 1265 Videtur.
994 1236 1049 1267 So.
1074 1235 1308 1276 Dicendumne,
1325 1237 1416 1267 ambo
1432 1235 1559 1277 quidem
1588 1235 1717 1277 pulchra

255 1300 334 1330 esse,
348 1289 471 1330 singula
486 1299 558 1320 vero
575 1299 772 1330 nequaquam
787 1289 798 1319 ?
843 1288 926 1320 ΗΠ».
950 1289 1036 1327 Quid
1054 1290 1221 1331 prohibet?
1266 1291 1320 1323 So.
1344 1290 1416 1321 Hoc
1433 1290 1519 1325 mihi,
1534 1288 1645 1325 amice,
1660 1288 1717 1319 ob-

251 1348 331 1373 stare
348 1342 480 1382 videtur,
496 1343 580 1384 quod
597 1343 741 1384 quaedam
757 1342 800 1374 sic
817 1344 926 1374 adesse
941 1343 1014 1374 aliis*
1031 1343 1176 1385 judicata
1201 1350 1284 1387 sunt,
1301 1351 1346 1381 ut,
1362 1344 1388 1375 si
1413 1343 1564 1375 ambobus
1587 1343 1716 1378 adsunt,

249 1396 354 1426 adsint
369 1401 401 1427 et
415 1396 565 1437 singulis:
591 1402 623 1428 et
638 1401 756 1433 contra,
781 1397 806 1427 si
832 1397 974 1439 singulis,
990 1403 1023 1429 et
1047 1399 1211 1431 ambobus.
1256 1398 1346 1429 Talia
1371 1409 1443 1430 vero
1470 1402 1568 1434 erant,
1583 1407 1654 1438 quae
1682 1401 1716 1427 tu

250 1449 401 1481 narrasti?
446 1450 529 1482 Hm.
553 1450 649 1482 Erant
663 1456 759 1482 certe.
803 1451 859 1484 So.
883 1452 964 1489 Quae
980 1457 1084 1483 autem
1100 1463 1158 1494 ego
1176 1452 1280 1490 retuli,
1297 1452 1443 1484 minime:
1468 1463 1486 1483 e
1501 1461 1631 1493 quorum
1657 1460 1716 1481 nu-

250 1514 334 1534 mero
349 1509 425 1541 erat,
441 1505 526 1546 quod
543 1506 634 1535 ambo
650 1505 764 1536 dicitur
779 1511 810 1536 et
825 1507 910 1547 quod
925 1506 1059 1548 singula.
1082 1513 1170 1538 estne
1192 1507 1260 1538 ita?
1306 1507 1388 1539 Hu’.
1412 1506 1478 1540 Est.
1522 1505 1579 1537 So.
1602 1504 1716 1536 Utrum

252 1558 309 1589 tibi
326 1559 458 1596 videtur,
473 1570 491 1591 o
509 1559 642 1601 Hippia,
658 1571 695 1591 ex
710 1560 769 1595 his,
790 1571 860 1602 quae
874 1561 942 1603 ipse
967 1562 1149 1603 exposuisti,
1164 1562 1329 1604 pulchrum
1356 1561 1445 1592 esse?
1468 1565 1515 1596 ut,
1530 1560 1555 1590 si
1581 1569 1640 1600 ego
1664 1568 1714 1589 ro-

251 1613 360 1643 bustus
376 1618 408 1644 et
423 1618 470 1654 tu,
483 1614 574 1644 ambo
591 1614 722 1647 robusti.
744 1614 817 1644 item
836 1614 861 1645 si
876 1625 935 1656 ego
947 1614 1052 1656 justus
1068 1621 1100 1647 et
1117 1621 1162 1652 tu,
1177 1615 1268 1646 ambo
1285 1627 1292 1646 :
1318 1621 1351 1647 et
1375 1620 1495 1651 contra,
1510 1613 1537 1645 si
1563 1613 1667 1648 ambo,
1683 1616 1717 1643 et

251 1665 378 1706 singuli.
425 1666 486 1698 Vel
503 1667 579 1697 nihil
596 1668 742 1708 prohibet
755 1667 799 1698 ita
815 1668 1009 1710 contingere,
1024 1674 1057 1699 ut
1072 1670 1103 1699 in
1120 1669 1195 1710 ipsis
1211 1669 1336 1710 paribus
1351 1674 1384 1700 et
1399 1668 1567 1710 imparibus
1579 1666 1717 1698 accidit:

252 1720 304 1750 ubi
321 1721 413 1751 ambo
428 1720 598 1763 aliquando
615 1722 700 1763 paria
715 1727 800 1762 sunt,
814 1722 944 1763 imparia
959 1722 1096 1764 singula,
1110 1728 1142 1754 et
1158 1723 1328 1765 aliquando
1346 1723 1434 1764 paria
1449 1734 1457 1752 :
1481 1731 1540 1753 nec
1564 1730 1630 1752 non
1652 1719 1718 1750 sin·

252 1775 325 1815 gula
339 1774 496 1805 interdum
513 1775 587 1806 talia
601 1781 684 1812 sunt,
701 1781 737 1806 ut
752 1776 883 1817 exprimi
899 1781 1070 1818 nequeant,
1087 1777 1178 1807 ambo
1189 1782 1318 1817 queant,
1328 1783 1360 1808 et
1374 1777 1528 1807 interdum
1541 1774 1719 1817 nequeant?

250 1828 374 1870 aliaque
389 1828 482 1870 hujus
499 1829 620 1870 generis
637 1829 780 1871 plurima,
797 1840 868 1871 quae
885 1831 958 1860 mihi
987 1840 1145 1862 occurrere
1169 1830 1318 1862 dixeram.
1363 1831 1504 1868 Quorum
1532 1829 1564 1860 in
1587 1838 1719 1859 numero

252 1883 414 1923 pulchrum
429 1883 544 1924 ponis?
568 1894 642 1914 num
658 1884 701 1914 ita
718 1884 775 1914 tibi
791 1884 830 1914 de
849 1885 920 1921 hoc,
935 1889 970 1914 ut
985 1884 1073 1921 mihi,
1090 1885 1239 1926 apparet?
1263 1884 1354 1916 nimis
1369 1885 1452 1916 enim
1468 1884 1634 1915 absurdum
1649 1892 1718 1913 esse

253 1936 327 1966 mihi
342 1936 477 1973 videtur,
492 1942 526 1967 ut
541 1938 633 1968 ambo
650 1937 771 1978 pulchri
787 1938 894 1975 simus,
911 1948 974 1968 non
997 1938 1130 1980 singuli:
1156 1938 1203 1970 vel
1228 1944 1335 1970 contra
1363 1938 1477 1979 singuli
1504 1936 1636 1979 pulchri,
1653 1946 1718 1968 non

252 1990 356 2030 ambo,
373 1994 426 2021 aut
442 1990 525 2021 aliud
542 1990 706 2031 quodlibet
723 1991 842 2024 talium.
887 1991 979 2022 Itane
995 1992 1063 2034 ipse
1078 1993 1179 2034 eligis,
1196 1998 1229 2023 ut
1244 2004 1303 2034 ego
1317 1993 1328 2023 ?
1352 2003 1391 2023 an
1407 1992 1462 2023 illo
1477 1991 1582 2033 potius
1596 1991 1689 2021 modo
1704 1990 1716 2021 ?

253 2043 334 2073 1119.
357 2042 410 2074 Sic
426 2043 584 2085 equidem.
629 2044 686 2076 So.
710 2043 811 2076 Recte
827 2045 906 2086 agis,
922 2045 1058 2087 Hippia,
1076 2052 1109 2076 ut
1128 2057 1146 2077 a
1173 2047 1267 2088 longa
1293 2047 1493 2088 inquisitione
1519 2055 1578 2076 nos
1606 2045 1717 2076 libere·

253 2107 331 2129 muS.
377 2097 408 2127 Si
425 2097 508 2128 enim
525 2108 561 2128 ex
578 2096 625 2128 his
640 2103 688 2128 est
705 2098 880 2139 pulchrum,
897 2100 980 2130 haud
997 2100 1142 2142 amplius,
1160 2101 1245 2142 quod
1262 2111 1318 2142 per
1332 2101 1430 2131 visum
1447 2105 1478 2131 et
1493 2099 1635 2130 auditum
1660 2098 1716 2129 de-

254 2152 359 2192 lcetat,
383 2151 546 2192 pulchrum
575 2152 644 2182 erit.
667 2152 760 2182 ambo
787 2163 921 2194 namque
951 2154 1082 2195 pulchra
1106 2154 1193 2195 facit,
1212 2154 1336 2196 singula
1366 2154 1503 2185 minime.
1527 2153 1588 2185 hoc
1613 2158 1717 2183 autem

253 2205 458 2247 impossibile,
489 2211 523 2236 ut
552 2206 633 2236 inter
670 2217 726 2237 nos
763 2207 924 2240 convenit.
970 2208 1053 2240 Hm.
1092 2208 1251 2240 Convenit
1287 2213 1382 2239 certe.
1426 2208 1482 2238 So.
1518 2205 1718 2248 Impossibile

253 2259 358 2300 igitur,
379 2259 464 2300 quod
491 2259 589 2290 visum
616 2266 647 2290 et
675 2262 816 2292 auditum
841 2261 1031 2302 jucundum,
1057 2262 1220 2304 pulchrum
1245 2273 1322 2293 esse.
1346 2272 1416 2292 nam
1445 2261 1469 2292 si
1495 2260 1527 2290 id
1555 2259 1718 2302 pulchrum

254 2318 346 2350 esset,
373 2313 564 2355 impossibile
594 2313 710 2355 aliquid
739 2321 928 2357 sequeretur.
976 2316 1057 2349 Hn’.
1082 2316 1164 2347 Vera
1192 2317 1259 2347 haec
1285 2321 1368 2347 sunt.
1413 2315 1470 2345 So.
1493 2313 1554 2344 Hic
1587 2318 1718 2344 conten-

255 2367 351 2398 tiosus
367 2366 419 2398 ille
434 2366 540 2398 dicet:
566 2367 723 2408 Exponite
748 2368 859 2399 iterum
887 2380 905 2400 a
931 2370 1100 2411 principio,
1117 2375 1282 2411 postquam
1312 2368 1394 2399 istud
1424 2378 1477 2398 vos
1502 2366 1624 2403 fefellit,
1641 2365 1717 2407 quid

256 2431 323 2451 csse
351 2421 511 2462 pulchrum
539 2422 598 2453 hoc
623 2422 739 2459 dicitis,
757 2423 840 2464 quod
870 2425 1019 2454 ambabus
1046 2424 1258 2465 xoluptatihus
1284 2423 1376 2459 inest,
1393 2428 1519 2463 propter
1543 2421 1628 2462 quod
1642 2420 1720 2451 istas

259 2485 320 2514 prm
336 2475 445 2506 ceteris
467 2476 654 2507 honorantes
684 2476 826 2517 pulchras
855 2478 997 2508 vocatis?
1044 2477 1262 2508 Necessarium
1290 2476 1364 2507 mihi
1390 2476 1521 2512 videtur,
1538 2485 1556 2504 ο
1584 2473 1720 2516 Hippia,

256 2534 289 2557 ut
305 2530 558 2569 respondeamus,
575 2531 658 2571 quod
677 2530 811 2561 innoxiae
828 2538 900 2561 sunt
918 2542 979 2572 prm
1002 2532 1111 2562 ceteris
1140 2531 1364 2572 voluptatibus,
1380 2535 1474 2570 atque
1498 2528 1638 2570 optimae,
1656 2534 1718 2559 tam

256 2582 355 2612 ambae
370 2592 462 2623 quam
479 2583 621 2625 singulae.
667 2584 719 2615 An
738 2590 769 2615 tu
796 2585 914 2627 aliquid
942 2586 1025 2615 aliud
1054 2587 1160 2622 habes,
1176 2595 1239 2627 quo
1264 2585 1303 2615 ab
1328 2583 1396 2614 aliis
1421 2581 1590 2613 differant?
1636 2581 1719 2614 Hu‘.

258 2635 356 2667 Nihil.
380 2647 483 2666 revera
498 2638 579 2667 enim
597 2639 724 2679 optimae
739 2645 822 2670 sunt.
870 2640 924 2670 So.
950 2639 1029 2669 Tum
1047 2640 1097 2670 ille
1114 2651 1120 2669 :
1147 2638 1217 2670 Hoc
1234 2637 1328 2679 igitur
1341 2637 1504 2678 pulchrum
1521 2645 1587 2666 esse
1603 2635 1720 2672 dicitis,

256 2689 485 2720 conducibilem
503 2691 693 2732 voluptatem
709 2693 719 2722 ?
767 2692 877 2723 videri
893 2691 1053 2733 equidem,
1070 2692 1277 2734 respondebo.
1301 2696 1334 2721 tu
1350 2689 1443 2721 vero?
1489 2688 1570 2719 Hir.
1593 2687 1635 2719 Et
1648 2699 1721 2730 ego.

258 2743 316 2774 So.
338 2742 396 2773 Ille
412 2754 483 2774 vero
500 2745 539 2774 ad
556 2745 642 2776 haec:
670 2746 785 2777 Nonne
802 2746 1001 2778 conducibile
1030 2752 1088 2783 est,
1106 2747 1189 2787 quod
1217 2746 1332 2776 bonum
1359 2742 1478 2774 efficit?
1501 2741 1638 2773 efficiens
1663 2752 1720 2773 au·

258 2801 319 2827 tem
337 2801 368 2827 et
383 2796 528 2828 effectum
546 2798 630 2829 aliud
659 2810 724 2830 csse
748 2800 898 2831 constitit.
922 2800 1005 2830 unde
1029 2800 1139 2830 codem
1166 2799 1341 2830 relabimur.
1366 2806 1467 2838 neque
1494 2796 1576 2826 enim
1604 2797 1719 2826 bonum

259 2850 420 2891 pulchrum
437 2857 529 2888 essct,
546 2862 647 2893 neque
666 2853 826 2893 pulchrum
844 2855 972 2891 bonum,
991 2853 1087 2896 [304]
1106 2854 1129 2884 >i
1147 2854 1273 2895 quidem
1288 2851 1373 2883 aliud
1388 2849 1633 2892 unumquodque
1650 2849 1722 2880 illo-

262 2915 326 2936 rum
343 2910 433 2937 essct.
458 2905 506 2936 lta
523 2898 662 2938 essenos
680 2906 735 2945 illi,
754 2908 779 2938 si
796 2910 963 2950 samiernus,
981 2908 1063 2941 illico
1082 2908 1348 2950 respondebimus.
1366 2905 1451 2936 nesus
1467 2903 1550 2935 enim
1567 2909 1624 2941 cst,
1641 2908 1723 2934 recte
