1840 3225
179 233 258 270 394
771 229 1038 268 PLATONIS
1549 234 1648 284 [854

178 336 247 367 nati
262 335 418 374 dicuntur,
436 336 522 377 leges
536 334 689 370 ferebant,
705 333 760 364 sed
776 334 919 366 homines
934 334 1111 366 hominibus
1126 334 1185 365 ista
1200 334 1356 366 sancimus
1371 346 1378 365 :
1404 334 1503 365 vereri
1518 344 1574 376 par
1588 340 1649 372 est,

178 400 219 422 ne
248 390 317 432 quis
341 390 453 421 civium
484 390 528 420 ita
555 394 668 420 natura
695 387 864 420 indomitus
884 394 915 420 et
943 389 1036 420 incox
1052 389 1144 420 nobis
1168 389 1323 430 gignatur,
1339 394 1374 419 ut
1388 388 1478 430 quasi
1493 388 1652 430 legumina

179 444 319 475 fulminis
344 448 431 475 tactu
456 443 608 486 praedura,
631 443 698 484 igni
714 443 816 484 legum
840 443 934 474 etiam
949 443 1184 474 fortissimarum
1202 443 1337 485 decoqui
1351 447 1499 484 nequeat.
1520 453 1651 484 quamo-

180 499 269 529 brem
290 498 318 530 si
345 498 416 541 quis
439 499 518 530 forte
535 498 733 539 sacrilegium
749 498 942 529 committere
959 498 1084 534 audeat,
1100 499 1203 539 legem
1219 498 1259 528 de
1276 499 1334 529 boc
1346 498 1494 533 feremus,
1510 496 1655 538 quamvis

184 563 350 585 onerosam
364 553 455 585 nobis
470 559 564 595 atque
588 553 762 584 molestam.
785 553 943 584 enimvero
960 552 1126 584 educatum
1141 559 1227 584 recte
1242 552 1345 583 civem
1359 562 1418 583 nec
1433 551 1577 582 volumus
1592 561 1652 582 nec

182 608 275 639 valde
290 607 434 638 timemus
450 613 513 638 tam
529 607 612 649 gravi
631 607 737 638 morbo
751 607 982 638 laboraturum:
1007 608 1062 638 sed
1075 607 1155 638 servi
1171 607 1300 638 istorum
1315 607 1419 637 forsan
1435 611 1468 636 et
1481 605 1653 647 peregrini,

182 661 485 704 peregrinorumque
514 662 594 692 servi
624 661 803 703 hujusmodi
832 662 933 692 multa
963 662 1202 703 aggredientur:
1227 672 1357 703 quorum
1383 660 1483 701 gratia
1504 660 1654 696 maxime,

185 715 283 757 [854]
306 722 338 748 et
362 717 436 758 quia
460 716 606 747 universa
627 720 740 746 natura
755 717 916 747 hominum
932 716 1096 747 imbecillis
1111 722 1170 752 est,
1186 721 1252 747 tam
1269 716 1309 746 de
1325 715 1488 756 sacrilegio
1504 724 1597 755 quani
1614 712 1656 744 de

183 769 265 806 aliis,
294 780 363 811 quae
388 775 442 801 aut
466 770 520 801 vix
535 776 589 801 aut
601 770 690 801 nullo
704 770 799 801 modo
815 770 918 801 sanari
932 776 1077 811 possunt,
1094 771 1181 812 leges
1196 770 1401 802 conscribam.
1426 769 1480 799 sed
1504 768 1657 810 prooemia

184 823 332 865 primum,
349 824 519 855 secundum
535 825 675 855 ordinem
687 824 719 854 in
733 824 941 865 superioribus
954 824 1143 861 institutum,
1158 824 1205 855 his
1217 824 1360 854 omnibus
1372 834 1464 865 quarn
1477 822 1659 853 brevissime

186 878 412 919 praeponenda.
435 879 473 909 ad
502 889 575 909 eum
602 878 706 919 igitur,
734 878 788 919 qui
803 878 923 908 nefaria
935 878 1108 919 cupiditate
1122 884 1154 909 et
1169 878 1221 909 die
1237 884 1355 908 tractus
1372 883 1405 908 et
1418 881 1513 908 nocte
1528 877 1661 912 excitus,

187 932 318 973 templa,
329 937 364 963 ut
388 932 517 969 furetur,
546 932 638 974 petit,
667 933 735 963 haec
763 931 877 974 aliquis
897 932 1113 962 instructionis
1143 938 1175 963 et
1200 932 1381 963 monitionis
1397 931 1496 972 gratia
1511 930 1658 962 diceret:

189 986 219 1017 O
247 986 396 1016 mirabilis
423 986 482 1023 vir,
499 997 561 1017 non
587 987 756 1017 humanum
773 991 805 1016 te
823 986 936 1016 malurn
952 996 1056 1028 neque
1071 986 1212 1017 divinum
1230 986 1271 1016 ad
1286 985 1450 1027 sacrilegia
1465 985 1576 1016 vertit:
1603 985 1658 1016 sed

186 1039 322 1070 exitialis
342 1040 469 1081 quidam
494 1041 601 1077 asilus,
625 1051 643 1071 a
668 1040 778 1082 priscis
803 1046 899 1082 atque
923 1041 1092 1082 inexpiatis
1120 1041 1246 1082 flagitiis
1261 1041 1389 1071 innatus
1402 1039 1589 1075 hominibus,
1606 1039 1666 1070 cir-

190 1094 397 1136 cumagstans,
424 1105 519 1136 quem
545 1095 665 1127 cunctis
692 1095 807 1126 viribus
831 1094 969 1136 effugere
997 1095 1104 1126 debes.
1128 1094 1286 1137 quomodo
1299 1100 1402 1126 autem
1418 1094 1562 1136 effugies,
1577 1093 1664 1125 audi.

190 1159 263 1180 cum
278 1149 349 1180 talis
364 1150 501 1180 oboritur
515 1149 549 1180 in
564 1150 669 1180 animo
685 1148 846 1190 cogitatio,
866 1149 1000 1191 confuge
1014 1150 1053 1180 ad
1071 1150 1280 1191 expiationes,
1297 1150 1447 1180 obsecro:
1472 1148 1607 1190 confuge
1622 1147 1664 1179 ad

193 1203 394 1234 liberatorum
420 1204 560 1235 Deorum
581 1203 735 1235 sacrificia
757 1204 889 1245 supplex
905 1215 912 1234 ε
938 1203 1073 1245 confuge
1089 1205 1128 1235 ad
1148 1205 1298 1235 bonorum
1312 1203 1445 1235 virorum
1462 1202 1665 1235 consuetudi-

191 1268 270 1297 nes3
294 1258 347 1289 ubi
375 1258 487 1300 partim
511 1259 631 1295 audias,
646 1258 758 1300 panim
785 1264 818 1289 tu
835 1269 959 1300 quoque
975 1258 1063 1289 dicas
1075 1257 1160 1299 justa
1175 1259 1368 1299 honestaque
1381 1258 1420 1288 ab
1437 1257 1582 1288 omnibus
1597 1267 1665 1288 esse

192 1311 339 1343 colenda.
362 1313 516 1344 malorum
529 1324 603 1344 vero
619 1313 866 1344 consuetudines
881 1313 1024 1354 apprime
1040 1312 1153 1353 fugias.
1176 1323 1245 1354 quae
1261 1312 1288 1342 si
1303 1312 1416 1343 feceris
1428 1311 1662 1353 cessaveritque

193 1367 331 1403 morbus,
345 1367 426 1398 bene
441 1371 548 1398 tecum
563 1373 669 1398 actum
684 1367 753 1398 erit.
775 1367 867 1398 aliter
895 1372 1002 1398 autem
1028 1367 1107 1397 mori
1134 1367 1234 1397 satius
1261 1367 1327 1397 fore
1351 1366 1526 1403 arbitratus,
1553 1365 1665 1396 desine

192 1420 310 1451 vivere.
326 1432 398 1452 cum
414 1421 475 1451 illis
490 1422 558 1452 haec
573 1421 704 1452 exordia
719 1421 935 1457 cecineriums,
950 1432 1081 1463 quorum
1095 1421 1128 1451 in
1143 1421 1266 1452 animos
1280 1421 1395 1451 incidit
1406 1420 1504 1462 impia
1518 1419 1664 1462 quaedam

192 1480 226 1506 et
254 1474 376 1506 civitati
403 1476 551 1517 pestifera
581 1475 742 1517 cogitatio,
771 1476 950 1517 quicunque
977 1486 1014 1506 ex
1042 1475 1091 1505 his
1118 1475 1290 1516 paruerint,
1319 1485 1372 1506 eos
1399 1485 1418 1505 a
1446 1475 1517 1516 lege
1549 1474 1666 1505 liberos

194 1528 390 1560 dimittemus
406 1541 413 1559 :
438 1530 494 1561 sed
524 1530 702 1562 hominibus
729 1530 876 1571 prooemio
904 1540 969 1560 non
998 1529 1164 1571 persuasiS,
1192 1529 1330 1560 ferentes
1355 1535 1427 1570 post
1452 1530 1520 1559 haec
1549 1529 1666 1570 legem,

194 1583 290 1614 altius
303 1583 536 1615 intonabimus:
562 1585 616 1625 qui
632 1585 848 1626 deprehensus
874 1584 907 1614 in
934 1584 1099 1625 sacrilegio
1123 1583 1230 1619 fuerit,
1259 1583 1284 1613 si
1311 1593 1418 1613 servus
1441 1582 1666 1624 peregrinusve

196 1637 266 1674 erit,
284 1638 315 1668 in
330 1638 410 1669 facie
427 1649 463 1669 ac
478 1639 624 1669 manibus
639 1638 819 1669 calamitate
834 1638 934 1679 ipsius
950 1638 1049 1669 literis
1064 1637 1179 1674 inusta,
1195 1638 1388 1676 verberatus,
1403 1642 1496 1679 prout
1505 1636 1668 1680 judicibus

196 1691 364 1729 videbitur,
380 1691 485 1723 nudus
500 1697 584 1723 extra
601 1693 680 1723 fines
695 1693 841 1734 pellatur,
858 1691 937 1723 forte
960 1692 1047 1723 enim
1068 1693 1128 1724 hoc
1152 1692 1308 1733 supplicio
1331 1692 1539 1723 continentior
1554 1691 1669 1727 factus,

197 1747 312 1777 evadet
327 1746 464 1789 denique
477 1747 598 1778 melior.
613 1747 735 1778 nullum
751 1747 867 1788 quippe
883 1747 1072 1788 supplicium
1098 1748 1168 1788 lege
1191 1747 1311 1778 factum
1335 1746 1377 1777 ad
1399 1746 1517 1777 malum
1542 1745 1669 1776 tendit:

196 1801 253 1831 sed
279 1800 410 1831 duorum
436 1801 570 1832 alterum
591 1802 656 1832 fere
686 1812 811 1843 semper
839 1802 920 1832 solet
936 1801 1059 1832 efficere
1078 1813 1087 1841 3
1108 1811 1183 1832 nam
1199 1808 1252 1832 aut
1266 1800 1377 1831 melior
1393 1807 1447 1832 aut
1461 1807 1545 1831 certe
1561 1800 1669 1831 minus

197 1865 323 1896 pravus,
339 1856 392 1897 qui
407 1866 517 1897 poenas
532 1856 631 1892 dedit,
648 1856 714 1887 fieri
730 1857 821 1887 solet.
843 1856 869 1887 si
884 1867 956 1887 vero
972 1856 1050 1887 civis
1065 1856 1223 1897 quispiam
1236 1854 1358 1897 aliquid
1373 1855 1437 1885 tale
1452 1855 1485 1885 in
1508 1854 1597 1885 Deos
1614 1859 1671 1885 aut

198 1909 233 1940 in
258 1915 402 1950 parentes
422 1916 477 1941 aut
505 1911 536 1941 in
564 1911 699 1952 patriam
714 1917 893 1952 perpetrare
908 1917 941 1942 et
955 1911 997 1942 ad
1012 1911 1178 1942 maximam
1192 1910 1335 1953 injuriam
1350 1909 1513 1940 induxisse
1528 1909 1668 1939 animum

200 1963 471 2004 deprehendatur:
496 1966 580 1996 hunc
597 1965 709 2007 judex,
736 1965 811 2007 quia
832 1977 868 1996 ex
894 1975 992 2007 puero
1020 1966 1100 1996 bene
1127 1964 1238 1995 doctus
1269 1965 1484 2005 educatusque
1501 1973 1521 1994 a
1534 1963 1671 1994 maximo

200 2017 320 2047 scelere
336 2029 399 2048 non
415 2018 577 2056 abstinuit,
592 2019 695 2050 sanari
719 2030 783 2050 non
806 2030 900 2061 posse
924 2020 1092 2050 existimet.
1114 2030 1208 2060 poena
1232 2019 1306 2050 huic
1332 2028 1413 2049 mors
1437 2018 1593 2049 maiorm
1614 2017 1670 2047 mi-

201 2071 333 2101 nimum.
355 2071 549 2112 vituperatus
564 2078 681 2109 autem,
696 2078 732 2103 ut
747 2074 892 2115 exemplo
906 2074 983 2104 alios
995 2074 1096 2116 juvet,
1113 2079 1198 2104 extra
1215 2073 1292 2104 fines
1307 2073 1465 2115 perdatur.
1483 2071 1581 2113 [855]
1596 2071 1670 2102 filiis

202 2134 276 2154 vero
292 2124 359 2166 ejus
372 2131 403 2155 et
419 2125 529 2166 generi
551 2126 708 2162 universo,
726 2127 752 2156 si
768 2138 865 2157 mores
880 2133 1028 2168 paternos
1048 2128 1198 2168 fugerint,
1221 2127 1296 2168 quia
1310 2127 1378 2157 nati
1392 2137 1432 2157 ex
1447 2126 1532 2156 malo
1552 2125 1674 2156 fortiter

203 2177 347 2208 virtutem
375 2179 472 2209 secuti
490 2185 572 2215 sunt,
593 2180 692 2210 honor
717 2180 899 2210 exhibeatur
915 2186 946 2210 et
969 2181 1048 2210 laus.
1069 2181 1188 2211 nullius
1213 2187 1318 2211 autem
1334 2181 1466 2211 istorum
1477 2179 1621 2220 pecuniae
1636 2179 1669 2209 in

204 2231 310 2262 fiscum
334 2232 516 2274 redigantur
531 2234 564 2263 in
580 2244 617 2264 ea
631 2234 804 2274 republica,
821 2234 852 2263 in
870 2243 933 2274 qua
949 2239 1048 2264 sortes
1063 2235 1192 2264 easdem
1207 2244 1333 2275 semper
1346 2240 1379 2264 et
1393 2234 1531 2274 aequales
1547 2243 1675 2275 perma-

203 2295 278 2317 nere
293 2291 426 2327 oportet.
449 2286 506 2317 sed
522 2287 648 2328 quando
664 2288 733 2328 quis
756 2298 793 2318 ea
817 2288 962 2328 patravit,
986 2298 1056 2328 quae
1076 2288 1279 2328 pecuniarum
1304 2288 1423 2319 mulcta
1447 2287 1564 2318 luenda
1588 2293 1674 2324 sunt,

205 2340 288 2380 quod
315 2350 409 2382 supra
436 2346 552 2371 sortem
578 2341 766 2383 possidetur,
797 2341 830 2371 id
859 2341 1073 2382 impendatur,
1101 2352 1168 2373 sors
1197 2343 1319 2383 integra
1348 2347 1485 2372 maneat.
1507 2341 1599 2383 cujus
1627 2341 1676 2372 rei

205 2398 346 2425 exactam
361 2394 525 2425 veritatem
540 2406 558 2426 a
574 2395 732 2436 descripto
749 2405 846 2426 censu
871 2395 976 2437 legum
991 2396 1139 2426 custodes
1154 2406 1278 2437 semper
1288 2395 1449 2438 judicibus
1465 2395 1618 2432 deferant,
1633 2405 1676 2427 ne

206 2448 277 2489 quis
303 2458 442 2489 unquam
469 2454 595 2491 propter
622 2449 828 2491 indigentiam
857 2450 1063 2491 pecuniarum
1088 2460 1143 2480 sua
1168 2456 1250 2481 sorte
1274 2450 1422 2491 privetur.
1445 2449 1530 2491 quod
1555 2449 1583 2480 si
1605 2448 1679 2491 quis

207 2501 324 2543 majore
337 2502 449 2544 dignus
465 2504 581 2534 damno
599 2504 751 2541 videatur,
769 2514 828 2535 nec
845 2503 1043 2546 fidejussione
1058 2505 1312 2546 liberalitateque
1327 2505 1497 2535 amicorum
1514 2503 1680 2539 liberetur,

209 2556 385 2587 manifestis
413 2557 629 2599 diuturnisque
656 2558 790 2589 vinculis
815 2564 848 2589 et
874 2558 987 2589 ceteris
1001 2560 1175 2600 opprobriis
1189 2560 1347 2600 puniatur,
1374 2564 1539 2599 peccatum
1552 2557 1676 2588 nullum

208 2609 399 2650 impunitum
414 2612 455 2642 sit
473 2623 478 2640 :
504 2623 606 2653 neque
623 2612 770 2654 profugus
785 2613 864 2643 ullus
880 2621 913 2643 et
928 2613 1067 2654 impunis
1090 2615 1203 2644 abeat:
1227 2614 1283 2644 sed
1310 2618 1365 2644 aut
1393 2618 1490 2643 morte
1517 2612 1676 2653 plectatur

210 2668 264 2694 aut
276 2664 409 2695 vinculis
425 2670 478 2696 aut
492 2666 669 2697 verberibus
680 2673 733 2698 aut
749 2667 931 2708 ignobiliter
946 2667 1087 2699 sedendo
1098 2668 1273 2708 standoque
1289 2667 1322 2698 in
1337 2666 1432 2698 sacris
1442 2665 1483 2697 ad
1495 2665 1675 2696 extremita—

211 2722 260 2748 tes
275 2717 410 2759 regionis
425 2719 604 2760 productus,
620 2727 675 2752 aut
690 2721 833 2763 pecuniis
854 2732 893 2752 ea
918 2722 1049 2759 ratione,
1077 2732 1173 2763 quam
1198 2721 1343 2757 diximus,
1368 2720 1546 2755 mulctatus,
1568 2729 1677 2760 poenas

213 2771 289 2802 luat.
309 2771 434 2812 judices
461 2779 567 2805 autem
592 2775 736 2816 capitalis
766 2776 904 2807 criminis
933 2777 1040 2817 legum
1063 2777 1211 2807 custodes
1234 2775 1306 2811 sint,
1331 2779 1363 2805 et
1378 2773 1490 2816 optimi
1505 2773 1622 2815 quique
1637 2783 1678 2805 ex

212 2836 318 2857 eorum
333 2836 462 2858 numero
476 2828 581 2865 electi,
596 2830 649 2870 qui
665 2840 747 2861 anno
763 2831 904 2872 proxime
919 2831 1077 2873 proeterito
1092 2831 1191 2862 functi
1214 2827 1443 2870 magistratibus
1464 2827 1590 2858 fuerint.
1613 2837 1678 2868 quo

212 2886 318 2912 autem
335 2880 426 2912 modo
441 2883 654 2914 accusationes
667 2884 896 2927 citationcsque
912 2890 945 2916 et
958 2885 1073 2916 similia
1089 2885 1154 2916 fieri
1166 2884 1312 2918 debeant,
1325 2882 1513 2924 posteriores
1523 2881 1677 2922 legumla-

214 2939 298 2966 tores
327 2935 547 2969 determinent.
571 2937 784 2979 suffragiorum
811 2947 915 2972 autem
938 2940 1165 2981 sententiaeque
1181 2938 1306 2970 modurn
1323 2936 1421 2970 nostri
1435 2936 1530 2969 officii
1544 2935 1677 2978 cstiege
