1840 3225
237 223 308 260 198
402 219 405 221 ’
826 219 997 259 PLATO
1006 219 1038 257 N
1046 220 1090 257 IS
1591 214 1690 272 [548

231 337 296 357 rum
310 324 546 366 possessionem,
559 322 685 364 aurique
698 327 730 354 et
741 323 858 364 argenti
871 322 993 364 copiam
1010 334 1016 352 :
1035 323 1120 364 quod
1136 332 1204 353 vero
1216 322 1296 354 inest
1307 333 1433 354 aureum
1446 328 1478 354 et
1491 328 1685 366 argenteum,

232 380 391 421 quasinon
404 378 564 419 inopi,sed
574 376 724 418 opulenta
736 383 856 413 natura,
865 378 903 407 ad
914 377 1057 407 virtutem
1068 381 1244 417 statumque
1254 377 1426 417 pristinum,
1435 379 1607 419 pugnantia
1618 389 1689 409 vero

232 431 366 467 invicem
377 437 408 462 et
423 431 455 462 in
471 431 622 462 contraria
638 431 824 462 retrahentia
837 432 867 461 in
884 432 1019 462 medium
1031 431 1156 461 tandem
1173 430 1376 472 conveniunt,
1390 437 1424 462 ut
1438 432 1545 463 divisis
1559 432 1639 474 agris
1660 438 1695 463 et

232 486 376 516 domibus
392 485 535 526 privatim
551 495 683 526 quaeque
707 485 925 525 possideantur
940 497 947 514 ε
972 484 1015 514 illi
1034 495 1117 519 vero,
1133 484 1186 524 qui
1202 490 1274 514 ante
1289 485 1328 514 ab
1351 485 1396 515 eis
1410 486 1611 516 servabantur
1624 490 1694 516 tan-

232 551 325 582 quam
342 539 442 576 liberi,
459 539 552 570 amici
577 545 610 569 et
635 539 810 574 nutritores,
837 540 867 569 in
892 539 1069 570 servitutem
1094 538 1285 579 redigantur,
1308 543 1341 569 et
1364 538 1450 569 velut
1468 539 1584 570 subditi
1601 544 1696 581 atque

232 594 312 625 servi
328 593 401 624 belli
417 593 630 634 eustodiaeque
647 593 781 634 ipsorum
798 604 900 624 curarn
919 603 1023 633 gerere
1037 592 1278 632 compellantur.
1324 592 1439 623 GLAU.
1463 593 1548 624 Hinc
1562 598 1595 624 et
1618 593 1697 623 mihi

230 653 314 679 certe
330 648 452 677 videtur
467 647 596 677 mutatio
622 647 688 677 haec
703 647 862 678 accedere.
909 647 965 677 So.
990 646 1068 677 Haec
1093 646 1201 686 utique
1225 645 1410 687 gubernatio
1431 647 1514 677 inter
1528 647 1696 688 optimates

232 707 265 732 et
290 711 458 742 paucorum
484 701 656 741 potentiam
681 701 740 731 erit
764 701 875 731 media.
922 700 1039 731 GrAu.
1063 700 1130 730 Erit
1152 705 1245 731 certe.
1291 700 1348 730 So.
1373 700 1550 731 Mutabitur
1564 701 1694 741 quidem

232 755 287 786 ita.
311 765 381 785 cum
396 765 467 784 vero
482 754 512 784 in
530 753 561 783 id
578 754 670 784 fuerit
688 759 871 794 permutata,
888 764 980 795 quern
997 753 1190 794 potissimum
1203 753 1437 795 gubernationis
1452 754 1578 784 rnodum
1591 764 1693 787 serva-

231 809 303 840 bit?
350 807 409 839 Vel
433 812 567 844 constat,
582 808 665 848 quod
695 807 804 848 partim
824 807 953 847 priorem
979 817 1040 837 rem
1069 806 1426 851 publicamimitabitur,
1450 807 1560 848 partim
1577 817 1695 848 pauco-

232 873 298 893 rum
315 862 500 903 potentiam,
514 865 624 901 utpote
641 871 711 900 quae
728 860 757 889 in
777 860 879 890 medio
897 860 998 890 locata
1014 865 1071 895 est,
1090 859 1199 900 partim
1213 860 1303 890 etiam
1316 860 1465 899 quiddam
1477 861 1526 891 sui
1536 861 1694 902 proprium

233 916 408 948 obtinebit?
454 914 569 946 GLAU.
593 914 642 943 Ita
666 924 797 954 prorsus.
843 914 899 944 So.
925 912 966 942 Et
989 913 1119 953 priorem
1144 913 1270 953 quidem
1294 913 1466 944 imitabitur
1481 914 1511 944 in
1535 924 1586 951 eu,
1609 916 1694 956 quod

234 971 391 1012 principes
415 969 661 1007 honorabuntur,
686 973 718 997 et
743 967 854 997 milites
878 967 917 996 ab
940 966 1127 1007 agricultura
1152 967 1402 1007 mechanicisque
1429 967 1546 998 artibus
1569 973 1602 998 et
1625 969 1696 1000 aliis

233 1025 403 1066 quaestibus
429 1022 640 1057 abstinebunt,
668 1026 701 1051 et
724 1020 902 1051 communia
924 1020 1000 1049 fient
1024 1021 1179 1055 convivia,
1204 1020 1457 1062 gymnasticique
1479 1021 1547 1052 ludi
1573 1026 1606 1052 et
1622 1022 1698 1052 belli

234 1076 403 1109 certamina
418 1075 705 1116 t'requentabuntur.
753 1073 868 1104 va.
891 1072 1052 1103 Profecto.
1097 1073 1154 1103 So.
1177 1074 1230 1104 Sui
1243 1079 1346 1105 autern
1362 1074 1461 1115 ipsius
1476 1075 1610 1116 propria,
1623 1075 1699 1106 talia

234 1131 378 1174 quaedam
403 1129 541 1170 habebit,
564 1129 649 1169 quod
673 1127 829 1169 sapientes
853 1132 969 1158 metuet
995 1127 1034 1156 ad
1051 1127 1243 1168 principatus
1257 1128 1433 1164 admittere,
1449 1129 1607 1169 quianon
1623 1130 1697 1161 sim-

234 1185 332 1226 plices
359 1193 462 1224 neque
486 1181 697 1221 integerrimos
722 1180 901 1221 hujusmodi
927 1180 1021 1216 viros,
1044 1180 1098 1210 sed
1124 1180 1234 1211 mixtos
1251 1182 1428 1222 possideat:
1452 1187 1486 1212 et
1498 1183 1697 1214 animosiores

235 1239 340 1279 potius
365 1236 629 1277 simplicioresque
653 1235 794 1265 homines
819 1235 858 1264 ad
882 1235 1117 1275 gubernandum
1141 1235 1307 1272 adsciscet,
1332 1235 1430 1278 [548]
1454 1237 1507 1277 qui
1524 1237 1563 1267 ad
1581 1237 1695 1268 bellum

234 1292 341 1333 potius
366 1301 459 1332 quarn
484 1290 522 1319 ad
549 1300 657 1330 pacem
682 1289 746 1318 nati
774 1289 948 1319 videantur.
971 1288 1060 1318 dolos
1086 1288 1161 1329 quin
1184 1289 1277 1319 eriam
1306 1294 1338 1319 et
1353 1290 1602 1323 machinamenta
1623 1290 1697 1322 belli

231 1345 356 1388 plurimi
369 1344 474 1379 faciet,
490 1353 672 1383 semperque
685 1342 849 1383 pugnabit.
894 1342 1009 1372 GLau.
1034 1342 1137 1373 Certe.
1183 1342 1237 1373 So.
1261 1342 1359 1384 Atqui
1372 1344 1572 1384 pecuniarum
1584 1344 1696 1385 cupidi

233 1404 324 1430 erunt
349 1398 411 1436 isti,
436 1397 697 1438 quemadmodum
722 1397 774 1436 qui
801 1396 834 1426 in
863 1406 1031 1437 paucorum
1058 1396 1201 1437 potentia
1227 1397 1320 1427 vitam
1345 1402 1464 1438 agunt:
1500 1403 1533 1428 et
1559 1398 1696 1428 tenebris

234 1452 334 1483 obruti
351 1461 457 1482 aur-um
472 1455 504 1480 et
519 1455 677 1490 argentum
702 1449 842 1480 rusticius
858 1450 1068 1486 honorabunt,
1084 1455 1192 1491 utpote
1217 1450 1272 1491 qui
1289 1450 1392 1481 aeraria
1408 1451 1612 1492 propriosque
1628 1452 1696 1482 the-

234 1517 338 1538 sauros
352 1506 499 1540 habeant,
523 1504 636 1545 quibus
661 1504 718 1534 ista
740 1505 932 1542 recondant3
957 1515 992 1535 ac
1016 1505 1108 1535 etiam
1133 1504 1336 1545 circumsepta
1359 1505 1533 1542 domorum,
1550 1515 1607 1536 ceu
1625 1515 1699 1546 pro-

235 1561 318 1601 prios
335 1560 435 1594 nidos,
452 1558 483 1588 in
499 1559 612 1599 quibus
629 1557 725 1588 multa
737 1569 806 1588 cum
825 1558 1003 1588 mulieribus
1019 1563 1050 1588 et
1064 1558 1132 1588 aliis
1149 1568 1202 1599 pro
1218 1557 1348 1588 libidine
1363 1559 1547 1600 erogabunt.
1579 1558 1698 1590 GLAU.

236 1615 318 1645 Vera
345 1613 489 1654 loqueris.
535 1612 590 1642 So.
615 1611 732 1642 Nonne
755 1619 787 1642 et
814 1612 844 1641 in
872 1613 962 1642 rebus
990 1611 1120 1652 propriis
1152 1611 1303 1651 parciores
1326 1618 1428 1642 erunt¹
1442 1622 1536 1654 quarn
1563 1613 1696 1644 deceat:

235 1668 354 1710 quippe
371 1667 423 1708 qui
441 1666 674 1707 magnifaciant,
690 1666 838 1706 pecunias
862 1676 920 1696 nec
938 1665 1038 1706 palam
1063 1666 1248 1706 acquirant?
1271 1665 1305 1696 in
1321 1665 1430 1696 alienis
1453 1671 1556 1697 autern
1573 1672 1700 1708 propter

233 1722 396 1753 libidinem
421 1720 619 1762 profusiores,
641 1725 673 1750 et
696 1719 871 1751 clanculum
895 1720 1108 1761 voluptatibus
1134 1720 1356 1760 indulgebunt‚
1378 1720 1460 1750 haud
1484 1730 1574 1751 secus
1593 1720 1702 1762 legem.

234 1777 349 1818 passini
363 1775 550 1815 refugientes
567 1784 602 1804 ac
618 1774 706 1814 pueri
720 1775 815 1814 patris
831 1779 1005 1815 aspectum,
1021 1784 1085 1803 non
1097 1773 1310 1814 persuasione,
1325 1773 1378 1804 sed
1395 1774 1423 1803 vi
1439 1773 1587 1804 educati:
1603 1784 1640 1804 ex
1655 1784 1694 1805 eo

235 1830 320 1871 quod
334 1840 434 1860 veram
452 1839 582 1875 nrusam,
599 1838 669 1868 quae
685 1838 754 1858 cum
771 1827 962 1858 sermonibus
977 1832 1009 1858 et
1025 1826 1221 1868 philosophia
1235 1826 1406 1867 conjuncta
1420 1831 1479 1861 est,
1492 1826 1696 1868 neglexerint,

236 1884 397 1927 multoque
421 1882 517 1923 magis
527 1893 563 1912 ac
577 1882 659 1922 prius
677 1882 905 1923 gymnasticam
920 1892 1012 1923 quarn
1023 1881 1171 1911 musicam
1189 1879 1429 1911 honoraverint?
1475 1878 1588 1910 Gtau.
1612 1879 1694 1910 Rern

234 1937 391 1978 publicam
416 1947 453 1967 ex
481 1936 561 1967 malo
587 1937 730 1977 bonoque
758 1936 884 1966 mixtam
911 1937 1016 1966 refers.
1060 1936 1116 1965 So.
1139 1935 1242 1965 Mixta
1266 1940 1313 1965 est
1330 1934 1482 1975 profecto.
1503 1944 1568 1975 prae
1585 1935 1696 1968 ceteris

232 1995 335 2020 autem
350 1990 382 2020 iu
400 1990 464 2030 ipsa
483 1995 608 2030 propter
624 1989 829 2019 animositatis
846 1989 1075 2030 iracundi-”eque
1091 1983 1252 2029 imperirim
1276 1988 1486 2019 contentionis
1502 1987 1697 2018 ambitionis·

233 2053 294 2083 que
307 2043 409 2074 studia
422 2043 629 2073 invalescunt.
654 2042 768 2073 GLAu.
794 2043 1014 2074 Vehementer.
1037 2042 1092 2073 So.
1116 2043 1241 2073 Annon
1255 2042 1321 2073 haec
1338 2041 1512 2083 respublica
1522 2042 1565 2072 ita
1576 2041 1695 2072 ooales-

231 2101 294 2131 cet,
311 2096 441 2136 talisque
458 2096 527 2132 erit,
543 2101 692 2136 quantum
710 2097 785 2127 licet
800 2107 940 2128 sermone
958 2097 998 2127 rei
1023 2096 1157 2137 publicae
1174 2097 1301 2137 figuram
1317 2097 1490 2128 describere
1511 2095 1694 2136 aineoperis

231 2155 342 2181 exacta
355 2150 482 2180 nimium
495 2149 669 2190 diligentia,
687 2151 760 2191 quia
772 2150 905 2180 suffit-iat
919 2162 956 2180 ex
972 2151 1039 2191 ipsa
1052 2150 1271 2190 descriptionis
1287 2149 1439 2180 summula
1455 2148 1693 2190 virumjustissi-

235 2214 316 2234 mum
335 2203 609 2244 injustissimumve
625 2204 810 2240 discernere,
829 2198 930 2244 sitque
946 2203 1040 2234 serrne
1056 2214 1136 2244 opus
1151 2203 1378 2239 inextricabile,
1393 2203 1416 2233 si
1440 2202 1510 2243 quis
1525 2213 1633 2233 omnes
1648 2213 1695 2234 res

234 2257 375 2298 publicas
390 2267 560 2298 omnesque
577 2267 687 2298 mores,
702 2257 801 2287 nihilo
815 2258 937 2298 penitus
950 2257 1165 2298 praetcrmisso,
1178 2267 1316 2287 enarrare
1332 2257 1538 2297 aggrediatur.
1562 2272 1567 2275 -
1582 2255 1698 2289 Guu.

234 2311 348 2342 Probe.
394 2311 450 2342 So.
473 2311 554 2347 Quis
576 2310 672 2351 igitur
699 2311 870 2342 secundum
897 2312 978 2342 hanc
1003 2321 1064 2341 rem
1087 2311 1243 2352 publicam
1268 2311 1334 2342 vir?
1359 2311 1518 2351 quomodo
1540 2310 1699 2341 efficitur?

235 2365 336 2406 qualis
362 2365 502 2395 exsistit?
547 2363 630 2395 Ani.
655 2364 742 2396 Reor
767 2365 912 2406 equidem
937 2365 1067 2395 similem
1093 2375 1160 2395 esse
1185 2364 1358 2396 Glauconis
1371 2365 1471 2401 istius,
1485 2364 1697 2396 contentionis

233 2419 342 2460 gratia.
388 2418 441 2449 So.
465 2418 559 2449 Forte
575 2419 607 2449 in
624 2419 682 2449 hoc
698 2424 745 2449 est
760 2418 878 2450 similis.
903 2429 1007 2450 verum
1023 2420 1054 2449 in
1071 2419 1117 2450 his
1132 2420 1215 2450 haud
1231 2424 1339 2450 natura
1355 2418 1462 2449 similis
1475 2429 1542 2450 esse
1559 2418 1693 2450 videtur.

232 2472 313 2504 Aor.
337 2472 375 2503 In
404 2472 540 2514 quibus?
586 2472 641 2503 So.
666 2471 936 2504 contumaciorem
963 2483 1037 2504 sane
1064 2483 1130 2504 esse
1155 2483 1225 2503 eum
1253 2482 1379 2504 necesse
1403 2478 1462 2508 est,
1488 2477 1521 2503 et
1543 2472 1695 2504 amusica

229 2526 462 2566 quodammodo
478 2525 670 2561 alieniorem,
687 2527 812 2558 rnusicae
835 2532 937 2557 tamen
953 2527 1102 2567 cupidum
1119 2539 1125 2556 :
1151 2532 1183 2558 et
1198 2527 1347 2558 audiendi
1363 2526 1489 2568 quidem
1505 2525 1692 2560 studiosum,

232 2580 418 2610 rhetoricum
436 2591 505 2610 vero
522 2590 730 2622 nequaquam.
776 2581 877 2622 Atqui
893 2586 924 2612 et
940 2581 1087 2612 adversus
1103 2591 1204 2612 servos
1228 2581 1355 2622 agrestis
1370 2580 1428 2611 erit
1441 2578 1621 2620 hujusmodi
1636 2578 1694 2616 vir,

233 2633 330 2675 [549]
356 2634 437 2663 haud
455 2644 558 2664 servos
574 2635 763 2676 despiciens,
787 2635 1050 2676 quemadmodum
1076 2634 1120 2665 vir
1144 2635 1183 2665 ad
1200 2633 1415 2666 sufficientiam
1438 2632 1598 2664 eruditus:
1623 2643 1697 2674 erga

231 2686 343 2718 liberos
358 2692 460 2717 autem
476 2687 533 2717 erit
549 2687 650 2720 mitis:
667 2699 740 2730 erga
756 2689 913 2730 principes
928 2689 1053 2730 quidem
1072 2689 1223 2720 obediens
1236 2688 1380 2724 maxime,
1392 2687 1444 2717 sed
1458 2692 1491 2717 et
1503 2685 1698 2727 principatus

230 2745 264 2772 et
278 2741 427 2771 honorum
445 2742 575 2777 avidior,
592 2748 733 2783 oportere
749 2743 926 2774 existimans
952 2753 1014 2773 non
1038 2743 1077 2773 ab
1100 2748 1164 2774 arte
1187 2741 1316 2773 dicendi
1338 2740 1386 2771 vel
1402 2739 1463 2770 alia
1477 2739 1588 2780 quavis
1602 2739 1697 2770 simili

229 2794 378 2825 facultate
395 2805 538 2835 praeesse,
564 2797 616 2826 sed
635 2807 651 2826 a
666 2798 755 2828 rebus
772 2797 890 2828 bellicis
906 2803 937 2828 et
959 2797 1121 2834 similibus,
1139 2807 1208 2828 curn
1225 2797 1264 2827 sit
1277 2800 1309 2826 et
1331 2793 1536 2836 gymnasticae
1551 2797 1584 2824 et
1599 2803 1693 2824 vena-

231 2847 324 2878 tionis
339 2848 507 2879 admodum
524 2850 690 2883 studiosus.
730 2851 809 2882 Ani.
834 2850 889 2882 Est
904 2857 986 2882 certe
1005 2861 1069 2881 mos
1083 2851 1131 2881 hic
1150 2850 1233 2881 illius
1249 2849 1291 2880 rei
1308 2847 1454 2889 publico.
1493 2845 1549 2877 SO.
1574 2845 1693 2877 Nonne

175 2913 188 2919 -
229 2906 261 2932 ct
275 2901 423 2942 pecunias
440 2902 496 2933 iste
513 2902 720 2943 injuventute
737 2910 915 2937 contemnet
932 2905 941 2935 ἓ
965 2915 1027 2946 quo
1044 2915 1115 2936 vero
1140 2908 1280 2936 senescet
1295 2901 1405 2943 inagis,
1421 2910 1458 2932 eo
1483 2899 1580 2941 magis
1593 2909 1689 2941 pecu-
