<?xml version="1.0" encoding="UTF-8"?>
<!DOCTYPE html PUBLIC "-//W3C//DTD XHTML 1.0 Transitional//EN"
    "http://www.w3.org/TR/xhtml1/DTD/xhtml1-transitional.dtd">
<html xmlns="http://www.w3.org/1999/xhtml" xml:lang="en" lang="en">
 <head>
  <title>
</title>
<meta http-equiv="Content-Type" content="text/html;charset=utf-8" />
  <meta name='ocr-system' content='tesseract 3.04.00' />
  <meta name='ocr-capabilities' content='ocr_page ocr_carea ocr_par ocr_line ocrx_word'/>
</head>
<body>
  <div class='ocr_page' id='page_1' title='image "./platonisetquaeve11plat_0011.png"; bbox 0 0 1840 3225; ppageno 0'>
   <div class='ocr_carea' id='block_1_1' title="bbox 738 733 1227 785">
    <p class='ocr_par' dir='ltr' id='par_1_1' title="bbox 738 733 1227 785">
     <span class='ocr_line' id='line_1_1' title="bbox 738 733 1227 785; baseline -0.002 -2"><span class='ocrx_word' id='word_1_1' title='bbox 738 733 1227 785; x_wconf 86' lang='lat' dir='ltr'><strong>PHILEBUS.</strong></span> 
     </span>
    </p>
   </div>
   <div class='ocr_carea' id='block_1_2' title="bbox 559 1037 1412 1082">
    <p class='ocr_par' dir='ltr' id='par_1_2' title="bbox 559 1037 1412 1082">
     <span class='ocr_line' id='line_1_2' title="bbox 559 1037 1412 1082; baseline 0 -11"><span class='ocrx_word' id='word_1_2' title='bbox 559 1038 803 1080; x_wconf 77' lang='lat' dir='ltr'>SOCRATES,</span> <span class='ocrx_word' id='word_1_3' title='bbox 828 1037 1151 1082; x_wconf 79' lang='lat' dir='ltr'>PROTARCHUS,</span> <span class='ocrx_word' id='word_1_4' title='bbox 1176 1039 1235 1070; x_wconf 78' lang='lat' dir='ltr'>PH</span> <span class='ocrx_word' id='word_1_5' title='bbox 1245 1038 1412 1072; x_wconf 81' lang='lat' dir='ltr'><strong>ILEBUS.</strong></span> 
     </span>
    </p>
   </div>
   <div class='ocr_carea' id='block_1_3' title="bbox 249 1263 1727 2930">
    <p class='ocr_par' dir='ltr' id='par_1_3' title="bbox 249 1263 1727 2930">
     <span class='ocr_line' id='line_1_3' title="bbox 252 1263 1723 1307; baseline 0.001 -10"><span class='ocrx_word' id='word_1_6' title='bbox 252 1265 326 1307; x_wconf 91' lang='lat' dir='ltr'>[ll]</span> <span class='ocrx_word' id='word_1_7' title='bbox 352 1264 457 1301; x_wconf 76' lang='lat' dir='ltr'>VrnE,</span> <span class='ocrx_word' id='word_1_8' title='bbox 481 1274 498 1294; x_wconf 94' lang='grc' dir='ltr'><strong><em>ο</em></strong></span> <span class='ocrx_word' id='word_1_9' title='bbox 526 1264 707 1304; x_wconf 72' lang='lat' dir='ltr'>Protarcho,</span> <span class='ocrx_word' id='word_1_10' title='bbox 724 1273 816 1305; x_wconf 91' lang='lat' dir='ltr'>quem</span> <span class='ocrx_word' id='word_1_11' title='bbox 838 1273 921 1294; x_wconf 89' lang='lat' dir='ltr'>nunc</span> <span class='ocrx_word' id='word_1_12' title='bbox 944 1274 960 1294; x_wconf 83' lang='lat' dir='ltr'>a</span> <span class='ocrx_word' id='word_1_13' title='bbox 989 1263 1122 1295; x_wconf 78' lang='lat' dir='ltr'>Philebo</span> <span class='ocrx_word' id='word_1_14' title='bbox 1146 1274 1317 1295; x_wconf 88' lang='lat' dir='ltr'>sermonem</span> <span class='ocrx_word' id='word_1_15' title='bbox 1346 1271 1532 1306; x_wconf 82' lang='lat' dir='ltr'>accepturus</span> <span class='ocrx_word' id='word_1_16' title='bbox 1562 1266 1617 1303; x_wconf 81' lang='lat' dir='ltr'>sis,</span> <span class='ocrx_word' id='word_1_17' title='bbox 1635 1268 1723 1298; x_wconf 80' lang='lat' dir='ltr'>etad</span> 
     </span>
     <span class='ocr_line' id='line_1_4' title="bbox 251 1317 1724 1361; baseline 0.001 -12"><span class='ocrx_word' id='word_1_18' title='bbox 251 1329 343 1360; x_wconf 89' lang='lat' dir='ltr'>quem</span> <span class='ocrx_word' id='word_1_19' title='bbox 360 1318 476 1359; x_wconf 87' lang='lat' dir='ltr'>potius.</span> <span class='ocrx_word' id='word_1_20' title='bbox 492 1317 582 1359; x_wconf 89' lang='lat' dir='ltr'>cujus</span> <span class='ocrx_word' id='word_1_21' title='bbox 596 1317 673 1348; x_wconf 83' lang='lat' dir='ltr'>ratio</span> <span class='ocrx_word' id='word_1_22' title='bbox 689 1318 744 1348; x_wconf 85' lang='lat' dir='ltr'>tibi</span> <span class='ocrx_word' id='word_1_23' title='bbox 770 1329 834 1348; x_wconf 91' lang='lat' dir='ltr'>non</span> <span class='ocrx_word' id='word_1_24' title='bbox 849 1323 1012 1357; x_wconf 80' lang='lat' dir='ltr'>consonet,</span> <span class='ocrx_word' id='word_1_25' title='bbox 1042 1324 1247 1359; x_wconf 81' lang='lat' dir='ltr'>pugnaturus.</span> <span class='ocrx_word' id='word_1_26' title='bbox 1294 1318 1390 1349; x_wconf 81' lang='lat' dir='ltr'>Visne</span> <span class='ocrx_word' id='word_1_27' title='bbox 1407 1325 1568 1361; x_wconf 85' lang='lat' dir='ltr'>utramque</span> <span class='ocrx_word' id='word_1_28' title='bbox 1596 1326 1724 1351; x_wconf 85' lang='lat' dir='ltr'>senten-</span> 
     </span>
     <span class='ocr_line' id='line_1_5' title="bbox 250 1371 1724 1416; baseline 0.001 -14"><span class='ocrx_word' id='word_1_29' title='bbox 250 1372 324 1402; x_wconf 90' lang='lat' dir='ltr'>tiam</span> <span class='ocrx_word' id='word_1_30' title='bbox 353 1372 484 1402; x_wconf 86' lang='lat' dir='ltr'>breviter</span> <span class='ocrx_word' id='word_1_31' title='bbox 508 1372 720 1402; x_wconf 84' lang='lat' dir='ltr'>resumamus?</span> <span class='ocrx_word' id='word_1_32' title='bbox 766 1371 853 1402; x_wconf 77' lang='lat' dir='ltr'>Pno.</span> <span class='ocrx_word' id='word_1_33' title='bbox 879 1371 961 1402; x_wconf 83' lang='lat' dir='ltr'>Volo</span> <span class='ocrx_word' id='word_1_34' title='bbox 987 1372 1143 1413; x_wconf 82' lang='lat' dir='ltr'>equidem.</span> <span class='ocrx_word' id='word_1_35' title='bbox 1191 1372 1246 1403; x_wconf 86' lang='lat' dir='ltr'>So.</span> <span class='ocrx_word' id='word_1_36' title='bbox 1272 1373 1421 1403; x_wconf 78' lang='lat' dir='ltr'>Philebus</span> <span class='ocrx_word' id='word_1_37' title='bbox 1447 1374 1575 1415; x_wconf 85' lang='lat' dir='ltr'>quidem</span> <span class='ocrx_word' id='word_1_38' title='bbox 1607 1375 1724 1416; x_wconf 85' lang='lat' dir='ltr'>inquit,</span> 
     </span>
     <span class='ocr_line' id='line_1_6' title="bbox 252 1425 1725 1469; baseline 0.002 -13"><span class='ocrx_word' id='word_1_39' title='bbox 252 1426 459 1457; x_wconf 81' lang='lat' dir='ltr'>animantibus</span> <span class='ocrx_word' id='word_1_40' title='bbox 486 1425 630 1457; x_wconf 83' lang='lat' dir='ltr'>omuibus</span> <span class='ocrx_word' id='word_1_41' title='bbox 655 1426 769 1455; x_wconf 91' lang='lat' dir='ltr'>bonum</span> <span class='ocrx_word' id='word_1_42' title='bbox 798 1435 865 1456; x_wconf 87' lang='lat' dir='ltr'>esse</span> <span class='ocrx_word' id='word_1_43' title='bbox 892 1426 1043 1463; x_wconf 75' lang='lat' dir='ltr'>laetitiam,</span> <span class='ocrx_word' id='word_1_44' title='bbox 1060 1426 1264 1467; x_wconf 77' lang='lat' dir='ltr'>voluptatem,</span> <span class='ocrx_word' id='word_1_45' title='bbox 1290 1427 1542 1465; x_wconf 80' lang='lat' dir='ltr'>delectationem,</span> <span class='ocrx_word' id='word_1_46' title='bbox 1560 1434 1725 1469; x_wconf 85' lang='lat' dir='ltr'>ceteraque</span> 
     </span>
     <span class='ocr_line' id='line_1_7' title="bbox 252 1479 1723 1524; baseline 0.002 -14"><span class='ocrx_word' id='word_1_47' title='bbox 252 1480 346 1521; x_wconf 85' lang='lat' dir='ltr'>hujus</span> <span class='ocrx_word' id='word_1_48' title='bbox 361 1480 480 1524; x_wconf 67' lang='lat' dir='ltr'>generis</span> <span class='ocrx_word' id='word_1_49' title='bbox 503 1479 619 1510; x_wconf 88' lang='lat' dir='ltr'>omnia.</span> <span class='ocrx_word' id='word_1_50' title='bbox 663 1479 780 1510; x_wconf 89' lang='lat' dir='ltr'>Nostra</span> <span class='ocrx_word' id='word_1_51' title='bbox 804 1485 909 1511; x_wconf 86' lang='lat' dir='ltr'>autem</span> <span class='ocrx_word' id='word_1_52' title='bbox 936 1482 1082 1511; x_wconf 81' lang='lat' dir='ltr'>adversus</span> <span class='ocrx_word' id='word_1_53' title='bbox 1112 1481 1200 1511; x_wconf 87' lang='lat' dir='ltr'>illum</span> <span class='ocrx_word' id='word_1_54' title='bbox 1228 1481 1417 1523; x_wconf 73' lang='lat' dir='ltr'>disceptatio</span> <span class='ocrx_word' id='word_1_55' title='bbox 1440 1487 1500 1522; x_wconf 86' lang='lat' dir='ltr'>est,</span> <span class='ocrx_word' id='word_1_56' title='bbox 1519 1487 1553 1513; x_wconf 89' lang='lat' dir='ltr'>ut</span> <span class='ocrx_word' id='word_1_57' title='bbox 1576 1493 1638 1512; x_wconf 89' lang='lat' dir='ltr'>non</span> <span class='ocrx_word' id='word_1_58' title='bbox 1664 1483 1723 1513; x_wconf 78' lang='lat' dir='ltr'>ista</span> 
     </span>
     <span class='ocr_line' id='line_1_8' title="bbox 251 1533 1726 1578; baseline 0.002 -14"><span class='ocrx_word' id='word_1_59' title='bbox 251 1534 379 1576; x_wconf 85' lang='lat' dir='ltr'>quidem</span> <span class='ocrx_word' id='word_1_60' title='bbox 396 1533 458 1564; x_wconf 85' lang='lat' dir='ltr'>sint</span> <span class='ocrx_word' id='word_1_61' title='bbox 473 1534 574 1575; x_wconf 86' lang='lat' dir='ltr'>ipsum</span> <span class='ocrx_word' id='word_1_62' title='bbox 591 1535 722 1574; x_wconf 89' lang='lat' dir='ltr'>bonum,</span> <span class='ocrx_word' id='word_1_63' title='bbox 740 1534 833 1564; x_wconf 89' lang='lat' dir='ltr'>immo</span> <span class='ocrx_word' id='word_1_64' title='bbox 862 1545 983 1576; x_wconf 87' lang='lat' dir='ltr'>sapere,</span> <span class='ocrx_word' id='word_1_65' title='bbox 1000 1535 1185 1576; x_wconf 81' lang='lat' dir='ltr'>intelligere,</span> <span class='ocrx_word' id='word_1_66' title='bbox 1203 1535 1390 1572; x_wconf 79' lang='lat' dir='ltr'>meminisse,</span> <span class='ocrx_word' id='word_1_67' title='bbox 1407 1542 1439 1567; x_wconf 90' lang='lat' dir='ltr'>et</span> <span class='ocrx_word' id='word_1_68' title='bbox 1462 1547 1532 1578; x_wconf 82' lang='lat' dir='ltr'>quae</span> <span class='ocrx_word' id='word_1_69' title='bbox 1550 1537 1637 1567; x_wconf 89' lang='lat' dir='ltr'>hisce</span> <span class='ocrx_word' id='word_1_70' title='bbox 1651 1547 1726 1578; x_wconf 82' lang='lat' dir='ltr'>cog-</span> 
     </span>
     <span class='ocr_line' id='line_1_9' title="bbox 250 1588 1725 1631; baseline 0.001 -12"><span class='ocrx_word' id='word_1_71' title='bbox 250 1594 335 1625; x_wconf 85' lang='lat' dir='ltr'>nata,</span> <span class='ocrx_word' id='word_1_72' title='bbox 353 1588 459 1629; x_wconf 88' lang='lat' dir='ltr'>opinio</span> <span class='ocrx_word' id='word_1_73' title='bbox 475 1594 560 1619; x_wconf 90' lang='lat' dir='ltr'>recta</span> <span class='ocrx_word' id='word_1_74' title='bbox 575 1589 704 1629; x_wconf 86' lang='lat' dir='ltr'>verique</span> <span class='ocrx_word' id='word_1_75' title='bbox 721 1588 850 1619; x_wconf 80' lang='lat' dir='ltr'>rationis</span> <span class='ocrx_word' id='word_1_76' title='bbox 866 1589 1033 1625; x_wconf 86' lang='lat' dir='ltr'>discursus,</span> <span class='ocrx_word' id='word_1_77' title='bbox 1051 1589 1178 1620; x_wconf 86' lang='lat' dir='ltr'>meliora</span> <span class='ocrx_word' id='word_1_78' title='bbox 1202 1595 1234 1620; x_wconf 86' lang='lat' dir='ltr'>et</span> <span class='ocrx_word' id='word_1_79' title='bbox 1250 1590 1370 1631; x_wconf 87' lang='lat' dir='ltr'>potiora</span> <span class='ocrx_word' id='word_1_80' title='bbox 1386 1591 1448 1620; x_wconf 89' lang='lat' dir='ltr'>sint</span> <span class='ocrx_word' id='word_1_81' title='bbox 1463 1601 1556 1631; x_wconf 89' lang='lat' dir='ltr'>quam</span> <span class='ocrx_word' id='word_1_82' title='bbox 1579 1591 1725 1631; x_wconf 78' lang='lat' dir='ltr'>voluptas</span> 
     </span>
     <span class='ocr_line' id='line_1_10' title="bbox 252 1642 1726 1685; baseline 0.001 -13"><span class='ocrx_word' id='word_1_83' title='bbox 252 1642 394 1672; x_wconf 88' lang='lat' dir='ltr'>omnibus</span> <span class='ocrx_word' id='word_1_84' title='bbox 410 1653 608 1683; x_wconf 79' lang='lat' dir='ltr'>quaecunque</span> <span class='ocrx_word' id='word_1_85' title='bbox 622 1643 730 1673; x_wconf 89' lang='lat' dir='ltr'>horum</span> <span class='ocrx_word' id='word_1_86' title='bbox 747 1643 874 1684; x_wconf 87' lang='lat' dir='ltr'>capacia</span> <span class='ocrx_word' id='word_1_87' title='bbox 891 1649 986 1683; x_wconf 80' lang='lat' dir='ltr'>suut3</span> <span class='ocrx_word' id='word_1_88' title='bbox 1009 1655 1178 1685; x_wconf 88' lang='lat' dir='ltr'>eorumque</span> <span class='ocrx_word' id='word_1_89' title='bbox 1196 1644 1323 1685; x_wconf 83' lang='lat' dir='ltr'>adeptio</span> <span class='ocrx_word' id='word_1_90' title='bbox 1341 1645 1470 1675; x_wconf 77' lang='lat' dir='ltr'>maxime</span> <span class='ocrx_word' id='word_1_91' title='bbox 1483 1645 1623 1675; x_wconf 88' lang='lat' dir='ltr'>omnium</span> <span class='ocrx_word' id='word_1_92' title='bbox 1639 1644 1726 1675; x_wconf 83' lang='lat' dir='ltr'>utilis</span> 
     </span>
     <span class='ocr_line' id='line_1_11' title="bbox 251 1696 1725 1738; baseline 0.001 -12"><span class='ocrx_word' id='word_1_93' title='bbox 251 1696 304 1736; x_wconf 89' lang='lat' dir='ltr'>sit,</span> <span class='ocrx_word' id='word_1_94' title='bbox 320 1702 352 1727; x_wconf 88' lang='lat' dir='ltr'>et</span> <span class='ocrx_word' id='word_1_95' title='bbox 366 1697 571 1738; x_wconf 87' lang='lat' dir='ltr'>praesentibus</span> <span class='ocrx_word' id='word_1_96' title='bbox 587 1703 619 1728; x_wconf 85' lang='lat' dir='ltr'>et</span> <span class='ocrx_word' id='word_1_97' title='bbox 636 1697 758 1728; x_wconf 81' lang='lat' dir='ltr'>suturis.</span> <span class='ocrx_word' id='word_1_98' title='bbox 805 1697 890 1728; x_wconf 92' lang='lat' dir='ltr'>Num</span> <span class='ocrx_word' id='word_1_99' title='bbox 908 1698 952 1728; x_wconf 89' lang='lat' dir='ltr'>sic</span> <span class='ocrx_word' id='word_1_100' title='bbox 971 1698 1092 1738; x_wconf 82' lang='lat' dir='ltr'>utrique</span> <span class='ocrx_word' id='word_1_101' title='bbox 1109 1698 1341 1738; x_wconf 84' lang='lat' dir='ltr'>quodammodo</span> <span class='ocrx_word' id='word_1_102' title='bbox 1368 1698 1513 1734; x_wconf 80' lang='lat' dir='ltr'>diximus,</span> <span class='ocrx_word' id='word_1_103' title='bbox 1531 1709 1550 1728; x_wconf 90' lang='lat' dir='ltr'>o</span> <span class='ocrx_word' id='word_1_104' title='bbox 1567 1699 1699 1729; x_wconf 83' lang='lat' dir='ltr'>Philebe</span> <span class='ocrx_word' id='word_1_105' title='bbox 1715 1699 1725 1727; x_wconf 89' lang='lat'>?</span> 
     </span>
     <span class='ocr_line' id='line_1_12' title="bbox 251 1751 1727 1794; baseline 0 -12"><span class='ocrx_word' id='word_1_106' title='bbox 251 1751 356 1782; x_wconf 75' lang='lat' dir='ltr'>PHrL.</span> <span class='ocrx_word' id='word_1_107' title='bbox 387 1751 428 1781; x_wconf 85' lang='lat' dir='ltr'>Et</span> <span class='ocrx_word' id='word_1_108' title='bbox 444 1751 575 1782; x_wconf 82' lang='lat' dir='ltr'>maxime</span> <span class='ocrx_word' id='word_1_109' title='bbox 589 1751 728 1793; x_wconf 85' lang='lat' dir='ltr'>quidem.</span> <span class='ocrx_word' id='word_1_110' title='bbox 773 1753 830 1783; x_wconf 79' lang='lat' dir='ltr'>So.</span> <span class='ocrx_word' id='word_1_111' title='bbox 853 1752 904 1782; x_wconf 89' lang='lat' dir='ltr'>An</span> <span class='ocrx_word' id='word_1_112' title='bbox 921 1752 1066 1793; x_wconf 76' lang='lat' dir='ltr'>suscipis,</span> <span class='ocrx_word' id='word_1_113' title='bbox 1084 1763 1102 1782; x_wconf 93' lang='lat' dir='ltr'>o</span> <span class='ocrx_word' id='word_1_114' title='bbox 1119 1753 1300 1786; x_wconf 83' lang='lat' dir='ltr'>Protarche,</span> <span class='ocrx_word' id='word_1_115' title='bbox 1323 1763 1391 1782; x_wconf 87' lang='lat' dir='ltr'>eam</span> <span class='ocrx_word' id='word_1_116' title='bbox 1413 1763 1483 1794; x_wconf 85' lang='lat' dir='ltr'>quae</span> <span class='ocrx_word' id='word_1_117' title='bbox 1501 1751 1557 1783; x_wconf 87' lang='lat' dir='ltr'>tibi</span> <span class='ocrx_word' id='word_1_118' title='bbox 1574 1763 1657 1783; x_wconf 89' lang='lat' dir='ltr'>nunc</span> <span class='ocrx_word' id='word_1_119' title='bbox 1671 1753 1727 1782; x_wconf 92' lang='lat' dir='ltr'>ob·</span> 
     </span>
     <span class='ocr_line' id='line_1_13' title="bbox 251 1805 1727 1847; baseline 0.001 -12"><span class='ocrx_word' id='word_1_120' title='bbox 251 1805 313 1835; x_wconf 88' lang='lat' dir='ltr'>lata</span> <span class='ocrx_word' id='word_1_121' title='bbox 324 1810 372 1836; x_wconf 83' lang='lat' dir='ltr'>est</span> <span class='ocrx_word' id='word_1_122' title='bbox 387 1805 643 1846; x_wconf 86' lang='lat' dir='ltr'>disputationem.</span> <span class='ocrx_word' id='word_1_123' title='bbox 691 1806 777 1837; x_wconf 77' lang='lat' dir='ltr'>Pno.</span> <span class='ocrx_word' id='word_1_124' title='bbox 802 1805 940 1837; x_wconf 76' lang='lat' dir='ltr'>Necesse</span> <span class='ocrx_word' id='word_1_125' title='bbox 958 1812 1005 1836; x_wconf 87' lang='lat' dir='ltr'>est</span> <span class='ocrx_word' id='word_1_126' title='bbox 1020 1817 1068 1836; x_wconf 86' lang='lat' dir='ltr'>me</span> <span class='ocrx_word' id='word_1_127' title='bbox 1085 1806 1168 1837; x_wconf 81' lang='lat' dir='ltr'>illam</span> <span class='ocrx_word' id='word_1_128' title='bbox 1185 1806 1353 1847; x_wconf 81' lang='lat' dir='ltr'>suscipere.</span> <span class='ocrx_word' id='word_1_129' title='bbox 1400 1807 1456 1837; x_wconf 86' lang='lat' dir='ltr'>So.</span> <span class='ocrx_word' id='word_1_130' title='bbox 1479 1806 1629 1836; x_wconf 81' lang='lat' dir='ltr'>Philebus</span> <span class='ocrx_word' id='word_1_131' title='bbox 1655 1807 1727 1847; x_wconf 89' lang='lat' dir='ltr'>qui-</span> 
     </span>
     <span class='ocr_line' id='line_1_14' title="bbox 251 1859 1726 1901; baseline 0.001 -12"><span class='ocrx_word' id='word_1_132' title='bbox 251 1859 323 1890; x_wconf 90' lang='lat' dir='ltr'>dem</span> <span class='ocrx_word' id='word_1_133' title='bbox 340 1859 521 1899; x_wconf 84' lang='lat' dir='ltr'>nosterjam</span> <span class='ocrx_word' id='word_1_134' title='bbox 533 1861 668 1891; x_wconf 89' lang='lat' dir='ltr'>dicendo</span> <span class='ocrx_word' id='word_1_135' title='bbox 684 1860 824 1891; x_wconf 82' lang='lat' dir='ltr'>defessus</span> <span class='ocrx_word' id='word_1_136' title='bbox 841 1865 898 1891; x_wconf 85' lang='lat' dir='ltr'>est.</span> <span class='ocrx_word' id='word_1_137' title='bbox 940 1860 1075 1901; x_wconf 81' lang='lat' dir='ltr'>Oportet</span> <span class='ocrx_word' id='word_1_138' title='bbox 1090 1866 1205 1897; x_wconf 87' lang='lat' dir='ltr'>tamen,</span> <span class='ocrx_word' id='word_1_139' title='bbox 1221 1860 1296 1901; x_wconf 86' lang='lat' dir='ltr'>quid</span> <span class='ocrx_word' id='word_1_140' title='bbox 1323 1860 1352 1889; x_wconf 91' lang='lat' dir='ltr'>in</span> <span class='ocrx_word' id='word_1_141' title='bbox 1377 1860 1412 1890; x_wconf 90' lang='lat' dir='ltr'>iis</span> <span class='ocrx_word' id='word_1_142' title='bbox 1431 1870 1535 1890; x_wconf 76' lang='lat' dir='ltr'>verum</span> <span class='ocrx_word' id='word_1_143' title='bbox 1561 1860 1613 1899; x_wconf 84' lang='lat' dir='ltr'>sit,</span> <span class='ocrx_word' id='word_1_144' title='bbox 1641 1860 1726 1890; x_wconf 90' lang='lat' dir='ltr'>omni</span> 
     </span>
     <span class='ocr_line' id='line_1_15' title="bbox 251 1913 1725 1956; baseline 0.001 -13"><span class='ocrx_word' id='word_1_145' title='bbox 251 1913 354 1944; x_wconf 90' lang='lat' dir='ltr'>studio</span> <span class='ocrx_word' id='word_1_146' title='bbox 370 1914 511 1946; x_wconf 83' lang='lat' dir='ltr'>definire.</span> <span class='ocrx_word' id='word_1_147' title='bbox 558 1915 647 1946; x_wconf 85' lang='lat' dir='ltr'>Pno.</span> <span class='ocrx_word' id='word_1_148' title='bbox 672 1914 807 1956; x_wconf 82' lang='lat' dir='ltr'>Oportet</span> <span class='ocrx_word' id='word_1_149' title='bbox 822 1925 907 1945; x_wconf 82' lang='lat' dir='ltr'>sane.</span> <span class='ocrx_word' id='word_1_150' title='bbox 955 1915 1011 1945; x_wconf 83' lang='lat' dir='ltr'>So.</span> <span class='ocrx_word' id='word_1_151' title='bbox 1036 1914 1104 1955; x_wconf 84' lang='lat' dir='ltr'>Age</span> <span class='ocrx_word' id='word_1_152' title='bbox 1121 1915 1226 1955; x_wconf 85' lang='lat' dir='ltr'>igitur,</span> <span class='ocrx_word' id='word_1_153' title='bbox 1243 1919 1353 1955; x_wconf 79' lang='lat' dir='ltr'>praeter</span> <span class='ocrx_word' id='word_1_154' title='bbox 1369 1915 1435 1944; x_wconf 82' lang='lat' dir='ltr'>haec</span> <span class='ocrx_word' id='word_1_155' title='bbox 1452 1914 1482 1944; x_wconf 89' lang='lat' dir='ltr'>id</span> <span class='ocrx_word' id='word_1_156' title='bbox 1500 1914 1627 1955; x_wconf 81' lang='lat' dir='ltr'>insuper</span> <span class='ocrx_word' id='word_1_157' title='bbox 1643 1924 1725 1944; x_wconf 85' lang='lat' dir='ltr'>asse-</span> 
     </span>
     <span class='ocr_line' id='line_1_16' title="bbox 249 1967 1724 2009; baseline 0.002 -13"><span class='ocrx_word' id='word_1_158' title='bbox 249 1977 401 1999; x_wconf 87' lang='lat' dir='ltr'>veremus.</span> <span class='ocrx_word' id='word_1_159' title='bbox 446 1969 534 2001; x_wconf 76' lang='lat' dir='ltr'>Pno.</span> <span class='ocrx_word' id='word_1_160' title='bbox 561 1969 746 2005; x_wconf 82' lang='lat' dir='ltr'>Quidnam?</span> <span class='ocrx_word' id='word_1_161' title='bbox 794 1968 850 1999; x_wconf 86' lang='lat' dir='ltr'>So.</span> <span class='ocrx_word' id='word_1_162' title='bbox 876 1968 970 2004; x_wconf 74' lang='lat' dir='ltr'>Quod</span> <span class='ocrx_word' id='word_1_163' title='bbox 990 1973 1119 2009; x_wconf 87' lang='lat' dir='ltr'>uterque</span> <span class='ocrx_word' id='word_1_164' title='bbox 1142 1973 1280 1998; x_wconf 85' lang='lat' dir='ltr'>nostrum</span> <span class='ocrx_word' id='word_1_165' title='bbox 1297 1967 1438 1998; x_wconf 86' lang='lat' dir='ltr'>habitum</span> <span class='ocrx_word' id='word_1_166' title='bbox 1451 1968 1608 2008; x_wconf 82' lang='lat' dir='ltr'>quendam</span> <span class='ocrx_word' id='word_1_167' title='bbox 1627 1973 1658 1999; x_wconf 83' lang='lat' dir='ltr'>et</span> <span class='ocrx_word' id='word_1_168' title='bbox 1674 1969 1724 1999; x_wconf 85' lang='lat' dir='ltr'>af-</span> 
     </span>
     <span class='ocr_line' id='line_1_17' title="bbox 251 2021 1726 2063; baseline 0.002 -12"><span class='ocrx_word' id='word_1_169' title='bbox 251 2021 419 2052; x_wconf 81' lang='lat' dir='ltr'>fectionem</span> <span class='ocrx_word' id='word_1_170' title='bbox 436 2022 544 2057; x_wconf 85' lang='lat' dir='ltr'>animi,</span> <span class='ocrx_word' id='word_1_171' title='bbox 560 2032 630 2063; x_wconf 76' lang='lat' dir='ltr'>quae</span> <span class='ocrx_word' id='word_1_172' title='bbox 645 2022 766 2053; x_wconf 92' lang='lat' dir='ltr'>cunctis</span> <span class='ocrx_word' id='word_1_173' title='bbox 783 2021 959 2052; x_wconf 86' lang='lat' dir='ltr'>hominibus</span> <span class='ocrx_word' id='word_1_174' title='bbox 976 2022 1070 2052; x_wconf 85' lang='lat' dir='ltr'>vitam</span> <span class='ocrx_word' id='word_1_175' title='bbox 1089 2023 1210 2052; x_wconf 80' lang='lat' dir='ltr'>beatam</span> <span class='ocrx_word' id='word_1_176' title='bbox 1229 2022 1365 2062; x_wconf 85' lang='lat' dir='ltr'>praebere</span> <span class='ocrx_word' id='word_1_177' title='bbox 1381 2021 1496 2058; x_wconf 79' lang='lat' dir='ltr'>valeat,</span> <span class='ocrx_word' id='word_1_178' title='bbox 1514 2022 1726 2054; x_wconf 83' lang='lat' dir='ltr'>demonstrare</span> 
     </span>
     <span class='ocr_line' id='line_1_18' title="bbox 252 2074 1726 2116; baseline 0.001 -12"><span class='ocrx_word' id='word_1_179' title='bbox 252 2075 425 2106; x_wconf 78' lang='lat' dir='ltr'>conabitur.</span> <span class='ocrx_word' id='word_1_180' title='bbox 448 2076 575 2106; x_wconf 86' lang='lat' dir='ltr'>nonne?</span> <span class='ocrx_word' id='word_1_181' title='bbox 625 2076 710 2106; x_wconf 77' lang='lat' dir='ltr'>Pno.</span> <span class='ocrx_word' id='word_1_182' title='bbox 734 2075 839 2106; x_wconf 86' lang='lat' dir='ltr'>Certe.</span> <span class='ocrx_word' id='word_1_183' title='bbox 885 2075 939 2106; x_wconf 90' lang='lat' dir='ltr'>So.</span> <span class='ocrx_word' id='word_1_184' title='bbox 964 2074 1007 2104; x_wconf 87' lang='lat' dir='ltr'>Et</span> <span class='ocrx_word' id='word_1_185' title='bbox 1035 2085 1090 2105; x_wconf 86' lang='lat' dir='ltr'>vos</span> <span class='ocrx_word' id='word_1_186' title='bbox 1118 2075 1258 2116; x_wconf 81' lang='lat' dir='ltr'>profecto</span> <span class='ocrx_word' id='word_1_187' title='bbox 1290 2075 1428 2106; x_wconf 84' lang='lat' dir='ltr'>habitum</span> <span class='ocrx_word' id='word_1_188' title='bbox 1462 2075 1726 2116; x_wconf 78' lang='lat' dir='ltr'>affectionemque</span> 
     </span>
     <span class='ocr_line' id='line_1_19' title="bbox 251 2128 1726 2171; baseline 0.001 -13"><span class='ocrx_word' id='word_1_189' title='bbox 251 2128 392 2166; x_wconf 82' lang='lat' dir='ltr'>laetandi,</span> <span class='ocrx_word' id='word_1_190' title='bbox 407 2140 464 2159; x_wconf 88' lang='lat' dir='ltr'>nos</span> <span class='ocrx_word' id='word_1_191' title='bbox 480 2135 583 2161; x_wconf 84' lang='lat' dir='ltr'>autem</span> <span class='ocrx_word' id='word_1_192' title='bbox 600 2129 756 2170; x_wconf 85' lang='lat' dir='ltr'>sapiendi.</span> <span class='ocrx_word' id='word_1_193' title='bbox 802 2130 888 2160; x_wconf 79' lang='lat' dir='ltr'>Pno.</span> <span class='ocrx_word' id='word_1_194' title='bbox 913 2130 963 2160; x_wconf 83' lang='lat' dir='ltr'>Sic</span> <span class='ocrx_word' id='word_1_195' title='bbox 979 2134 1037 2161; x_wconf 82' lang='lat' dir='ltr'>est.</span> <span class='ocrx_word' id='word_1_196' title='bbox 1085 2130 1140 2161; x_wconf 85' lang='lat' dir='ltr'>So.</span> <span class='ocrx_word' id='word_1_197' title='bbox 1165 2130 1200 2160; x_wconf 89' lang='lat' dir='ltr'>Si</span> <span class='ocrx_word' id='word_1_198' title='bbox 1216 2129 1287 2171; x_wconf 86' lang='lat' dir='ltr'>quis</span> <span class='ocrx_word' id='word_1_199' title='bbox 1303 2141 1373 2161; x_wconf 89' lang='lat' dir='ltr'>vero</span> <span class='ocrx_word' id='word_1_200' title='bbox 1389 2129 1515 2161; x_wconf 86' lang='lat' dir='ltr'>habitus</span> <span class='ocrx_word' id='word_1_201' title='bbox 1530 2131 1726 2171; x_wconf 66' lang='lat' dir='ltr'>praestantior</span> 
     </span>
     <span class='ocr_line' id='line_1_20' title="bbox 251 2182 1726 2225; baseline 0.001 -13"><span class='ocrx_word' id='word_1_202' title='bbox 251 2182 318 2214; x_wconf 87' lang='lat' dir='ltr'>istis</span> <span class='ocrx_word' id='word_1_203' title='bbox 341 2188 502 2224; x_wconf 81' lang='lat' dir='ltr'>appareat,</span> <span class='ocrx_word' id='word_1_204' title='bbox 525 2183 579 2225; x_wconf 90' lang='lat' dir='ltr'>qui</span> <span class='ocrx_word' id='word_1_205' title='bbox 596 2183 751 2224; x_wconf 83' lang='lat' dir='ltr'>voluptati</span> <span class='ocrx_word' id='word_1_206' title='bbox 774 2183 937 2225; x_wconf 81' lang='lat' dir='ltr'>cognatior</span> <span class='ocrx_word' id='word_1_207' title='bbox 953 2183 1105 2220; x_wconf 77' lang='lat' dir='ltr'>videatur,</span> <span class='ocrx_word' id='word_1_208' title='bbox 1120 2194 1139 2214; x_wconf 82' lang='lat' dir='ltr'>a</span> <span class='ocrx_word' id='word_1_209' title='bbox 1155 2184 1207 2214; x_wconf 84' lang='lat' dir='ltr'>tali</span> <span class='ocrx_word' id='word_1_210' title='bbox 1225 2184 1300 2221; x_wconf 82' lang='lat' dir='ltr'>vita,</span> <span class='ocrx_word' id='word_1_211' title='bbox 1329 2195 1400 2215; x_wconf 92' lang='lat' dir='ltr'>cum</span> <span class='ocrx_word' id='word_1_212' title='bbox 1423 2183 1542 2214; x_wconf 78' lang='lat' dir='ltr'>stabilis</span> <span class='ocrx_word' id='word_1_213' title='bbox 1570 2183 1609 2214; x_wconf 86' lang='lat' dir='ltr'>sit</span> <span class='ocrx_word' id='word_1_214' title='bbox 1631 2188 1726 2224; x_wconf 85' lang='lat' dir='ltr'>atque</span> 
     </span>
     <span class='ocr_line' id='line_1_21' title="bbox 250 2236 1724 2279; baseline 0.001 -13"><span class='ocrx_word' id='word_1_215' title='bbox 250 2236 319 2266; x_wconf 80' lang='lat' dir='ltr'>haec</span> <span class='ocrx_word' id='word_1_216' title='bbox 335 2236 460 2268; x_wconf 88' lang='lat' dir='ltr'>firmiter</span> <span class='ocrx_word' id='word_1_217' title='bbox 483 2237 558 2279; x_wconf 85' lang='lat'>[12]</span> <span class='ocrx_word' id='word_1_218' title='bbox 582 2238 708 2274; x_wconf 81' lang='lat' dir='ltr'>babeat,</span> <span class='ocrx_word' id='word_1_219' title='bbox 724 2237 846 2278; x_wconf 89' lang='lat' dir='ltr'>utrique</span> <span class='ocrx_word' id='word_1_220' title='bbox 863 2237 993 2268; x_wconf 89' lang='lat' dir='ltr'>nimium</span> <span class='ocrx_word' id='word_1_221' title='bbox 1006 2238 1220 2279; x_wconf 82' lang='lat' dir='ltr'>superabimur</span> <span class='ocrx_word' id='word_1_222' title='bbox 1235 2249 1242 2268; x_wconf 90' lang='lat'><strong>:</strong></span> <span class='ocrx_word' id='word_1_223' title='bbox 1266 2238 1411 2279; x_wconf 84' lang='lat' dir='ltr'>voluptas</span> <span class='ocrx_word' id='word_1_224' title='bbox 1424 2242 1526 2268; x_wconf 72' lang='lat' dir='ltr'>autem</span> <span class='ocrx_word' id='word_1_225' title='bbox 1538 2237 1724 2278; x_wconf 85' lang='lat' dir='ltr'>sapientiam</span> 
     </span>
     <span class='ocr_line' id='line_1_22' title="bbox 253 2291 1725 2334; baseline 0.001 -14"><span class='ocrx_word' id='word_1_226' title='bbox 253 2291 435 2331; x_wconf 84' lang='lat' dir='ltr'>superabit?</span> <span class='ocrx_word' id='word_1_227' title='bbox 481 2291 568 2322; x_wconf 85' lang='lat' dir='ltr'>Pno.</span> <span class='ocrx_word' id='word_1_228' title='bbox 593 2292 752 2323; x_wconf 83' lang='lat' dir='ltr'>Profecto.</span> <span class='ocrx_word' id='word_1_229' title='bbox 798 2291 854 2323; x_wconf 82' lang='lat' dir='ltr'>So.</span> <span class='ocrx_word' id='word_1_230' title='bbox 880 2292 935 2322; x_wconf 88' lang='lat' dir='ltr'>Sin</span> <span class='ocrx_word' id='word_1_231' title='bbox 967 2297 1071 2322; x_wconf 83' lang='lat' dir='ltr'>autem</span> <span class='ocrx_word' id='word_1_232' title='bbox 1104 2292 1269 2334; x_wconf 78' lang='lat' dir='ltr'>sapientiae</span> <span class='ocrx_word' id='word_1_233' title='bbox 1301 2292 1341 2322; x_wconf 83' lang='lat' dir='ltr'>sit</span> <span class='ocrx_word' id='word_1_234' title='bbox 1371 2291 1589 2333; x_wconf 84' lang='lat' dir='ltr'>propinquior,</span> <span class='ocrx_word' id='word_1_235' title='bbox 1619 2291 1725 2322; x_wconf 80' lang='lat' dir='ltr'>vincet</span> 
     </span>
     <span class='ocr_line' id='line_1_23' title="bbox 253 2343 1722 2387; baseline 0.001 -13"><span class='ocrx_word' id='word_1_236' title='bbox 253 2343 363 2386; x_wconf 89' lang='lat' dir='ltr'>utique</span> <span class='ocrx_word' id='word_1_237' title='bbox 388 2344 544 2386; x_wconf 80' lang='lat' dir='ltr'>sapientia</span> <span class='ocrx_word' id='word_1_238' title='bbox 559 2345 764 2387; x_wconf 82' lang='lat' dir='ltr'>voluptatem,</span> <span class='ocrx_word' id='word_1_239' title='bbox 788 2346 933 2387; x_wconf 87' lang='lat' dir='ltr'>voluptas</span> <span class='ocrx_word' id='word_1_240' title='bbox 957 2352 1064 2378; x_wconf 83' lang='lat' dir='ltr'>contra</span> <span class='ocrx_word' id='word_1_241' title='bbox 1089 2347 1282 2378; x_wconf 86' lang='lat' dir='ltr'>succumbet.</span> <span class='ocrx_word' id='word_1_242' title='bbox 1328 2346 1414 2376; x_wconf 87' lang='lat' dir='ltr'>Num</span> <span class='ocrx_word' id='word_1_243' title='bbox 1442 2346 1502 2376; x_wconf 82' lang='lat' dir='ltr'>ista</span> <span class='ocrx_word' id='word_1_244' title='bbox 1526 2346 1722 2377; x_wconf 84' lang='lat' dir='ltr'>conceditis?</span> 
     </span>
     <span class='ocr_line' id='line_1_24' title="bbox 254 2397 1724 2441; baseline 0 -13"><span class='ocrx_word' id='word_1_245' title='bbox 254 2397 342 2429; x_wconf 78' lang='lat' dir='ltr'>Pno.</span> <span class='ocrx_word' id='word_1_246' title='bbox 365 2398 451 2429; x_wconf 77' lang='lat' dir='ltr'>Mihi</span> <span class='ocrx_word' id='word_1_247' title='bbox 467 2399 595 2440; x_wconf 86' lang='lat' dir='ltr'>quidem</span> <span class='ocrx_word' id='word_1_248' title='bbox 612 2400 817 2431; x_wconf 82' lang='lat' dir='ltr'>concedenda</span> <span class='ocrx_word' id='word_1_249' title='bbox 840 2401 995 2431; x_wconf 86' lang='lat' dir='ltr'>videntur.</span> <span class='ocrx_word' id='word_1_250' title='bbox 1044 2401 1101 2431; x_wconf 88' lang='lat' dir='ltr'>So.</span> <span class='ocrx_word' id='word_1_251' title='bbox 1125 2400 1259 2431; x_wconf 80' lang='lat' dir='ltr'>Philebo</span> <span class='ocrx_word' id='word_1_252' title='bbox 1284 2406 1387 2431; x_wconf 84' lang='lat' dir='ltr'>autem</span> <span class='ocrx_word' id='word_1_253' title='bbox 1411 2400 1559 2441; x_wconf 88' lang='lat' dir='ltr'>quidnam</span> <span class='ocrx_word' id='word_1_254' title='bbox 1578 2399 1724 2430; x_wconf 74' lang='lat' dir='ltr'>videtur?</span> 
     </span>
     <span class='ocr_line' id='line_1_25' title="bbox 256 2450 1724 2495; baseline 0.002 -14"><span class='ocrx_word' id='word_1_255' title='bbox 256 2450 336 2482; x_wconf 70' lang='lat' dir='ltr'>Pru.</span> <span class='ocrx_word' id='word_1_256' title='bbox 361 2451 444 2482; x_wconf 84' lang='lat' dir='ltr'>Mihi</span> <span class='ocrx_word' id='word_1_257' title='bbox 470 2463 543 2483; x_wconf 85' lang='lat' dir='ltr'>sane</span> <span class='ocrx_word' id='word_1_258' title='bbox 561 2453 703 2494; x_wconf 81' lang='lat' dir='ltr'>voluptas</span> <span class='ocrx_word' id='word_1_259' title='bbox 720 2458 863 2494; x_wconf 83' lang='lat' dir='ltr'>praestare</span> <span class='ocrx_word' id='word_1_260' title='bbox 880 2454 1004 2485; x_wconf 86' lang='lat' dir='ltr'>videtur</span> <span class='ocrx_word' id='word_1_261' title='bbox 1019 2465 1202 2495; x_wconf 83' lang='lat' dir='ltr'>semperque</span> <span class='ocrx_word' id='word_1_262' title='bbox 1218 2454 1388 2485; x_wconf 83' lang='lat' dir='ltr'>videbitur.</span> <span class='ocrx_word' id='word_1_263' title='bbox 1414 2454 1480 2494; x_wconf 81' lang='lat' dir='ltr'>ipse</span> <span class='ocrx_word' id='word_1_264' title='bbox 1506 2459 1609 2484; x_wconf 85' lang='lat' dir='ltr'>autem</span> <span class='ocrx_word' id='word_1_265' title='bbox 1627 2464 1724 2484; x_wconf 78' lang='lat' dir='ltr'>nove—</span> 
     </span>
     <span class='ocr_line' id='line_1_26' title="bbox 253 2503 1723 2549; baseline 0.003 -16"><span class='ocrx_word' id='word_1_266' title='bbox 253 2503 306 2544; x_wconf 83' lang='lat' dir='ltr'>ris,</span> <span class='ocrx_word' id='word_1_267' title='bbox 322 2515 340 2535; x_wconf 92' lang='lat' dir='ltr'>o</span> <span class='ocrx_word' id='word_1_268' title='bbox 353 2505 533 2540; x_wconf 88' lang='lat' dir='ltr'>Protarche.</span> <span class='ocrx_word' id='word_1_269' title='bbox 562 2507 649 2539; x_wconf 74' lang='lat' dir='ltr'>Pno.</span> <span class='ocrx_word' id='word_1_270' title='bbox 674 2507 755 2539; x_wconf 87' lang='lat' dir='ltr'>Cum</span> <span class='ocrx_word' id='word_1_271' title='bbox 767 2507 834 2549; x_wconf 87' lang='lat' dir='ltr'>jam</span> <span class='ocrx_word' id='word_1_272' title='bbox 848 2508 952 2548; x_wconf 85' lang='lat' dir='ltr'>nobis,</span> <span class='ocrx_word' id='word_1_273' title='bbox 968 2508 1111 2545; x_wconf 65' lang='lat' dir='ltr'>milche,</span> <span class='ocrx_word' id='word_1_274' title='bbox 1128 2508 1318 2539; x_wconf 84' lang='lat' dir='ltr'>concesseris</span> <span class='ocrx_word' id='word_1_275' title='bbox 1334 2507 1556 2548; x_wconf 81' lang='lat' dir='ltr'>disputationis</span> <span class='ocrx_word' id='word_1_276' title='bbox 1571 2507 1723 2546; x_wconf 83' lang='lat' dir='ltr'>officium,</span> 
     </span>
     <span class='ocr_line' id='line_1_27' title="bbox 252 2558 1723 2603; baseline 0.001 -15"><span class='ocrx_word' id='word_1_277' title='bbox 252 2558 335 2589; x_wconf 94' lang='lat' dir='ltr'>haud</span> <span class='ocrx_word' id='word_1_278' title='bbox 368 2560 501 2601; x_wconf 80' lang='lat' dir='ltr'>amplius</span> <span class='ocrx_word' id='word_1_279' title='bbox 531 2563 614 2603; x_wconf 90' lang='lat' dir='ltr'>apud</span> <span class='ocrx_word' id='word_1_280' title='bbox 644 2567 674 2593; x_wconf 84' lang='lat' dir='ltr'>te</span> <span class='ocrx_word' id='word_1_281' title='bbox 700 2563 892 2593; x_wconf 85' lang='lat' dir='ltr'>assentiendi</span> <span class='ocrx_word' id='word_1_282' title='bbox 915 2563 1033 2594; x_wconf 85' lang='lat' dir='ltr'>Socrati</span> <span class='ocrx_word' id='word_1_283' title='bbox 1051 2563 1099 2593; x_wconf 89' lang='lat' dir='ltr'>vel</span> <span class='ocrx_word' id='word_1_284' title='bbox 1126 2561 1334 2593; x_wconf 85' lang='lat' dir='ltr'>dissentiendi</span> <span class='ocrx_word' id='word_1_285' title='bbox 1361 2567 1499 2602; x_wconf 77' lang='lat' dir='ltr'>potestas</span> <span class='ocrx_word' id='word_1_286' title='bbox 1524 2561 1594 2592; x_wconf 83' lang='lat' dir='ltr'>erit.</span> <span class='ocrx_word' id='word_1_287' title='bbox 1641 2561 1723 2591; x_wconf 77' lang='lat' dir='ltr'>Pur.</span> 
     </span>
     <span class='ocr_line' id='line_1_28' title="bbox 254 2612 1722 2658; baseline 0.002 -16"><span class='ocrx_word' id='word_1_288' title='bbox 254 2612 337 2643; x_wconf 89' lang='lat' dir='ltr'>Vera</span> <span class='ocrx_word' id='word_1_289' title='bbox 348 2613 438 2646; x_wconf 88' lang='lat' dir='ltr'>dicis.</span> <span class='ocrx_word' id='word_1_290' title='bbox 483 2615 538 2647; x_wconf 83' lang='lat' dir='ltr'>So.</span> <span class='ocrx_word' id='word_1_291' title='bbox 562 2615 606 2646; x_wconf 86' lang='lat' dir='ltr'>At</span> <span class='ocrx_word' id='word_1_292' title='bbox 621 2626 704 2647; x_wconf 86' lang='lat' dir='ltr'>nunc</span> <span class='ocrx_word' id='word_1_293' title='bbox 720 2617 909 2658; x_wconf 83' lang='lat' dir='ltr'>expiationis</span> <span class='ocrx_word' id='word_1_294' title='bbox 925 2617 1023 2658; x_wconf 85' lang='lat' dir='ltr'>gratia</span> <span class='ocrx_word' id='word_1_295' title='bbox 1039 2617 1130 2647; x_wconf 85' lang='lat' dir='ltr'>dcam</span> <span class='ocrx_word' id='word_1_296' title='bbox 1147 2616 1246 2657; x_wconf 86' lang='lat' dir='ltr'>ipsam</span> <span class='ocrx_word' id='word_1_297' title='bbox 1263 2615 1395 2657; x_wconf 88' lang='lat' dir='ltr'>primum</span> <span class='ocrx_word' id='word_1_298' title='bbox 1417 2615 1529 2646; x_wconf 86' lang='lat' dir='ltr'>invoco</span> <span class='ocrx_word' id='word_1_299' title='bbox 1551 2620 1644 2656; x_wconf 83' lang='lat' dir='ltr'>atque</span> <span class='ocrx_word' id='word_1_300' title='bbox 1661 2620 1722 2645; x_wconf 84' lang='lat' dir='ltr'>tes-</span> 
     </span>
     <span class='ocr_line' id='line_1_29' title="bbox 254 2667 1722 2711; baseline 0.001 -15"><span class='ocrx_word' id='word_1_301' title='bbox 254 2671 313 2698; x_wconf 91' lang='lat' dir='ltr'>tor.</span> <span class='ocrx_word' id='word_1_302' title='bbox 358 2667 447 2701; x_wconf 74' lang='lat' dir='ltr'><strong>PRO.</strong></span> <span class='ocrx_word' id='word_1_303' title='bbox 471 2668 513 2699; x_wconf 87' lang='lat' dir='ltr'>Et</span> <span class='ocrx_word' id='word_1_304' title='bbox 539 2680 595 2700; x_wconf 86' lang='lat' dir='ltr'>nos</span> <span class='ocrx_word' id='word_1_305' title='bbox 623 2680 749 2711; x_wconf 81' lang='lat' dir='ltr'>quoque</span> <span class='ocrx_word' id='word_1_306' title='bbox 780 2676 874 2702; x_wconf 85' lang='lat' dir='ltr'>testes</span> <span class='ocrx_word' id='word_1_307' title='bbox 904 2671 1031 2710; x_wconf 80' lang='lat' dir='ltr'>erimus,</span> <span class='ocrx_word' id='word_1_308' title='bbox 1059 2675 1089 2701; x_wconf 87' lang='lat' dir='ltr'>te</span> <span class='ocrx_word' id='word_1_309' title='bbox 1117 2670 1179 2701; x_wconf 89' lang='lat' dir='ltr'>ista</span> <span class='ocrx_word' id='word_1_310' title='bbox 1203 2669 1327 2700; x_wconf 81' lang='lat' dir='ltr'>dixisse.</span> <span class='ocrx_word' id='word_1_311' title='bbox 1373 2669 1489 2701; x_wconf 82' lang='lat' dir='ltr'>Verum</span> <span class='ocrx_word' id='word_1_312' title='bbox 1513 2669 1674 2710; x_wconf 85' lang='lat' dir='ltr'>deinceps,</span> <span class='ocrx_word' id='word_1_313' title='bbox 1703 2679 1722 2698; x_wconf 95' lang='grc' dir='ltr'>ο</span> 
     </span>
     <span class='ocr_line' id='line_1_30' title="bbox 255 2720 1722 2766; baseline -0.001 -15"><span class='ocrx_word' id='word_1_314' title='bbox 255 2721 410 2759; x_wconf 83' lang='lat' dir='ltr'>Socrates,</span> <span class='ocrx_word' id='word_1_315' title='bbox 436 2733 499 2753; x_wconf 90' lang='lat' dir='ltr'>una</span> <span class='ocrx_word' id='word_1_316' title='bbox 525 2734 594 2754; x_wconf 90' lang='lat' dir='ltr'>cum</span> <span class='ocrx_word' id='word_1_317' title='bbox 619 2724 744 2755; x_wconf 89' lang='lat' dir='ltr'>volente</span> <span class='ocrx_word' id='word_1_318' title='bbox 769 2725 916 2766; x_wconf 76' lang='lat' dir='ltr'>Philebo,</span> <span class='ocrx_word' id='word_1_319' title='bbox 933 2726 980 2755; x_wconf 67' lang='lat' dir='ltr'>vel</span> <span class='ocrx_word' id='word_1_320' title='bbox 1005 2724 1291 2766; x_wconf 85' lang='lat' dir='ltr'>quomodocunque</span> <span class='ocrx_word' id='word_1_321' title='bbox 1309 2724 1364 2759; x_wconf 89' lang='lat' dir='ltr'>vis,</span> <span class='ocrx_word' id='word_1_322' title='bbox 1381 2732 1528 2754; x_wconf 84' lang='lat' dir='ltr'>conemur</span> <span class='ocrx_word' id='word_1_323' title='bbox 1553 2720 1722 2751; x_wconf 81' lang='lat' dir='ltr'>absolvere.</span> 
     </span>
     <span class='ocr_line' id='line_1_31' title="bbox 254 2774 1720 2820; baseline -0.003 -15"><span class='ocrx_word' id='word_1_324' title='bbox 254 2774 308 2805; x_wconf 91' lang='lat' dir='ltr'>So.</span> <span class='ocrx_word' id='word_1_325' title='bbox 332 2775 520 2808; x_wconf 87' lang='lat' dir='ltr'>Annitamur</span> <span class='ocrx_word' id='word_1_326' title='bbox 536 2774 677 2819; x_wconf 66' lang='lat' dir='ltr'>profe&#39;cto</span> <span class='ocrx_word' id='word_1_327' title='bbox 692 2779 730 2809; x_wconf 85' lang='lat' dir='ltr'>ab</span> <span class='ocrx_word' id='word_1_328' title='bbox 747 2778 814 2820; x_wconf 83' lang='lat' dir='ltr'>ipsa</span> <span class='ocrx_word' id='word_1_329' title='bbox 831 2779 890 2810; x_wconf 85' lang='lat' dir='ltr'>dea</span> <span class='ocrx_word' id='word_1_330' title='bbox 905 2779 1115 2815; x_wconf 80' lang='lat' dir='ltr'>exordientes,</span> <span class='ocrx_word' id='word_1_331' title='bbox 1132 2789 1224 2819; x_wconf 84' lang='lat' dir='ltr'>quam</span> <span class='ocrx_word' id='word_1_332' title='bbox 1253 2778 1312 2808; x_wconf 78' lang='lat' dir='ltr'>iste</span> <span class='ocrx_word' id='word_1_333' title='bbox 1328 2777 1482 2808; x_wconf 81' lang='lat' dir='ltr'>Venerem</span> <span class='ocrx_word' id='word_1_334' title='bbox 1507 2778 1720 2815; x_wconf 84' lang='lat' dir='ltr'>nuncupatam</span> 
     </span>
     <span class='ocr_line' id='line_1_32' title="bbox 251 2827 1720 2875; baseline -0.003 -15"><span class='ocrx_word' id='word_1_335' title='bbox 251 2829 367 2870; x_wconf 84' lang='lat' dir='ltr'>inquit,</span> <span class='ocrx_word' id='word_1_336' title='bbox 384 2831 438 2861; x_wconf 89' lang='lat' dir='ltr'>sed</span> <span class='ocrx_word' id='word_1_337' title='bbox 457 2832 646 2863; x_wconf 86' lang='lat' dir='ltr'>verissimum</span> <span class='ocrx_word' id='word_1_338' title='bbox 674 2843 788 2864; x_wconf 90' lang='lat' dir='ltr'>nomen</span> <span class='ocrx_word' id='word_1_339' title='bbox 813 2833 881 2874; x_wconf 85' lang='lat' dir='ltr'>ejus</span> <span class='ocrx_word' id='word_1_340' title='bbox 898 2834 1090 2875; x_wconf 83' lang='lat' dir='ltr'>voluptatem</span> <span class='ocrx_word' id='word_1_341' title='bbox 1116 2843 1195 2864; x_wconf 83' lang='lat' dir='ltr'>esse.</span> <span class='ocrx_word' id='word_1_342' title='bbox 1242 2832 1328 2863; x_wconf 78' lang='lat' dir='ltr'>Pno.</span> <span class='ocrx_word' id='word_1_343' title='bbox 1352 2831 1453 2861; x_wconf 84' lang='lat' dir='ltr'>Recte</span> <span class='ocrx_word' id='word_1_344' title='bbox 1475 2828 1617 2859; x_wconf 86' lang='lat' dir='ltr'>nimium.</span> <span class='ocrx_word' id='word_1_345' title='bbox 1663 2827 1720 2856; x_wconf 86' lang='lat' dir='ltr'>So.</span> 
     </span>
     <span class='ocr_line' id='line_1_33' title="bbox 253 2880 1720 2930; baseline -0.004 -15"><span class='ocrx_word' id='word_1_346' title='bbox 253 2884 445 2916; x_wconf 84' lang='lat' dir='ltr'>Reverentia</span> <span class='ocrx_word' id='word_1_347' title='bbox 460 2896 532 2917; x_wconf 91' lang='lat' dir='ltr'>vero</span> <span class='ocrx_word' id='word_1_348' title='bbox 548 2886 623 2917; x_wconf 87' lang='lat' dir='ltr'>mihi</span> <span class='ocrx_word' id='word_1_349' title='bbox 638 2898 760 2928; x_wconf 87' lang='lat' dir='ltr'>semper</span> <span class='ocrx_word' id='word_1_350' title='bbox 775 2898 848 2930; x_wconf 82' lang='lat' dir='ltr'>erga</span> <span class='ocrx_word' id='word_1_351' title='bbox 863 2889 992 2918; x_wconf 86' lang='lat' dir='ltr'>deorum</span> <span class='ocrx_word' id='word_1_352' title='bbox 1020 2887 1159 2924; x_wconf 85' lang='lat' dir='ltr'>nomina,</span> <span class='ocrx_word' id='word_1_353' title='bbox 1175 2897 1239 2917; x_wconf 86' lang='lat' dir='ltr'>non</span> <span class='ocrx_word' id='word_1_354' title='bbox 1266 2887 1402 2916; x_wconf 81' lang='lat' dir='ltr'>humana</span> <span class='ocrx_word' id='word_1_355' title='bbox 1428 2883 1571 2925; x_wconf 84' lang='lat' dir='ltr'>quaedam</span> <span class='ocrx_word' id='word_1_356' title='bbox 1587 2880 1720 2911; x_wconf 77' lang='lat' dir='ltr'>formido</span> 
     </span>
    </p>
   </div>
   <div class='ocr_carea' id='block_1_4' title="bbox 253 2937 1721 3026">
    <p class='ocr_par' dir='ltr' id='par_1_4' title="bbox 253 2937 1721 3026">
     <span class='ocr_line' id='line_1_34' title="bbox 253 2937 1721 2984; baseline -0.003 -15"><span class='ocrx_word' id='word_1_357' title='bbox 253 2943 312 2976; x_wconf 81' lang='lat' dir='ltr'>est,</span> <span class='ocrx_word' id='word_1_358' title='bbox 329 2939 384 2970; x_wconf 91' lang='lat' dir='ltr'>sed</span> <span class='ocrx_word' id='word_1_359' title='bbox 402 2938 566 2971; x_wconf 80' lang='lat' dir='ltr'>maximum</span> <span class='ocrx_word' id='word_1_360' title='bbox 585 2951 740 2983; x_wconf 85' lang='lat' dir='ltr'>quemque</span> <span class='ocrx_word' id='word_1_361' title='bbox 757 2941 895 2974; x_wconf 83' lang='lat' dir='ltr'>timorem</span> <span class='ocrx_word' id='word_1_362' title='bbox 913 2947 1088 2984; x_wconf 53' lang='lat' dir='ltr'>exsuperat.</span> <span class='ocrx_word' id='word_1_363' title='bbox 1134 2941 1175 2971; x_wconf 88' lang='lat' dir='ltr'>Et</span> <span class='ocrx_word' id='word_1_364' title='bbox 1191 2951 1274 2971; x_wconf 88' lang='lat' dir='ltr'>nunc</span> <span class='ocrx_word' id='word_1_365' title='bbox 1291 2939 1417 2979; x_wconf 85' lang='lat' dir='ltr'>quidem</span> <span class='ocrx_word' id='word_1_366' title='bbox 1432 2937 1600 2971; x_wconf 74' lang='lat' dir='ltr'>Venerem,</span> <span class='ocrx_word' id='word_1_367' title='bbox 1612 2945 1721 2975; x_wconf 87' lang='lat' dir='ltr'>quem-</span> 
     </span>
     <span class='ocr_line' id='line_1_35' title="bbox 326 2988 1632 3026; baseline 0.001 -2"><span class='ocrx_word' id='word_1_368' title='bbox 326 2993 416 3025; x_wconf 69' lang='lat' dir='ltr'>Plat.</span> <span class='ocrx_word' id='word_1_369' title='bbox 434 2994 488 3026; x_wconf 86' lang='lat' dir='ltr'>Tr.</span> <span class='ocrx_word' id='word_1_370' title='bbox 1027 2995 1071 3025; x_wconf 77' lang='lat'>11.</span> <span class='ocrx_word' id='word_1_371' title='bbox 1604 2988 1632 3017; x_wconf 74' lang='grc' dir='ltr'>Α</span> 
     </span>
    </p>
   </div>
  </div>
 </body>
</html>
