1840 3225
111 231 210 282 452]
515 230 588 269 DE
618 227 927 268 REPUBLICA
958 227 1057 268 Ltss,
1088 228 1138 267 V.
1492 228 1566 266 149

108 345 206 367 errare
221 334 396 376 contigerit,
411 333 604 365 absolvemus
628 337 659 363 te
675 331 760 362 velut
783 331 821 361 ab
846 329 1029 367 homicidio,
1044 336 1076 362 et
1090 330 1243 362 insontem
1260 330 1291 360 in
1307 330 1365 361 hac
1381 328 1570 370 deceptione

109 389 391 431 pronuntiabimus.
415 399 487 429 ergo
509 387 656 418 audacter
679 384 922 427 disputationem
938 385 1110 425 ingredere.
1156 385 1210 416 So.
1234 385 1330 416 Porro
1345 384 1495 414 innocens
1511 389 1570 419 est,

108 443 161 483 qui
177 443 240 474 illic
256 442 434 478 absolvitur,
450 446 485 471 ut
503 441 588 481 leges
611 441 738 471 docent.
759 449 832 480 ergo
857 443 888 469 et
913 438 968 480 qui
985 439 1034 469 hic
1050 439 1229 476 absolvitur,
1245 439 1407 470 innocens.
1454 436 1572 468 GLAU.

110 495 176 527 Dic
190 496 295 537 itaque
311 498 390 527 hanc
414 496 453 526 ob
469 505 604 526 causam.
648 495 701 525 So.
726 492 842 523 Dicere
864 503 947 523 nunc
963 503 1064 523 rursus
1079 498 1214 534 oportet,
1234 503 1304 534 quae
1321 493 1398 522 forte
1421 491 1572 531 deinceps

110 549 246 580 dicenda
271 555 368 580 erant.
391 549 469 581 forte
495 554 598 579 autem
624 558 727 589 operae
753 547 885 588 pretium
912 552 971 587 est,
987 553 1188 588 posteaquam
1205 547 1356 587 integrum
1382 545 1467 576 virile
1491 553 1573 585 opus

110 603 325 644 expressimus,
341 602 490 644 deinceps
507 613 577 644 quae
602 607 674 633 sunt
700 602 861 632 mulierum
878 601 987 632 referre
1005 613 1012 631 :
1038 601 1205 642 praesertim
1221 611 1291 631 cum
1308 601 1346 630 ad
1363 601 1422 630 hoc
1438 600 1505 640 Ipse
1521 609 1571 629 me

107 656 291 688 cohorteris.
335 656 524 687 Hominibus
541 657 666 697 quidem
682 656 762 686 natis
775 660 808 686 et
829 656 968 692 eruditis,
984 655 1248 696 quemadmodum
1263 664 1355 695 supra
1371 653 1573 689 narravimus,

108 715 145 740 ut
159 721 227 741 mea
249 710 309 741 fert
333 710 454 751 opinio,
469 710 555 740 nulla
579 715 626 741 est
648 710 709 740 alia
732 715 815 740 recta
839 709 970 755 filiorum
998 709 1222 749 mulierumque
1238 708 1364 748 adeptio
1381 711 1475 748 atque
1499 716 1570 736 usus

107 774 200 805 quam
216 774 252 794 ea
276 764 325 794 via
351 764 574 805 gradientibus,
599 775 691 806 quarn
717 764 779 805 ipsi
805 774 823 794 a
849 763 1001 804 principio
1027 763 1157 804 ingressi
1179 773 1297 798 sumus,
1327 761 1442 793 etenim
1469 760 1575 791 conati

107 828 223 854 sumus,
247 822 394 860 tanquam
421 819 505 860 gregi
530 820 688 855 custodes,
705 818 785 848 viros
811 828 951 848 sermone
980 817 1147 858 praeficere.
1193 815 1308 847 Gmu.
1333 815 1470 856 Nempe.
1516 814 1572 845 SO.

106 870 279 913 Sequamur
293 872 396 913 igitur,
412 872 643 914 generationem
659 871 923 912 nutritionemque
947 881 1039 912 quam
1061 869 1248 900 simillimam
1265 868 1448 900 adhibentes
1464 879 1471 899 :
1497 878 1575 898 con-

106 925 350 967 sideremusque,
366 931 467 957 utrum
483 926 526 957 ita
541 927 653 957 deceat
668 937 766 957 necne
781 926 792 956 ?
838 925 953 957 Grau.
978 926 1123 962 Quonam
1141 930 1234 965 pacto
1249 924 1259 953 ?
1306 923 1360 954 So.
1384 923 1432 953 Ita
1447 934 1454 953 :
1474 928 1575 953 utrum

106 982 189 1012 inter
203 976 296 1010 canes
312 980 413 1020 gregis
440 981 586 1012 custodes
609 980 739 1011 seminas
763 980 845 1021 ipsas
870 989 1031 1010 censemus
1047 990 1108 1009 una
1134 980 1243 1010 eadem
1271 979 1426 1011 custodire
1450 978 1578 1010 debere,

108 1043 179 1074 quae
204 1038 236 1063 et
259 1043 368 1070 mares,
396 1039 428 1064 et
455 1044 516 1064 una
544 1034 659 1071 venari,
684 1044 720 1065 ac
747 1040 849 1065 cetera
875 1034 979 1064 omnia
1005 1035 1211 1064 communiter
1236 1034 1362 1065 facere:
1388 1044 1427 1064 an
1443 1033 1575 1063 feminas

107 1087 236 1128 quidem
263 1087 347 1117 intus
373 1087 462 1128 quasi
486 1088 660 1119 domestica
685 1089 859 1129 adservare,
877 1095 1023 1128 tanquam
1051 1089 1090 1118 ad
1117 1088 1249 1119 forensia
1265 1099 1359 1129 opera
1374 1087 1575 1129 impotentes,

109 1146 235 1182 propter
250 1141 350 1182 ipsum
367 1142 538 1172 catulorum
568 1148 688 1183 partum
711 1147 743 1173 et
769 1142 990 1172 nutrimentum
1007 1154 1014 1171 :
1039 1143 1191 1173 masculos
1216 1147 1319 1172 autem
1337 1142 1455 1172 labores
1473 1141 1576 1172 subire

109 1204 294 1236 omnemque
309 1195 437 1226 armenti
453 1206 556 1226 curam
573 1196 700 1236 gerere?
746 1194 860 1226 GLAU.
885 1195 1100 1226 Comrnuniter
1122 1195 1169 1225 his
1185 1195 1288 1225 omnia
1303 1195 1464 1225 tribuimus
1482 1206 1488 1223 :
1515 1193 1575 1224 nisi

108 1248 192 1289 quod
219 1248 342 1279 feminis
369 1254 403 1279 ut
427 1249 692 1284 imbecillioribus,
722 1249 855 1279 maribus
882 1254 917 1279 ut
940 1249 1163 1279 robustioribus
1190 1249 1314 1279 utimur.
1373 1248 1427 1279 So.
1456 1247 1575 1278 Fierine

107 1306 223 1342 potest,
239 1308 274 1333 ut
299 1303 424 1333 animali
448 1303 552 1344 aliquo
569 1304 607 1333 ad
632 1304 742 1334 eadem
760 1303 864 1339 utaris,
880 1303 939 1334 nisi
967 1304 1076 1334 eadem
1100 1303 1218 1333 ratione
1235 1303 1397 1333 nutriveris
1412 1301 1575 1332 erudieris-

107 1356 193 1396 que?
239 1355 354 1387 Grau.
377 1357 475 1387 Nullo
500 1358 604 1389 modo.
649 1358 706 1389 So.
729 1358 762 1388 Si
787 1368 860 1398 ergo
885 1357 1009 1388 feminis
1034 1358 1073 1388 ad
1098 1358 1207 1388 eadem
1235 1362 1356 1387 utemur
1378 1367 1414 1387 ac
1441 1356 1524 1392 viris,
1540 1356 1572 1386 in

105 1409 224 1440 eisdem
250 1411 370 1442 erudire
399 1412 503 1444 decet.
522 1400 632 1452 Ἴ[452]
665 1412 779 1443 GLAU.
803 1412 906 1442 Certe.
951 1412 1006 1442 So.
1031 1412 1156 1442 Musica
1186 1416 1289 1442 autem
1317 1415 1348 1441 et
1378 1409 1574 1452 gymnastica

106 1463 188 1494 viros
205 1463 235 1494 in
251 1465 460 1506 superioribus
484 1465 685 1496 erudivimus.
729 1466 845 1498 GLAU.
869 1466 962 1498 Sane.
1007 1466 1063 1497 So.
1087 1465 1274 1498 Mulier-ibus
1296 1464 1388 1506 igitur
1413 1471 1492 1494 artes
1514 1464 1574 1495 hac

106 1516 247 1548 similiter
262 1523 294 1548 et
318 1529 365 1550 res
381 1519 501 1550 bellicae
517 1520 690 1550 tribuendae
706 1525 790 1555 sunt,
807 1521 845 1550 ad
872 1521 1045 1561 eademque
1062 1520 1107 1550 uti
1128 1519 1175 1550 his
1200 1520 1303 1550 decet.
1349 1518 1462 1550 Gmu.
1487 1518 1573 1549 Con-

107 1575 290 1602 sentaneum
307 1571 388 1603 istud
405 1573 531 1614 quidem
548 1584 584 1604 ex
613 1574 672 1610 his,
687 1584 757 1615 quae
774 1574 862 1605 dicis.
907 1574 964 1605 So.
987 1574 1128 1604 Forsitan
1156 1573 1252 1603 multa
1269 1577 1378 1614 praeter
1402 1567 1571 1604 consuetu-

101 1624 212 1656 dinem
240 1626 371 1657 ridicula
393 1628 581 1658 videbuntur
605 1629 691 1659 dicta
714 1629 795 1660 circa
823 1640 871 1665 ea,
897 1639 967 1670 quae
995 1639 1078 1659 nunc
1105 1628 1293 1667 induximus,
1316 1627 1342 1657 si
1370 1631 1500 1668 agantur
1525 1626 1572 1657 vel

107 1677 262 1710 dicantur.
309 1679 424 1712 Gmu.
447 1681 488 1711 Et
504 1682 634 1713 maxime
649 1682 787 1724 quidem.
833 1684 889 1714 So.
914 1683 1001 1720 Quid
1017 1683 1048 1713 in
1064 1683 1110 1713 his
1122 1682 1253 1712 maxime
1269 1681 1433 1712 ridiculum
1445 1680 1545 1712 cernis
1560 1680 1572 1711 .²

108 1741 149 1761 an
176 1733 250 1774 quia
274 1736 373 1765 nudas
399 1734 528 1766 feminas
554 1742 777 1777 conspecturus
808 1738 850 1768 sis
880 1738 910 1768 in
942 1737 1092 1778 palaestris
1118 1747 1188 1767 cum
1217 1736 1289 1766 viris
1318 1740 1483 1771 certantes,
1507 1744 1573 1764 non

107 1786 201 1816 modo
221 1786 370 1829 juvenes,
386 1790 440 1819 sed
467 1794 500 1820 et
526 1790 665 1820 vetulas:
691 1791 954 1831 quemadmodum
980 1802 1067 1822 senes
1084 1791 1163 1821 viros
1187 1791 1221 1821 in
1247 1789 1430 1832 gymnasiis,
1445 1788 1572 1830 quando

108 1851 172 1870 una
187 1848 380 1882 exercentur,
394 1842 467 1875 licet
477 1843 544 1885 jam
567 1844 670 1885 rugosi
686 1845 902 1886 veternosique
918 1845 1002 1875 sint?
1048 1844 1162 1875 GLAU.
1186 1844 1236 1874 Ita
1252 1854 1305 1884 per
1319 1844 1441 1874 Jovem.
1487 1841 1570 1872 Nam

105 1895 270 1926 ridendum
286 1897 317 1927 id
333 1897 470 1938 quidem,
488 1904 520 1928 ut
537 1908 620 1928 nunc
635 1908 681 1928 res
702 1902 785 1934 sunt,
801 1898 955 1929 videatur.
1000 1898 1057 1928 So.
1081 1897 1149 1927 Nos
1166 1896 1269 1937 igitur,
1286 1901 1451 1938 postquam
1467 1895 1573 1926 dicere

105 1949 267 1990 coepimus,
285 1951 526 1992 haudquaquam
542 1952 635 1982 vereri
660 1952 810 1982 debemus
835 1951 1004 1982 facetorum
1030 1951 1190 1981 hominum
1206 1950 1401 1986 dicacitates,
1416 1955 1571 1991 quotcun-

105 2012 166 2043 que
183 2008 214 2033 et
229 2004 461 2046 qualescunque
473 2005 594 2046 jaciant
619 2006 764 2036 adversus
792 2005 969 2047 hujusmodi
987 2005 1203 2043 mutationem,
1218 2015 1312 2046 quam
1328 2005 1409 2036 circa
1422 2005 1572 2036 musicam

108 2056 398 2098 gymnasticamque
423 2059 613 2098 inducimus,
640 2069 742 2100 neque
767 2059 868 2089 minus
895 2059 976 2090 circa
999 2065 1181 2090 armaturam
1208 2065 1445 2100 equestremque
1472 2059 1570 2090 sacul-

105 2114 215 2140 tatem.
260 2110 374 2142 GLAU.
398 2111 501 2143 Probe
528 2112 674 2154 loqueris.
720 2113 774 2144 So.
799 2113 881 2154 Ergo
909 2119 1072 2155 postquam
1096 2114 1200 2144 dicere
1228 2114 1391 2155 coepimuS,
1408 2124 1572 2155 pergarnus

105 2164 146 2193 ad
163 2163 239 2205 legis
263 2166 468 2202 severitatem,
493 2172 637 2207 rogantes
660 2166 748 2205 istos,
764 2177 804 2197 ne
828 2167 920 2197 solito
946 2178 1030 2198 more
1053 2173 1218 2208 nugentur,
1237 2168 1290 2198 sed
1317 2167 1396 2198 seria
1422 2167 1574 2208 cogitent,

105 2218 374 2261 admonentesque
398 2220 480 2250 haud
498 2220 623 2261 longum
641 2221 810 2261 praeterisse
827 2227 960 2263 tempus,
977 2233 1014 2252 ex
1040 2232 1102 2263 quo
1118 2221 1237 2252 Graecis
1264 2222 1366 2262 turpia
1389 2232 1426 2253 ac
1441 2221 1573 2252 ridicula

108 2271 305 2310 videbantur,
332 2284 402 2314 quae
431 2274 525 2305 hodie
551 2275 748 2305 barbarorum
776 2276 930 2316 plerisque
960 2276 1091 2307 ridenda
1118 2276 1271 2314 videntur,
1297 2277 1400 2307 nudos
1427 2276 1577 2307 videlicet

108 2331 248 2366 spectare
274 2326 366 2358 viros.
391 2333 423 2358 et
448 2328 574 2369 quando
601 2328 730 2369 primum
757 2330 994 2360 exercitationes
1021 2329 1200 2369 hujusmodi
1226 2330 1359 2371 aggressi
1386 2331 1523 2366 suerunt,
1539 2329 1572 2360 in

109 2378 213 2419 primis
228 2380 354 2421 quidem
371 2381 546 2418 Cretenses,
564 2383 678 2414 deinde
693 2384 786 2414 etiam
804 2383 1048 2420 Lacedaemonii,
1065 2384 1180 2415 licebat
1194 2385 1334 2426 profecto
1352 2384 1474 2414 urbanis
1490 2383 1575 2420 viris,

107 2432 161 2472 qui
176 2437 251 2463 tunc
265 2439 362 2469 erant,
376 2435 442 2465 haec
458 2436 562 2466 omnia
574 2447 709 2478 carpere.
725 2447 764 2467 an
781 2448 844 2468 non
863 2438 976 2479 putas?
1023 2438 1138 2469 GLAu.
1164 2437 1331 2479 Equidem.
1376 2438 1432 2470 So.
1457 2438 1574 2468 Verum

110 2491 290 2527 postquam,
306 2492 341 2517 ut
357 2488 495 2526 arbitror,
513 2491 672 2522 utentibus
688 2492 785 2522 visum
809 2498 857 2523 est
872 2492 1063 2523 commodius
1079 2492 1197 2522 nudato
1213 2502 1341 2533 corpore
1357 2501 1449 2534 quam
1466 2496 1575 2532 operto

108 2539 249 2570 homines
265 2542 410 2578 exerceri,
426 2541 542 2572 factum
566 2549 613 2574 est
629 2550 674 2581 ut,
689 2545 763 2586 quia
790 2545 942 2587 optimum
967 2545 1000 2575 id
1026 2545 1143 2575 ratione
1159 2545 1258 2575 fuerat
1269 2544 1459 2584 judicatum,
1475 2544 1577 2576 oculis

107 2592 270 2624 ridiculum
287 2595 412 2626 minime
428 2595 593 2627 videretur.
616 2608 652 2628 ex
670 2608 732 2639 quo
750 2599 949 2640 perspicuum
966 2603 1013 2629 est
1028 2598 1151 2628 inanem
1168 2608 1234 2628 esse
1250 2609 1319 2629 eum
1338 2599 1507 2635 hominem,
1523 2598 1578 2641 qui

109 2646 312 2678 deridendum
339 2649 518 2690 quicquam,
547 2656 749 2693 praeterquam
775 2653 861 2694 quod
884 2658 932 2684 est
959 2652 1085 2688 malum.
1110 2651 1287 2682 existimat:
1312 2652 1501 2693 irridereque
1530 2662 1577 2683 res

108 2700 191 2741 ipsas
216 2703 405 2743 aggreditur,
421 2704 512 2734 aliam
539 2706 717 2746 quampiam
738 2707 796 2738 sibi
823 2718 1003 2749 proponens
1030 2705 1191 2736 derisionis
1216 2716 1352 2742 causam,
1371 2717 1464 2748 quam
1491 2707 1577 2747 quod

107 2753 279 2795 insipidum
295 2761 389 2797 atque
404 2757 516 2788 malum
532 2769 540 2796 ;
565 2763 619 2788 aut
633 2759 796 2791 honestum
819 2761 987 2802 quicquam
1011 2767 1044 2791 et
1067 2760 1171 2791 studio
1187 2761 1317 2802 dignum
1333 2761 1499 2796 existimat,
1515 2760 1576 2791 alio

107 2807 276 2848 respiciens
290 2819 382 2850 quarn
399 2810 438 2840 ad
467 2811 594 2843 bonum.
641 2811 715 2843 GLA
723 2823 756 2844 υ.
777 2813 830 2844 Sic
845 2819 892 2845 est
906 2814 1047 2846 omniun.
1091 2814 1147 2846 So.
1171 2814 1224 2845 An
1243 2825 1307 2845 non
1322 2815 1353 2845 in
1369 2816 1429 2846 hoc
1445 2815 1576 2856 primum

108 2861 273 2892 convenire
289 2868 423 2903 oportet,
440 2869 539 2895 utrum
569 2865 690 2906 possint
716 2867 782 2898 haec
808 2867 874 2898 fieri
899 2868 1022 2899 necne?
1047 2869 1220 2900 concedere
1246 2869 1376 2910 insuper
1400 2869 1525 2909 cuique,
1543 2872 1578 2897 ut

110 2923 165 2954 pro
180 2914 303 2947 arbitrio
327 2917 472 2948 adversus
497 2919 563 2950 haec
587 2919 735 2961 ambigat,
752 2921 816 2952 sive
842 2920 917 2961 joco
944 2921 1008 2953 sive
1030 2921 1110 2953 serio
1138 2922 1208 2963 quis
1233 2922 1415 2954 addubitare
1432 2921 1575 2956 voluerit,
