1840 3225
288 229 362 267 156
880 223 1146 262 PLATONIS
1643 218 1744 272 [464

280 330 446 371 responde.
493 327 604 360 Utrum
627 327 746 358 civit-us
763 325 823 356 tuis
837 325 964 356 nomina
979 325 1131 356 duntaxat
1155 325 1288 355 invicem
1307 324 1482 365 propinqua
1497 323 1660 356 familiaria
1676 323 1744 365 lege

280 389 408 418 statues,
425 392 464 412 an
481 386 628 423 praeterea
646 380 885 422 propinquitatis
902 379 1014 416 officia,
1033 386 1067 409 ut
1081 378 1228 409 videlicet
1243 378 1285 408 ita
1298 388 1331 408 se
1343 384 1464 419 gerant,
1481 382 1515 409 ut
1523 377 1746 419 appellationis

280 437 378 478 ipsius
393 436 529 478 dignitas
545 435 696 476 pustulat,
712 440 895 475 serventque
910 443 981 474 erga
999 438 1152 474 parentes,
1170 442 1366 473 quierunque
1379 431 1427 462 lex
1442 432 1580 466 exbiberi
1592 431 1652 463 illis
1668 441 1747 473 prae-

280 491 371 532 cipit,
386 489 600 525 reverentiam,
616 499 733 530 curam,
750 488 959 519 obedientiam
976 500 982 518 :
1009 487 1147 528 alioquin
1172 494 1204 517 et
1219 487 1295 516 deos
1322 492 1354 516 et
1370 486 1511 517 homines
1534 485 1672 518 infensos
1688 485 1745 516 lia·

281 545 387 581 beant,
404 550 515 586 utpote
530 543 584 585 qui
599 554 701 584 neque
718 548 825 574 sancta
841 552 943 583 neque
955 540 1042 582 justa
1058 546 1163 582 agant,
1180 540 1205 571 si
1221 545 1329 570 contra
1344 539 1496 570 fecerint?
1520 539 1616 570 aliine
1638 538 1671 569 iri
1686 539 1746 570 hac

280 604 334 629 tna
356 598 484 629 civitate
509 607 677 633 sermones,
702 607 794 638 quam
820 596 865 633 hi,
892 595 1014 626 cunctis
1036 606 1072 626 ex
1097 594 1217 626 civibus
1234 594 1374 634 protinus
1400 593 1440 624 ad
1466 603 1555 624 aures
1581 603 1746 635 pueromm

279 653 564 689 circumsonabunt‚
579 656 612 682 et
627 651 773 682 adversus
789 656 943 691 parentes,
959 659 1164 691 quoscunque
1180 648 1240 678 illis
1254 648 1324 689 quis
1340 647 1538 688 indicaverit,
1551 651 1586 678 et
1599 646 1747 678 adversus

280 705 356 736 alios
372 716 484 747 genere
502 705 677 747 proximos?
724 704 798 735 GLA
806 715 838 736 υ.
863 703 904 734 Ηί
919 709 1002 734 certe
1019 703 1089 744 ipsi.
1113 702 1280 733 absurdum
1291 701 1374 732 enim
1387 701 1418 731 id
1432 706 1524 738 esset,
1536 700 1561 731 si
1573 700 1746 732 domestica

281 759 406 790 nomina
422 765 541 790 tantum
567 770 618 790 ore
634 759 700 790 sine
726 758 826 789 officio
854 758 1070 799 proferrentur.
1115 757 1171 787 So.
1196 756 1234 786 In
1259 756 1318 787 hac
1343 755 1436 796 igitur
1460 754 1587 786 civitate
1613 753 1746 785 maxime

279 813 431 854 omnium,
446 824 508 845 uno
523 813 628 854 aliquo
644 813 723 844 bene
739 812 786 843 vel
809 812 888 842 rnale
905 812 1031 847 affecto,
1056 822 1117 842 uno
1133 821 1185 841 ore
1210 809 1390 841 clamabunt
1404 819 1524 845 omnes,
1541 807 1651 839 Meum
1667 808 1748 839 bene

279 877 311 898 sc
328 868 433 903 habet,
452 868 499 899 vel
516 878 618 898 meurn
634 877 666 898 se
690 866 784 897 habet
808 865 900 899 male.
943 866 1057 896 (initu.
1083 865 1167 896 Vera
1190 864 1334 904 loqueris.
1379 863 1435 894 So.
1459 861 1539 894 Cum
1563 862 1623 893 hac
1645 862 1745 904 [46⁸]

278 920 428 962 opinione
443 932 479 952 ac
496 921 594 952 verbis
610 919 791 961 hujusmodi
813 919 902 960 sequi
925 919 1118 954 dicebamus,
1143 923 1177 948 ut
1193 922 1224 948 et
1241 917 1418 958 voluptates
1434 925 1615 948 communes
1629 915 1692 946 sint
1714 920 1747 946 et

278 974 413 1008 dolores.
458 975 574 1005 Gmu.
599 974 640 1004 Et
655 978 738 1004 recte
762 972 902 1013 quidem.
947 972 1003 1003 Sc.
1027 971 1067 1002 In
1082 982 1119 1002 eo
1147 970 1241 1012 igitur
1258 971 1388 1002 maxime
1402 970 1497 1001 nostri
1513 970 1596 1000 cives
1609 969 1746 1000 invicem

278 1029 567 1065 communicabunt,
583 1029 668 1069 quod
681 1026 794 1058 'meum
819 1027 938 1058 dicent.
962 1037 998 1057 ex
1015 1037 1076 1067 qua
1100 1025 1320 1059 communione
1345 1030 1504 1066 sequetur,
1519 1029 1554 1056 ut
1569 1024 1748 1066 voluptates

278 1089 310 1113 et
327 1082 449 1113 dolores
463 1092 644 1113 communes
659 1082 805 1112 habeant.
852 1080 967 1111 Grau.
992 1080 1133 1112 Penitus.
1180 1080 1239 1110 So.
1263 1079 1384 1110 Horum
1402 1089 1473 1110 vero
1487 1088 1582 1110 causa
1596 1089 1660 1110 una
1673 1088 1746 1109 cum

278 1136 396 1176 reliqua
410 1135 545 1166 civitatis
560 1133 785 1166 constitutione
800 1140 847 1164 est
861 1134 928 1175 ipsa
943 1133 1108 1164 custodum
1125 1134 1206 1164 circa
1233 1133 1376 1164 mulieres
1392 1133 1538 1174 filiosque
1552 1132 1745 1164 commuuio.

279 1188 397 1221 Grau.
419 1189 471 1220 Sic
497 1195 544 1219 est
559 1189 698 1220 omnino.
743 1189 801 1220 So.
825 1188 990 1218 Enimvero
1006 1198 1160 1218 summum
1186 1188 1245 1218 hoc
1261 1187 1382 1218 civitati
1399 1188 1513 1218 bonurn
1529 1197 1596 1218 esse
1612 1186 1748 1218 confessi

281 1253 399 1280 sumus,
414 1253 484 1274 cum
501 1242 661 1274 civitatem
688 1248 770 1273 recte
786 1244 987 1282 gubernatam
1004 1241 1135 1272 similem
1151 1252 1218 1272 esse
1235 1241 1409 1273 diceremus
1432 1241 1583 1282 corporis,
1597 1251 1668 1272 cum
1683 1240 1749 1271 sin·

279 1295 359 1337 gulis
378 1297 514 1337 partibus
527 1297 589 1327 suis
599 1297 680 1327 circa
692 1296 883 1337 voluptatem
897 1301 928 1326 et
939 1296 1077 1326 dolorem
1090 1306 1219 1336 quoquo
1235 1295 1326 1326 modo
1339 1295 1608 1326 communicantis.
1631 1294 1749 1327 Guu.

279 1349 321 1380 Et
351 1350 458 1380 merito
487 1350 614 1391 quidem
645 1349 865 1380 concessimus.
912 1349 968 1382 So.
995 1348 1129 1380 Maximi
1156 1349 1262 1390 itaque
1289 1349 1362 1379 boni
1387 1358 1480 1379 causa
1509 1348 1629 1380 civitati
1657 1348 1750 1378 nobis

280 1403 384 1445 patuit
399 1414 466 1434 esse
482 1404 551 1445 ipsa
568 1403 646 1433 inter
662 1403 838 1434 auxiliarios
856 1402 1016 1433 mulierum
1033 1402 1230 1444 filiorumque
1253 1402 1444 1433 communio.
1491 1401 1608 1433 Graiu.
1632 1401 1749 1433 Valde.

279 1457 335 1489 So.
360 1456 459 1498 Atqui
483 1462 515 1488 et.
541 1457 750 1498 superioribus
774 1457 839 1488 haec
867 1462 1053 1489 consonant.
1077 1457 1212 1488 diximus
1235 1457 1319 1487 enim
1344 1467 1446 1497 neque
1476 1456 1586 1487 domos
1614 1456 1752 1497 proprias

278 1511 326 1541 his
343 1521 411 1542 esse
427 1511 552 1547 debere,
569 1522 670 1552 neque
696 1521 797 1551 agros,
823 1521 924 1552 neque
953 1511 1179 1552 possessionem
1203 1511 1350 1552 aliquam,
1366 1512 1421 1542 sed
1448 1511 1488 1542 ab
1512 1511 1583 1542 aliis
1606 1511 1751 1552 accipere

279 1564 481 1601 nutrimenta,
500 1565 671 1596 mercedem
689 1564 853 1606 custodiae,
866 1570 897 1595 et
913 1566 1120 1596 communiter
1133 1575 1240 1596 omnes
1256 1575 1450 1601 consumere,
1465 1565 1492 1596 si
1515 1564 1579 1596 veri
1602 1565 1750 1596 custodes

275 1618 375 1649 futuri
391 1624 474 1650 sunt.
513 1619 624 1650 GLAU.
641 1619 755 1651 Probe.
796 1620 853 1650 So.
873 1619 989 1651 Nonne
1005 1619 1089 1660 quod
1108 1619 1177 1660 ipse
1193 1619 1254 1658 aio,
1270 1624 1302 1650 et
1317 1629 1388 1661 quae
1404 1629 1496 1661 supra
1518 1624 1551 1650 et
1573 1629 1643 1661 quae
1665 1629 1751 1651 nunc

278 1672 409 1704 inducta
424 1678 508 1710 sunt,
526 1673 656 1704 maxime
674 1673 807 1712 faciunt,
823 1680 857 1703 ut
874 1674 935 1704 veri
950 1674 980 1704 hi
993 1674 1140 1704 custodes
1153 1674 1300 1714 evadant,
1314 1684 1416 1715 neque
1427 1673 1751 1709 dividantcivitatem,

281 1726 355 1758 dum
373 1724 474 1758 meum
491 1728 598 1758 dicant
613 1738 676 1758 non
693 1728 775 1758 idem
793 1728 945 1765 omnium,
963 1729 1017 1758 sed
1037 1728 1166 1758 alioruin
1185 1728 1271 1758 aliud
1288 1738 1354 1759 esse
1370 1740 1378 1758 ι
1403 1732 1436 1759 ct
1449 1728 1529 1759 alius
1542 1728 1577 1759 in
1592 1728 1750 1769 propriam

281 1781 407 1810 tlonium
433 1782 543 1818 trahat,
568 1782 780 1822 quodcunque
806 1791 942 1812 seorsum
967 1782 1006 1812 ab
1032 1782 1102 1811 aliis
1126 1792 1273 1822 usurpare
1290 1781 1441 1820 valuerit3
1463 1782 1543 1812 alius
1557 1782 1592 1812 in
1607 1792 1693 1813 suam
1709 1783 1749 1813 ab

279 1834 349 1865 aliis
366 1835 517 1865 diversam
541 1836 667 1866 domuin
686 1847 692 1865 :
718 1841 751 1866 et
766 1845 802 1865 ex
832 1835 964 1876 propriis
979 1835 1161 1866 mulieribus
1178 1845 1213 1866 at:
1235 1835 1318 1872 filiis.
1335 1835 1448 1866 diversi
1463 1835 1593 1866 diversis
1607 1835 1751 1867 laetentur

279 1893 312 1919 et
327 1888 479 1920 doleant?
505 1889 598 1919 immo
616 1899 686 1920 vero
711 1893 745 1919 ut
767 1900 803 1920 ex
821 1900 882 1919 una
908 1890 1022 1930 proprii
1039 1889 1180 1930 ejusdem
1200 1889 1337 1920 omnium
1353 1889 1508 1920 sententia
1534 1889 1565 1920 in
1581 1890 1664 1921 idern
1679 1894 1750 1921 ten-

281 1940 394 1973 dentes
407 1954 526 1979 omnes,
542 1943 644 1984 quoad
663 1943 726 1974 fieri
745 1949 860 1984 potest,
876 1943 1027 1974 similibus
1044 1944 1260 1984 voluptatibus
1276 1942 1435 1974 doloribus
1451 1943 1559 1974 iisdem
1575 1944 1609 1974 in
1625 1943 1750 1974 casibus

280 1995 473 2026 afficiantur?
519 1996 634 2027 Grnu.
658 1997 808 2028 Maxime.
855 1998 912 2028 So.
937 1998 1022 2035 Quid
1047 1998 1175 2029 autern?
1194 1997 1386 2039 judiciorum
1412 1997 1630 2029 controversias
1655 2007 1750 2029 accu-

279 2049 479 2090 sationesque
496 2055 610 2080 mutu-ee
627 2061 731 2081 nonne
746 2052 914 2082 cessabunt
924 2062 1042 2092 omnes,
1052 2052 1308 2093 quandoquidem
1323 2062 1380 2083 nec
1393 2052 1551 2093 proprium
1567 2051 1747 2094 quicquam,

278 2107 389 2143 praeter
404 2113 527 2144 corpus.
552 2105 691 2140 habebit,
708 2105 824 2145 reliqua
842 2115 913 2136 vero
930 2107 1105 2136 communia
1120 2107 1131 2135 ?
1157 2106 1239 2136 unde
1255 2106 1394 2146 sequitur
1409 2105 1476 2136 sine
1499 2105 1654 2137 seditione
1676 2105 1748 2137 illos

278 2155 356 2191 sore,
373 2162 523 2197 quantum
551 2158 589 2187 ad
607 2168 659 2187 eas
676 2158 743 2188 lites
759 2158 886 2198 attinet,
911 2169 980 2200 quae
1000 2159 1200 2200 pecuniarum
1224 2159 1272 2190 vel
1289 2159 1421 2190 tiliorum
1437 2159 1484 2190 vel
1501 2159 1748 2201 propinquorum

280 2219 374 2240 causa
391 2210 463 2240 oriri
479 2211 592 2241 solent.
638 2211 752 2242 GLAu.
777 2212 914 2243 Necesse
941 2218 987 2243 est
1004 2214 1131 2244 omnino
1148 2214 1214 2244 brec
1237 2214 1356 2244 abesse.
1402 2214 1458 2243 So.
1481 2214 1568 2250 Quin
1583 2224 1687 2256 neque
1709 2215 1750 2246 de

281 2263 311 2293 vi
324 2263 410 2294 illata
425 2274 555 2305 usquam
570 2266 790 2297 contendetur.
813 2277 927 2307 nempe
944 2278 1114 2298 asseremus
1131 2268 1296 2298 honestum
1308 2274 1341 2298 et.
1356 2277 1480 2308 aequum
1495 2278 1574 2304 esse,
1591 2273 1625 2299 ut
1640 2278 1748 2309 requa-

278 2317 359 2347 libus
387 2318 522 2358 aequales
549 2325 742 2358 succurrant,
773 2320 911 2350 tutandis
939 2322 1119 2362 corporibus
1146 2322 1360 2352 necessitatem
1378 2322 1587 2364 imponentes.
1631 2322 1747 2354 Gun-

279 2370 397 2403 Probe.
438 2371 493 2402 So.
518 2371 619 2413 Atqui
634 2378 666 2403 et
681 2373 739 2404 hoc
757 2379 875 2404 rectum
901 2373 998 2416 [465]
1025 2375 1071 2405 lex
1087 2375 1152 2405 liaec
1165 2375 1318 2412 continet,
1336 2376 1421 2417 quod
1438 2376 1462 2406 si
1478 2376 1549 2417 quis
1562 2376 1595 2407 in
1611 2376 1748 2417 aliquem

279 2423 430 2455 irascatur
442 2425 582 2466 iramque
597 2426 722 2467 explere
744 2428 926 2463 contendat,
944 2429 1045 2459 minus
1071 2429 1104 2459 in
1122 2428 1255 2469 majores
1274 2429 1462 2470 majorunrve
1484 2429 1627 2460 transibit
1639 2429 1751 2461 sediti-

279 2487 366 2509 ones.
412 2478 528 2510 GLAu.
551 2479 602 2510 Sic
619 2485 665 2510 cst
682 2491 817 2522 prorsus-
861 2482 918 2513 So.
941 2482 1098 2513 Seniorem
1117 2484 1236 2524 quippe
1251 2482 1299 2514 lex
1316 2489 1420 2514 nostra
1435 2483 1599 2514 constituit
1614 2493 1746 2525 proeesae

279 2530 424 2562 omnibus
434 2531 624 2572 junioribus,
640 2543 757 2575 cosque
773 2535 934 2576 corrigere.
980 2535 1096 2568 Gom.
1120 2536 1328 2577 Perspicuum
1345 2536 1376 2567 id
1390 2537 1530 2578 quidem.
1573 2537 1631 2568 So.
1654 2537 1742 2569 Con·

280 2588 342 2615 stat
358 2590 516 2625 praeterea,
533 2588 616 2627 quod
631 2586 738 2628 junior
753 2588 785 2619 in
809 2589 974 2626 seniorem,
989 2590 1048 2620 nisi
1071 2590 1160 2631 jussu
1189 2591 1375 2632 principum,
1391 2590 1498 2622 saeviet
1523 2600 1674 2632 unquam,
1689 2602 1747 2622 ne-

279 2647 341 2678 que
357 2639 476 2670 caedere
492 2641 632 2677 audebit,
650 2647 684 2672 nt
698 2643 816 2674 decens
839 2648 897 2680 est,
914 2654 1016 2687 neque
1044 2645 1220 2685 ignominia
1244 2646 1309 2676 ulla
1334 2645 1467 2677 afficere.
1489 2650 1590 2677 metus
1611 2655 1748 2687 namque

279 2697 311 2723 et
328 2692 427 2732 pudor
442 2695 589 2725 custodes
603 2700 675 2725 sunt
691 2696 729 2727 ad
748 2697 813 2727 liaec
831 2697 1024 2738 prohibenda
1035 2698 1238 2730 sufficientes.
1262 2699 1362 2740 pudor
1375 2698 1501 2740 quidem
1527 2709 1591 2729 non
1619 2700 1748 2740 permit-

278 2749 324 2776 tet
341 2756 406 2782 em,
422 2756 502 2787 quos
519 2754 661 2788 parentes
676 2750 862 2790 suspicatur,
879 2751 993 2782 violare
1010 2763 1016 2781 :
1037 2757 1136 2782 metus
1151 2757 1254 2783 autem
1272 2753 1311 2782 ab
1327 2751 1439 2792 injuria
1452 2751 1632 2782 absterrebit
1640 2762 1750 2793 quem·

277 2809 350 2839 que,
369 2799 528 2831 timentem
548 2801 670 2833 scilicet
690 2814 728 2834 ne
743 2805 836 2836 ceteri
852 2815 972 2841 omnes,
990 2806 1099 2846 partim
1118 2812 1151 2836 ut
1166 2806 1235 2843 filii,
1253 2806 1363 2847 partim
1381 2811 1416 2836 ut
1438 2805 1557 2842 fratres,
1572 2806 1684 2847 partim
1711 2812 1747 2837 ut

277 2859 389 2892 patres.
406 2854 536 2894 patienti
553 2862 742 2888 succurrant.
769 2858 883 2889 Grau.
907 2859 956 2890 Ita
974 2870 1095 2900 prorsus
1110 2861 1237 2892 accidit.
1283 2860 1339 2891 So.
1363 2851 1503 2890 Omnino
1518 2859 1612 2900 igitur
1634 2870 1670 2891 ex
1697 2860 1748 2891 his

276 2906 396 2948 legibus
411 2907 494 2939 cives
510 2908 644 2941 invicem
660 2910 691 2941 in
711 2922 787 2952 pace
806 2913 898 2944 vitam
925 2919 1030 2955 agent.
1076 2913 1190 2946 GLAu.
1215 2916 1428 2956 Summopere.
1474 2913 1529 2945 So.
1553 2912 1613 2945 liis
1639 2918 1744 2945 autem
