1840 3225
142 212 210 265 36]
771 213 1004 253 TJMAEUS.
1522 219 1601 258 245

137 321 270 347 veretur.
290 321 458 348 sexantem
469 316 605 358 reliquos
612 320 714 347 motus
725 316 883 357 separavit
895 316 934 346 ab
948 327 996 352 eo,
1011 321 1044 347 et
1057 317 1094 347 ab
1107 326 1212 348 eorum
1225 326 1327 349 errore
1338 323 1371 350 et
1381 320 1603 361 pervagatione

138 370 264 410 penitus
275 371 429 402 liberavit·
443 370 484 402 ad
498 372 578 402 hanc
591 370 686 411 igitur
697 370 944 406 conversionem,
958 381 1026 412 qua·
1037 371 1169 412 pedibus
1178 383 1241 403 non
1254 373 1377 414 egebat,
1387 384 1475 404 crura
1486 374 1599 415 pedes-

136 434 198 465 que
213 435 277 456 non
292 424 390 456 dedit.
436 425 516 456 Cum
529 425 596 455 hee
611 424 704 465 igitur
723 423 810 455 Deus
822 424 889 460 ille,
900 425 954 465 qui
967 435 1091 466 semper
1104 432 1162 462 est,
1174 426 1213 457 de
1231 427 1399 469 aliquando
1412 428 1517 459 futuro
1527 429 1601 460 Deo

137 478 300 520 cogitaret,
316 480 426 510 laevem
442 488 514 510 eum
533 478 641 510 effecit
654 479 880 520 aequalemque,
899 485 933 509 et
944 489 963 510 a
975 479 1080 510 medio
1097 479 1137 511 ad
1149 491 1304 512 summum
1320 481 1458 523 undique
1480 492 1600 523 parem,

139 542 312 575 corpusque
329 543 368 564 ex
381 533 559 574 corporibus
572 532 647 564 totis
659 537 692 563 et
705 532 854 574 perfectis
868 538 968 563 totum
984 540 1077 574 atque
1091 535 1276 575 perfectum.
1300 536 1437 566 animam
1449 542 1554 567 autem
1567 537 1601 568 in

137 586 204 628 ejus
215 586 320 618 medio
334 587 498 618 collocavit
508 597 626 628 perque
642 592 742 618 totum
754 586 891 618 tetendit
905 599 914 626 3
937 592 1030 629 atque
1046 598 1085 619 ea
1097 599 1210 630 corpus
1224 590 1326 630 ipsum
1339 590 1434 620 etiam
1447 591 1601 621 extrinse-

138 651 193 670 cus
204 641 410 677 circumtenet,
430 640 642 683 mundumque
659 642 741 672 hunc
759 652 856 673 unum
872 647 906 672 et
920 642 1022 673 solum
1035 642 1268 684 solitariumque
1282 649 1315 674 et
1327 644 1510 674 circularem
1523 645 1604 676 volvi

135 695 171 726 in
195 694 344 725 circulum
367 695 486 731 statuit,
513 696 566 737 qui
581 701 708 737 propter
721 696 869 727 virtutem
883 707 992 727 secum
1004 696 1073 737 ipse
1086 696 1180 727 facile
1195 698 1351 728 cohaerere
1365 698 1474 738 possit,
1487 699 1604 729 nullius

136 748 265 779 alterius
276 748 433 790 indigens,
446 750 584 790 satisque
596 750 665 791 ipse
679 750 738 781 sibi
751 756 843 781 notus
856 755 949 793 atque
963 751 1093 782 amicus.
1113 752 1219 792 itaque
1233 751 1377 782 omnibus
1389 752 1438 781 his
1451 751 1490 781 de
1504 753 1606 783 causis

138 801 287 833 mundum
299 803 404 844 opifex
416 803 484 844 ejus
490 804 617 835 beatum
627 805 734 836 Deum
743 805 850 836 effecit
862 816 868 834 :
894 804 951 835 sed
963 805 1101 836 animam
1110 805 1193 836 haud
1202 805 1258 842 ita,
1271 811 1306 835 ut
1314 805 1408 837 modo
1418 805 1522 836 dicere
1541 817 1602 837 coe-

137 855 249 896 pimus,
262 862 330 888 tum
343 857 489 899 denique,
507 869 578 889 cum
592 869 703 900 corpus
715 859 747 890 ei
770 859 938 896 effecisset,
952 859 1138 900 procreavit.
1161 869 1263 900 neque
1280 860 1365 890 enim
1379 860 1432 900 qui
1445 861 1512 890 haec
1531 871 1606 891 con-

132 911 248 952 junxit,
266 921 375 952 parere
397 912 516 953 juniori
531 913 688 953 antiquius
709 914 913 953 permisisset.
929 913 986 944 sed
1001 923 1059 944 nos
1075 914 1185 949 multa,
1205 918 1313 954 utpote
1326 914 1458 944 fortunae
1477 914 1604 954 partici-

137 974 206 1005 pes,
226 965 456 996 inconsiderate
479 972 512 997 et
533 972 651 997 temere
666 968 831 1008 loquimur.
864 968 919 997 ille
933 977 1006 998 vero
1022 973 1085 998 tam
1101 968 1399 1008 generationequam
1411 968 1523 998 virtute
1539 968 1602 1009 pri-

138 1029 224 1049 orem
237 1019 503 1061 antiquioremque
517 1021 653 1052 animam
670 1031 798 1062 corpore
814 1021 986 1056 constituit,
1000 1026 1108 1061 utpote
1123 1032 1192 1061 quae
1208 1021 1368 1052 obedienti
1380 1022 1501 1062 corpori
1521 1028 1605 1053 esset

138 1073 344 1114 imperatura3
367 1084 407 1104 ex
419 1075 468 1105 his
485 1074 633 1105 videlicet
646 1082 739 1116 atque
753 1076 811 1106 hoc
825 1080 928 1116 pacto.
952 1074 1026 1116 [35]
1042 1074 1090 1104 Ex
1103 1084 1142 1105 ea
1155 1074 1339 1111 substantia,
1353 1086 1422 1116 quae
1441 1075 1605 1108 individua

139 1132 172 1158 et
184 1138 308 1169 semper
322 1127 435 1159 eadem
447 1129 619 1170 similisque
632 1135 691 1165 est,
707 1134 740 1159 et
753 1140 792 1159 ex
804 1140 843 1160 ea
856 1140 970 1164 rursus,
985 1139 1053 1170 quae
1068 1129 1151 1160 circa
1164 1138 1293 1169 corpora
1305 1128 1433 1160 dividua
1448 1130 1494 1166 fit,
1517 1131 1608 1161 terti-

140 1191 191 1212 am
202 1182 383 1213 substantias
401 1183 540 1223 speciem
556 1183 751 1214 commiscuit
761 1183 910 1219 mediam,
924 1194 993 1224 quae
1005 1193 1109 1214 rursus
1120 1188 1204 1213 esset
1215 1187 1334 1213 naturae
1348 1183 1448 1224 ipsius
1462 1183 1606 1225 ejusdem

139 1245 171 1267 et
189 1242 308 1267 naturae
325 1237 424 1278 ipsius
443 1237 571 1268 alterius
591 1238 761 1279 particeps,
778 1247 910 1279 eamque
924 1248 981 1278 per
994 1238 1061 1268 haec
1073 1236 1212 1268 mediam
1225 1237 1387 1268 constituit
1398 1238 1478 1268 inter
1491 1238 1604 1268 indivi-

140 1290 234 1322 duam
247 1291 451 1322 substantiam
461 1297 494 1322 et
506 1301 587 1327 eam,
600 1302 668 1333 quae
677 1292 760 1322 circa
769 1303 880 1333 corpus
887 1291 1046 1323 dividitur.
1060 1302 1099 1322 ea
1107 1302 1178 1323 cum
1190 1291 1249 1321 tria
1262 1292 1456 1332 sumpsisset,
1468 1292 1501 1322 in
1509 1302 1605 1323 unam

139 1346 279 1386 speciem
290 1346 396 1376 omnia
408 1346 612 1387 temperavit:
637 1346 690 1376 ubi
703 1352 846 1377 naturam
859 1347 939 1388 ejus,
959 1346 1043 1388 quod
1058 1346 1192 1376 alterum
1207 1345 1426 1386 diversumque
1446 1356 1604 1383 vocamus,

138 1400 352 1431 commixtioni
365 1405 604 1441 repugnantem,
621 1411 693 1431 cum
705 1411 754 1437 eo,
768 1400 851 1442 quod
863 1401 950 1432 idem
965 1400 1090 1436 dicitur,
1104 1400 1135 1430 vi
1153 1399 1290 1442 quadam
1304 1400 1495 1431 conciliavit.
1517 1405 1603 1441 post·

136 1464 231 1496 quam
250 1464 324 1485 vero
336 1454 398 1486 duo
417 1455 473 1485 illa
485 1465 556 1486 cum
568 1455 742 1486 substantia
755 1455 951 1486 commiscuit
971 1460 1005 1486 et
1017 1465 1057 1486 ex
1072 1455 1171 1485 tribus
1182 1464 1280 1485 unum
1292 1454 1378 1491 fecit,
1390 1464 1495 1485 rursus
1509 1453 1543 1484 id
1555 1459 1602 1486 to-

137 1514 204 1540 tum
217 1509 251 1540 in
264 1519 312 1546 ea,
327 1520 396 1551 quae
410 1509 525 1546 decuit,
533 1510 674 1540 membra
683 1510 815 1551 partitus
828 1515 887 1546 est,
900 1520 1029 1552 quorum
1040 1508 1203 1551 quodlibet
1214 1519 1254 1540 ex
1267 1509 1375 1544 tribus,
1388 1508 1511 1545 eodem,
1524 1509 1604 1540 alte-

136 1573 181 1599 ro,
195 1564 430 1605 substantiaque
438 1570 606 1595 constaret.
627 1564 687 1595 fuit
700 1570 806 1595 autem
818 1565 892 1595 talis
902 1565 960 1595 illa
974 1564 1101 1606 partitio
1116 1575 1124 1595 :
1148 1574 1244 1594 unam
1256 1563 1412 1604 principio
1428 1563 1553 1604 accepit
1564 1573 1604 1594 ex

140 1618 282 1650 universo
301 1619 495 1659 portionem:
521 1618 693 1650 secundam
714 1627 819 1650 autem
838 1619 946 1660 primae
963 1619 1061 1660 partis
1075 1617 1220 1659 duplam:
1246 1616 1362 1648 deinde
1376 1618 1514 1654 tertiam,
1533 1628 1604 1659 quae

138 1672 284 1703 secundae
296 1673 508 1714 sexquialtera
522 1679 616 1710 esset,
635 1674 744 1715 primae
757 1674 867 1715 tripla:
891 1678 1002 1715 postea
1017 1678 1160 1715 quartam
1174 1671 1322 1704 secundae
1343 1671 1488 1713 duplam:
1513 1671 1605 1713 quiu-

138 1731 203 1757 tam
224 1726 375 1768 deinceps
392 1728 491 1758 tertiae
509 1729 658 1770 triplam:
682 1732 805 1759 sextam
825 1727 934 1769 primae
952 1728 1128 1769 octuplam:
1162 1731 1320 1768 postremo
1339 1726 1515 1767 septimam,
1535 1736 1606 1767 qua:

139 1781 279 1822 partibus
299 1791 355 1813 sex
373 1787 407 1813 et
425 1783 534 1824 viginti
549 1783 682 1824 primam
701 1781 878 1814 excederet.
907 1782 983 1824 [36]
1006 1787 1078 1824 post
1093 1783 1160 1813 baec
1176 1781 1274 1822 dupla
1285 1786 1318 1812 et
1327 1780 1423 1821 tripla
1440 1780 1609 1811 intervalla

137 1836 283 1876 replevit,
304 1841 410 1878 panes
430 1847 534 1868 rursus
551 1847 591 1868 ex
606 1842 672 1868 toto
691 1836 859 1868 desecans:
885 1846 963 1878 quas
973 1836 1148 1867 intervallis
1163 1836 1208 1866 ita
1220 1836 1346 1871 locavit,
1358 1840 1393 1865 ut
1405 1834 1480 1865 bina
1501 1839 1608 1865 essent

137 1889 171 1920 in
183 1890 315 1931 singulis
325 1890 431 1922 media
449 1892 525 1929 sive,
541 1897 577 1923 ut
587 1892 633 1923 ita
650 1890 794 1927 dixerim,
809 1890 1016 1921 medietates:
1031 1901 1160 1932 quarum
1173 1899 1237 1921 una
1249 1888 1362 1920 eadem
1375 1894 1462 1930 parte
1481 1887 1610 1919 excedit

137 1945 271 1976 alterum
291 1950 510 1983 extremorum,
531 1945 643 1977 eadem
661 1946 700 1976 ab
717 1946 816 1976 altero
828 1950 1013 1987 superatur3
1037 1945 1136 1975 altera
1156 1943 1311 1975 medietas
1325 1942 1393 1984 pari
1407 1952 1538 1973 numero
1550 1952 1606 1973 ex-

138 2003 272 2029 tremum
288 2010 386 2030 unum
405 2006 542 2042 superat,
561 2000 629 2042 pari
648 2007 811 2041 superatur
826 2000 864 2031 ab
883 2001 993 2030 altero.
1015 2010 1087 2030 cum
1106 2009 1180 2030 vero
1198 1997 1410 2039 sexquialtera
1427 1996 1607 2042 intervallay

139 2053 342 2094 sexquitertia
354 2058 386 2084 et
398 2055 620 2095 sexquioctava
632 2055 832 2096 sumpsisset:
856 2064 896 2085 ex
909 2055 957 2085 his
968 2054 1100 2085 nexibus
1113 2053 1147 2084 in
1159 2053 1268 2094 pn’mis
1280 2051 1400 2092 spatiis,
1410 2050 1606 2092 sexquiocta-

138 2117 178 2138 vo
190 2108 356 2139 intervallo
367 2109 569 2150 sexquitertia
583 2109 688 2140 omnia
700 2109 859 2151 explebat,
871 2109 1025 2150 particula
1039 2109 1231 2150 singulorum
1245 2106 1366 2136 relicta.
1388 2104 1480 2146 hujus
1501 2109 1607 2136 autem

137 2162 299 2202 particulae
315 2163 482 2195 intervallo
500 2169 670 2205 assumpto,
690 2173 729 2194 ea
746 2163 821 2194 inde
841 2164 1012 2194 habebatur
1032 2162 1155 2194 numeri
1173 2161 1214 2192 ad
1232 2169 1397 2191 numerum
1412 2159 1444 2190 iu
1464 2158 1608 2190 terminis

140 2218 340 2258 comparatio,
356 2228 425 2259 quae
441 2223 490 2248 est
502 2218 585 2249 inter
594 2217 746 2249 ducentos
772 2218 1000 2259 quinquaginta
1014 2228 1069 2248 sex
1087 2222 1119 2247 et
1134 2215 1286 2246 ducentos
1305 2213 1512 2256 quadraginta
1533 2218 1608 2244 tres.

134 2266 199 2307 jam
215 2281 288 2302 vero
303 2273 504 2303 commixtum
518 2271 607 2308 illud,
618 2272 703 2303 unde
718 2273 780 2303 ista
793 2272 986 2308 secernebat,
1014 2277 1113 2303 totum
1130 2268 1307 2311 hujusmodi
1320 2268 1454 2309 partium
1467 2267 1606 2298 sectione

142 2331 359 2367 consumptum
375 2332 453 2358 erat.
481 2331 556 2358 tunc
574 2327 688 2357 seriem
711 2328 792 2357 hanc
810 2327 988 2357 universam
1007 2326 1041 2356 in
1059 2326 1188 2366 longum
1206 2323 1316 2359 secuit,
1343 2327 1376 2352 et
1397 2332 1433 2352 ex
1450 2331 1512 2352 una
1530 2321 1608 2351 duas

140 2378 226 2414 fecit,
248 2379 445 2422 mediamque
468 2380 581 2412 mediae
605 2381 638 2411 in
652 2382 791 2422 speciem
805 2393 841 2422 χ,
870 2380 990 2412 Graecae
1011 2381 1120 2415 literae,
1143 2376 1390 2410 accommodavit
1404 2388 1410 2405 τ
1436 2374 1551 2406 deinde
1576 2375 1609 2406 in

139 2432 245 2463 orbem
257 2434 356 2470 torsit,
373 2434 475 2475 quoad
487 2435 532 2465 ita
543 2435 664 2466 coirent
675 2435 757 2466 inter
771 2446 805 2466 se
819 2436 934 2477 capita,
960 2440 995 2465 ut
1007 2435 1099 2465 lineae
1111 2434 1188 2474 ipsae
1202 2437 1235 2462 et
1246 2441 1352 2463 secum
1368 2436 1400 2460 et
1415 2430 1496 2461 inter
1508 2439 1542 2459 se
1557 2428 1605 2459 in-

140 2486 241 2517 vicem
256 2497 274 2517 e
286 2487 414 2528 regione
432 2488 664 2519 intersectionis
679 2489 779 2530 ipsius
795 2489 1074 2532 conjungerentur:
1109 2492 1203 2528 atque
1216 2496 1254 2517 eo
1266 2490 1362 2520 motu,
1375 2484 1428 2525 qui
1440 2485 1474 2513 in
1492 2482 1604 2514 eodem

139 2546 172 2571 et
185 2541 329 2572 similiter
342 2551 466 2582 semper
480 2542 658 2578 revolvitur,
672 2543 810 2585 undique
823 2549 872 2574 est
887 2554 940 2574 eas
953 2543 1198 2583 circumplexus:
1231 2545 1263 2570 et
1275 2538 1459 2570 circulorum
1473 2538 1605 2568 alterum

139 2596 336 2631 exteriorem,
350 2596 530 2626 interiorem
539 2597 671 2627 alterum
686 2597 772 2628 fecit.
793 2598 979 2629 exten'orem
1000 2596 1129 2639 quidem
1149 2595 1299 2625 lationem
1314 2591 1458 2634 ejusdem
1474 2596 1605 2628 naturae,

139 2650 317 2686 interiorem
333 2660 405 2681 vero
419 2650 546 2681 alterius
557 2651 741 2683 nominavit.
764 2658 857 2695 atque
866 2653 966 2689 illam,
985 2662 1054 2693 quae
1064 2656 1132 2681 erat
1141 2650 1239 2691 ipsius
1251 2647 1394 2690 ejusdem
1406 2652 1518 2678 natura
1530 2657 1603 2687 cog-

141 2708 224 2740 nata,
237 2704 269 2734 in
279 2704 360 2735 latus
371 2704 412 2735 ad
421 2704 583 2736 dexteram
596 2711 737 2746 partem;
760 2717 830 2738 eam
838 2718 922 2743 vero,
937 2717 1006 2748 quae
1019 2705 1158 2740 alterius,
1170 2714 1227 2746 per
1240 2703 1426 2734 diametrum
1439 2701 1480 2732 ad
1492 2702 1604 2732 laevam

143 2757 229 2789 flexit
243 2770 250 2787 τ
276 2758 331 2789 sed
344 2759 554 2800 principatum
567 2759 656 2790 dedit
667 2760 810 2802 ejusdem
822 2762 921 2803 ipsius
933 2761 1105 2802 similisque
1119 2758 1296 2800 agitationi.
1322 2767 1393 2788 eum
1406 2766 1541 2798 namque
1555 2765 1603 2785 so-

145 2811 208 2841 lam
219 2812 386 2843 indivisam
400 2814 537 2855 reliquit.
562 2804 746 2846 ¹interiorem
758 2826 832 2847 vero
844 2827 915 2848 cum
930 2815 1034 2846 sexies
1046 2813 1214 2849 divisisset,
1228 2818 1412 2854 septemque
1426 2810 1516 2842 orbes
1528 2809 1603 2840 inae-

145 2865 252 2904 quales
264 2866 351 2909 dupli
365 2872 397 2899 et
408 2868 494 2910 tripli
503 2868 677 2901 intervallis
690 2869 857 2908 effecisset,
877 2871 1010 2912 singula,
1024 2879 1095 2901 cum
1107 2869 1167 2900 tria
1180 2867 1244 2899 sint
1255 2866 1426 2908 uniusque,
1443 2863 1604 2897 contrariis
