1840 3225
222 222 274 258 92
823 217 1090 258 PLATONIS
1583 215 1679 264 [340

222 323 338 354 Tum.
362 322 409 352 Ita
428 331 558 363 prorsus.
603 322 658 352 So.
682 322 763 359 Quae
779 331 850 352 vero
866 321 1003 358 tulerint,
1019 322 1211 352 observanda
1227 327 1298 352 sunt
1313 323 1352 353 ab
1368 321 1415 354 his
1427 323 1481 364 qui
1493 323 1656 365 subjacent
1670 335 1679 354 τ

222 383 316 418 atque
333 376 362 406 id
378 375 567 416 estjustum.
610 375 724 405 Trina.
748 374 868 411 Quidni
883 375 893 405 ?
928 375 983 406 So.
1008 374 1081 405 Non
1094 375 1192 405 solum
1207 375 1312 417 itaque
1324 378 1495 408 secundum
1509 388 1681 408 sermonem

225 437 310 461 tuum
324 430 444 472 justum
461 435 508 459 est
522 429 554 459 id
570 439 672 469 agere,
683 430 766 470 quod
785 429 941 460 conducat
958 429 1124 469 potentiori
1139 441 1145 458 :
1165 429 1219 459 scd
1231 436 1336 460 contra
1347 441 1484 472 quoque,
1494 431 1579 471 quod
1591 431 1684 462 obsit.

225 484 340 514 Tum.
357 483 440 520 Quid
458 483 502 513 ais
516 483 526 512 ?
572 483 627 514 So.
652 483 747 519 Quod
763 488 795 513 et
810 487 856 520 tu,
871 482 946 512 mihi
961 482 1086 523 quidem
1103 477 1221 513 vide'or.
1239 493 1343 513 verum
1357 483 1538 524 diligentius
1546 482 1684 524 inquira-

226 548 305 568 mus.
352 536 467 568 Nonne
478 536 546 578 jam
562 537 711 567 convenit
724 536 803 567 inter
818 546 875 567 nos
891 536 1047 577 principes
1063 546 1286 577 nonnunquam
1308 547 1346 567 ea
1371 537 1532 577 imperare,
1549 547 1619 578 quae
1645 537 1685 567 ab

227 601 332 622 eorum
351 591 484 621 utilitate
500 591 665 622 aberrent?
691 596 784 632 atque
805 590 898 621 etiam
925 600 1122 631 quaecunque
1148 589 1207 630 ipsi
1233 589 1530 631 imperent,justum
1555 600 1635 626 esse,
1651 594 1688 621 ut

231 645 286 687 qui
302 643 435 685 subjecti
452 650 525 674 sunt
539 644 727 674 observent?
751 654 855 673 nonne
872 644 938 673 haec
959 643 1102 674 internos
1114 644 1311 674 convenere?
1355 644 1469 675 Tam.
1491 644 1554 681 Ita,
1569 648 1605 675 ut
1615 644 1688 685 opi·

227 710 296 732 nor.
341 698 396 730 So.
420 698 535 729 Putate
551 697 644 739 igitur
659 697 768 728 inutile
783 696 1009 738 imperantibus
1025 701 1057 727 et
1084 696 1314 737 potentioribus
1340 697 1454 738 facere,
1465 697 1584 739 justum
1609 707 1690 735 esse,

227 754 282 784 abs
306 758 337 783 te
362 762 429 783 esse
453 761 656 783 concessum:
682 751 809 792 quando
835 750 962 791 quidem
991 750 1179 791 imperantes
1205 761 1255 791 ea,
1270 747 1341 791 quaa⁴
1365 751 1423 782 sibi
1451 751 1532 782 mala
1553 756 1690 788 snnt,ex

226 806 353 837 inscitia
368 805 532 847 imperant,
548 811 579 835 tu
592 810 695 835 autem
707 804 827 846 justum
843 814 910 835 esse
925 804 1056 834 affirmas
1071 805 1138 835 haec
1153 804 1255 835 facere
1271 814 1342 846 quae
1358 805 1397 835 ab
1412 804 1473 835 iilis
1488 805 1691 847 imperantur.

230 859 347 891 Nonne
363 864 450 899 tunc,
465 869 484 889 ο
510 857 736 900 sapientissime
758 857 1002 898 Thrasymache,
1016 857 1171 898 contingit
1189 857 1309 898 justum
1335 868 1402 889 esse
1428 859 1615 890 contrarium
1643 858 1692 888 fa-

228 924 299 944 cere
313 912 394 954 ejus,
408 913 492 954 quod
507 918 540 942 tu
556 912 708 943 dicebas?
731 911 817 952 quod
842 911 925 942 enim
953 910 1180 951 potentioribus
1204 910 1314 942 inutile
1339 917 1399 951 est,
1415 912 1565 953 subjectis
1589 912 1692 952 quod·

231 967 376 997 ammodo
400 967 579 1007 imperatur.
622 966 685 996 Hic
710 965 807 1006 [340]
832 965 1065 1000 Polemarchus,
1081 965 1142 995 Per
1166 965 1290 1001 Jooem,
1305 965 1418 1006 inquit,
1443 965 1692 996 manifestissima

230 1020 298 1050 haec
314 1024 397 1055 sunt,
413 1030 431 1049 o
446 1019 600 1050 Socrates.
644 1018 734 1049 Tunc
760 1018 945 1058 Clitoph0n‚
963 1017 1013 1047 Ita
1039 1027 1175 1058 prorsus,
1190 1018 1215 1048 si
1242 1023 1275 1048 tu
1298 1018 1385 1048 testis
1409 1018 1586 1049 accesseris.
1628 1017 1691 1049 Po.

231 1073 293 1103 Sed
311 1083 373 1103 non
389 1083 468 1114 opus
483 1078 530 1103 est
547 1072 688 1103 testibus.
710 1072 778 1112 ipse
792 1071 875 1102 enim
890 1071 1141 1112 Thrasymachus
1167 1071 1334 1102 confitetur
1362 1071 1519 1113 principes
1545 1082 1693 1102 nonuun-

232 1137 338 1167 quam,
352 1136 422 1167 quae
438 1126 498 1157 sibi
509 1137 571 1156 non
584 1126 775 1162 conducant,
786 1124 936 1166 imperare
950 1137 956 1155 :
974 1136 1044 1166 quae
1058 1125 1184 1166 quidem
1200 1125 1305 1166 perfici
1319 1126 1357 1156 ab
1368 1125 1563 1157 inferioribus
1573 1125 1695 1167 justum

233 1180 282 1211 sit.
308 1180 384 1211 Cu.
401 1179 483 1210 Nam
497 1179 611 1220 facere,
624 1190 695 1221 quae
708 1190 725 1209 a
738 1179 930 1220 principibus
941 1179 1142 1219 imperantur,
1155 1178 1276 1220 justum
1288 1190 1356 1210 esse
1371 1179 1487 1220 posuit,
1501 1190 1521 1210 ο
1533 1180 1694 1211 Poiemar·

236 1235 306 1269 che,
321 1234 582 1275 Thrasymachus.
626 1233 688 1264 Po.
712 1232 835 1264 Etenim
850 1232 1017 1274 potentiori
1034 1233 1123 1273 utile,
1134 1244 1152 1263 o
1168 1232 1355 1274 Clitophon‚
1367 1233 1488 1274 justum
1500 1243 1566 1264 esse
1578 1234 1697 1274 posuit.

235 1290 302 1319 haec
318 1293 421 1319 autem
438 1292 566 1329 utraque
583 1298 715 1329 ponens,
731 1288 890 1319 consessus
905 1293 954 1318 est
977 1298 1078 1318 rursus
1105 1289 1295 1329 quandoque
1321 1288 1525 1330 potentiores,
1541 1298 1611 1330 quae
1635 1287 1695 1318 sibi

233 1342 323 1372 utilia
337 1352 400 1372 non
415 1346 500 1380 sunt,
513 1342 708 1373 inferioribus
724 1342 887 1383 imperare.
911 1352 948 1372 ex
964 1341 1010 1372 his
1027 1347 1130 1372 autem
1145 1342 1399 1373 concessionibus
1414 1342 1564 1383 sequitur,
1581 1346 1694 1372 utnon

233 1395 331 1437 magis
345 1396 429 1436 quod
446 1395 615 1436 potentiori
647 1396 735 1432 utile,
751 1406 844 1437 quam
869 1397 953 1437 quod
981 1396 1103 1433 inutile,
1115 1396 1235 1437 justum
1261 1396 1311 1426 sit.
1356 1395 1408 1426 Ad
1434 1396 1501 1427 haec
1527 1395 1573 1426 ait
1596 1395 1697 1427 Clito-

234 1450 332 1490 phon,
347 1449 392 1480 At
408 1450 577 1491 potentiori
593 1449 669 1480 utile
684 1450 816 1481 vocabat
830 1449 1091 1491 Thrasymachus,
1106 1450 1191 1490 quod
1208 1449 1266 1480 sibi
1280 1449 1420 1480 conferre
1435 1448 1594 1490 potentior
1616 1449 1698 1479 exis·

233 1504 372 1534 timarit:
396 1503 493 1545 idque
509 1504 663 1545 agendum
680 1514 747 1534 esse
763 1503 912 1545 subjectis
928 1510 1021 1545 atque
1036 1514 1103 1534 esse
1115 1503 1246 1544 justum.
1292 1503 1355 1534 Sed
1372 1503 1606 1542 Polemarchus,
1619 1502 1696 1533 Non

231 1559 289 1595 sic,
306 1558 360 1594 ait,
374 1562 422 1588 est
436 1568 455 1588 a
468 1558 701 1599 Thrasymacho
717 1558 848 1590 dictum.
892 1557 996 1597 Nihil,
1012 1557 1149 1598 iuquam,
1166 1557 1268 1594 refert,
1284 1567 1303 1587 ο
1319 1556 1532 1588 Polemarche.
1555 1557 1642 1597 quod
1668 1556 1694 1587 si

234 1621 318 1643 nunc
335 1611 377 1642 ita
393 1611 471 1642 dicit
496 1611 758 1653 Thrasymachus,
774 1611 818 1642 sic
846 1616 878 1642 et
904 1622 960 1642 nos
982 1612 1197 1652 accipiamus:
1223 1616 1255 1642 et
1281 1616 1313 1641 tu
1339 1610 1415 1640 mihi
1439 1610 1503 1647 dic,
1518 1620 1537 1640 o
1560 1610 1701 1651 Thrasy-

235 1666 356 1703 mache,
372 1667 471 1696 hocne
487 1671 533 1696 cst
549 1666 634 1706 quod
648 1665 767 1706 justum
783 1666 886 1696 dicere
912 1666 1050 1701 volebas,
1068 1665 1234 1706 potentiori
1261 1666 1356 1695 utile:
1381 1663 1500 1695 scilicet
1525 1664 1610 1705 quod
1635 1663 1699 1704 ipsi

236 1719 312 1750 utile
329 1720 480 1755 videatur,
496 1719 559 1749 sive
574 1719 713 1750 conferat
730 1720 793 1750 sive
810 1730 872 1749 non
898 1719 1061 1750 conferat?
1086 1719 1169 1749 itane
1185 1719 1195 1748 ?
1241 1719 1357 1749 Tnns.
1380 1718 1528 1750 Minime.
1574 1718 1636 1748 Sed
1664 1722 1698 1748 tu

237 1779 370 1813 putasne
388 1783 435 1803 me
458 1773 560 1813 illum,
576 1772 630 1814 qui
656 1774 786 1810 aberret,
805 1773 1010 1814 potentiorem
1041 1783 1149 1803 vocare
1174 1782 1244 1803 cum
1272 1772 1406 1813 peccat?
1451 1772 1510 1802 So.
1531 1770 1700 1802 Existima-

237 1827 306 1855 bam
323 1833 352 1855 te
368 1826 413 1856 sic
427 1827 542 1865 dicere,
555 1827 682 1867 quando
698 1827 854 1868 principes
879 1837 943 1857 non
968 1837 1035 1857 esse
1061 1827 1187 1856 omuino
1216 1831 1302 1857 extra
1326 1835 1470 1861 errorem,
1486 1825 1542 1857 sed
1569 1835 1700 1866 peccare

235 1879 424 1920 quandoque
440 1880 640 1910 confitereris·
683 1879 797 1910 Tum.
821 1881 1025 1921 Sycophanta
1043 1880 1183 1921 profecto
1206 1890 1239 1910 es
1266 1879 1297 1909 in
1322 1879 1529 1915 sermonibus,
1544 1878 1701 1916 Socrates,

234 1932 388 1973 siquidem
405 1933 485 1963 circa
500 1938 684 1974 aegrotantes
711 1934 902 1964 aberrantem
929 1934 1034 1964 statim
1062 1933 1217 1964 medicum
1245 1933 1398 1974 appellas,
1415 1936 1570 1974 quatenus
1596 1938 1698 1963 ermt:

239 1985 287 2015 vei
318 1990 576 2025 computatorem,
604 1996 674 2017 cum
704 1986 735 2016 in
767 1987 886 2017 ratione
917 1987 1064 2028 ponenda
1093 1991 1216 2027 peccat,
1243 1987 1413 2017 secundum
1442 1987 1526 2016 hunc
1555 1995 1702 2016 errorem.

236 2039 303 2075 sed,
320 2043 354 2069 ut
375 2039 528 2075 existimo,
545 2040 585 2070 ita
613 2039 696 2080 loqui
723 2039 954 2075 consuevimus,
969 2040 1054 2080 quod
1081 2040 1223 2071 medicus
1249 2045 1282 2070 et
1307 2039 1434 2070 rationis
1458 2044 1645 2080 supputator
1666 2044 1701 2070 et

235 2092 452 2132 grammaticus
468 2098 556 2123 errat.
580 2092 709 2123 arbitror
725 2098 827 2123 tamen
846 2093 964 2123 nullum
982 2094 1121 2130 istorum,
1137 2099 1291 2134 quatenus
1317 2098 1365 2123 cst
1388 2093 1431 2130 id,
1447 2093 1533 2133 quod
1559 2092 1702 2134 appella-

236 2156 304 2176 mus
322 2156 582 2187 unumquemquc,
601 2157 739 2187 peccare.
785 2147 891 2182 Quare
906 2148 1077 2177 secundum
1094 2153 1233 2178 exactam
1248 2147 1413 2185 rationem,
1426 2146 1552 2187 quando
1569 2151 1602 2176 et
1615 2151 1647 2176 tu
1658 2146 1700 2176 ad

234 2200 337 2230 vivum
354 2210 485 2239 resecas,
500 2200 603 2229 nullus
619 2200 726 2230 artifex
745 2204 863 2240 peccat.
886 2200 1025 2241 quisquis
1040 2200 1121 2230 enim
1138 2206 1259 2241 peccat,
1276 2199 1443 2230 deficiente
1469 2199 1602 2230 scientia
1626 2209 1701 2240 pec-

235 2259 298 2290 cat,
312 2253 346 2283 in
361 2264 424 2294 quo
440 2263 513 2283 sane
529 2264 591 2283 non
608 2259 655 2284 est
669 2253 790 2284 artifex.
815 2259 1003 2294 quapropter
1023 2253 1130 2284 artifex
1150 2254 1198 2284 vei
1215 2254 1340 2294 sapiens
1354 2253 1403 2283 vel
1421 2253 1567 2294 princeps
1592 2252 1697 2283 nunus

236 2312 360 2347 peccat,
375 2312 449 2337 tunc
464 2317 534 2338 cum
550 2306 694 2348 princeps
709 2311 772 2337 est:
791 2308 844 2337 sed
861 2306 961 2347 quivis
977 2307 1095 2338 diceret
1107 2313 1140 2338 et
1153 2306 1308 2338 medicum
1321 2316 1466 2347 peccasse
1479 2310 1511 2336 et
1525 2305 1696 2347 principem

238 2370 395 2401 peccasse.
409 2360 587 2401 hujusmodi
601 2360 694 2402 igitur
707 2361 824 2401 aliquid
840 2361 1035 2401 respondisse
1052 2372 1100 2391 me
1116 2361 1171 2391 tibi
1187 2360 1373 2391 existimato.
1405 2359 1491 2390 Illud
1507 2370 1577 2392 vero
1593 2365 1705 2391 encta

235 2415 356 2446 ratione
381 2415 561 2451 dicendum,
591 2415 778 2456 principem,
802 2415 898 2455 [341]
923 2421 1076 2455 quatenus
1102 2415 1248 2456 princeps
1278 2420 1339 2450 est,
1363 2424 1427 2445 non
1457 2423 1586 2455 peceare
1601 2424 1609 2443 τ
1638 2423 1703 2443 non

237 2475 420 2508 peccantem
431 2473 628 2510 autem,quae
644 2469 761 2510 optima
776 2469 833 2499 sibi
860 2475 945 2506 sunt,
960 2469 1121 2510 imperare.
1147 2470 1205 2500 hoc
1233 2479 1303 2500 vero
1330 2468 1390 2505 his,
1405 2467 1460 2510 qui
1487 2468 1545 2498 sub
1570 2466 1703 2508 imperio

236 2520 306 2562 ejus
320 2526 403 2558 sunt,
418 2522 597 2553 faciendum
618 2529 675 2555 est.
721 2522 945 2560 Quamobrem,
964 2528 996 2552 ut
1021 2533 1038 2553 a
1067 2523 1219 2564 principio
1234 2523 1389 2559 dicebam,
1407 2522 1529 2564 justum
1544 2530 1612 2552 esse
1637 2520 1702 2562 aio,

237 2575 322 2615 quod
351 2576 518 2615 potentiori
543 2577 703 2614 conducit,
733 2577 845 2608 facere.
889 2577 946 2608 So.
970 2576 1054 2607 Num
1084 2577 1140 2607 tibi
1167 2577 1286 2613 videor,
1302 2587 1322 2607 o
1347 2575 1593 2617 Thrasymache,
1606 2584 1701 2616 syco-

239 2628 364 2668 phantae
381 2628 475 2659 instar
490 2630 695 2661 calumniari?
740 2631 855 2661 Turta.
878 2630 919 2661 Et
937 2631 1067 2661 maxime
1094 2631 1233 2672 quidem.
1278 2629 1334 2661 So.
1359 2629 1455 2660 Putas
1478 2639 1528 2659 me
1553 2638 1590 2658 ex
1614 2638 1703 2659 com-

238 2681 340 2721 posito
357 2683 505 2713 rationem
530 2690 564 2713 ut
587 2684 626 2715 de
652 2695 757 2725 pravo,
778 2691 808 2715 te
832 2685 875 2715 ita
900 2685 1089 2726 interrogare
1114 2691 1148 2715 ut
1172 2685 1264 2715 modo
1290 2682 1542 2724 interrogabam?
1586 2681 1704 2713 Turu-

236 2733 336 2773 Atqui
353 2735 478 2776 penitus
493 2737 552 2767 hoc
571 2738 655 2768 novi.
679 2739 731 2770 sed
749 2739 824 2769 nihii
843 2739 994 2780 proficies
1019 2750 1121 2780 neque
1134 2739 1217 2770 euim
1231 2749 1279 2770 me
1293 2743 1354 2768 tuae
1366 2737 1463 2767 latent
1477 2735 1600 2766 insidiae
1614 2747 1621 2765 ι
1647 2746 1702 2766 ne-

235 2799 296 2829 que
308 2799 378 2820 cum
392 2789 517 2826 lateant,
531 2791 590 2822 vim
605 2793 703 2823 verbis
716 2793 827 2824 inferre
841 2793 968 2824 valebis.
991 2793 1044 2825 So.
1062 2793 1196 2824 Minime
1211 2793 1270 2823 hoc
1281 2791 1472 2832 aggrederer,
1484 2800 1503 2820 o
1517 2790 1617 2820 beate.
1640 2789 1702 2820 Sed

237 2851 276 2872 ne
290 2842 365 2884 quid
383 2843 444 2874 taie
461 2854 562 2875 rursus
576 2846 666 2875 nobis
681 2848 815 2883 accidat,
831 2848 1003 2889 distingue,
1021 2855 1119 2877 utrum
1137 2847 1309 2888 principem
1326 2851 1358 2876 et
1383 2843 1591 2885 potentiorem
1617 2842 1706 2874 dicas

239 2897 409 2926 secundum
427 2897 536 2938 vulgus
555 2896 593 2929 an
609 2902 780 2931 secundum
796 2907 935 2933 exactam
952 2902 1114 2937 rationem,
1131 2902 1215 2942 quod
1231 2906 1262 2931 et
1289 2905 1320 2930 tu
1351 2898 1445 2940 paulo
1479 2902 1551 2928 ante
1575 2897 1679 2928 disis-ti
1694 2909 1700 2926 :

236 2948 326 2988 cujus
343 2949 430 2988 utile,
447 2962 515 2983 cum
532 2955 688 2993 potentior
705 2956 756 2993 sit,
770 2955 889 2995 justum
906 2963 952 2988 cst
970 2963 1001 2988 ut
1017 2968 1034 2987 a
1051 2956 1200 2996 subjectis
1213 2954 1372 2987 efficiatur.
1404 2952 1519 2984 ΤΗΒΑ.
1537 2950 1703 2983 Exactissi-
