1840 3225
186 203 258 254 96]
468 205 637 245 TIMAEI
659 203 821 244 LOCRI
856 204 930 242 DE
960 202 1140 243 ANIMA
1172 206 1372 245 MUNDI.
1406 215 1416 219 ’
1572 208 1654 247 453

184 315 290 343 causa,
307 313 514 349 praeterquam
526 319 545 340 a
559 308 632 340 Deo
647 308 701 350 qui
713 306 819 350 ipsum
835 307 1023 348 composuit,
1035 309 1189 349 siquando
1207 310 1339 341 voluerit
1352 310 1457 352 ipsum
1470 310 1658 341 dissolvere.

183 359 230 390 At
249 370 314 392 non
339 367 389 393 est
400 362 474 393 boni
489 362 651 404 genitoris,
668 360 708 393 ad
723 361 772 392 sui
785 361 889 397 foetus,
917 368 950 391 et
971 362 1175 403 pulcherrimi
1199 363 1330 405 quidem
1358 364 1456 401 illius,
1481 364 1656 407 perniciem

183 412 319 455 impelli.
363 416 533 448 Permanet
554 417 649 459 igitur
671 417 808 448 mundus
829 420 1012 449 constanter
1034 415 1105 448 talis
1129 418 1231 458 qualis
1246 423 1295 448 est
1316 424 1442 450 creatus
1457 429 1476 450 a
1501 419 1587 460 Deo,
1617 419 1656 450 ab

182 468 270 498 omni
299 471 503 511 corruptione
532 471 613 502 liber
634 476 667 502 et
685 471 827 506 interitu,
852 470 977 506 beatus,
1002 470 1140 510 optimus
1167 481 1272 502 rerum
1297 472 1438 503 omnium
1455 473 1652 514 genitarum:

183 522 442 565 quandoquidem
456 526 496 556 ab
511 525 631 566 optima
646 535 742 556 causa
756 524 872 559 extitit,
891 529 1090 566 proponente
1117 525 1178 555 sibi
1204 536 1268 556 non
1292 527 1485 568 exemplaria
1510 527 1656 568 quaedam

184 585 336 608 manuum
365 579 492 620 opificio
521 579 618 615 edita,
649 580 706 610 sed
732 579 820 609 illam
849 578 961 609 Idearn
988 578 1286 620 intelligibilemque
1301 581 1545 611 essentiamtad
1563 591 1657 621 quam

182 630 335 663 videlicet
348 643 445 673 quum
470 633 545 675 [95]
571 644 620 664 res
634 633 710 675 ipsae
727 632 885 674 exquisita
899 631 1035 673 quadam
1052 633 1172 664 ratione
1189 634 1312 664 effectae
1327 634 1457 671 fuerint,
1483 635 1659 677 pulcherri-

183 693 243 714 mae
258 686 442 723 extiterunt,
458 692 492 718 et
507 687 691 728 hujusmodi
715 692 749 717 ut
766 697 848 717 nova
873 686 1012 726 quadam
1039 696 1134 727 opera
1157 688 1319 718 emendari
1342 687 1472 718 minime
1504 689 1656 719 debeant.

183 736 350 769 Perfectus
364 750 438 770 vero
462 751 585 781 semper
607 746 656 771 est
680 741 828 776 mundus,
856 750 960 771 rerum
982 740 1145 770 sensilium
1167 741 1423 782 comparatione:
1455 742 1605 783 quoniam
1624 748 1659 773 et

182 790 354 833 Exemplar
364 792 445 824 illud
460 794 545 835 quod
555 799 588 824 et
600 794 708 825 omnia
720 794 871 824 animalia
884 794 918 824 in
940 794 1045 835 seipso
1061 794 1292 836 complectitur,
1318 795 1398 826 nihil
1421 801 1509 827 extra
1532 796 1660 837 reliquit

182 843 290 875 aliud:
316 846 374 877 hoc
390 857 463 878 vero
479 847 661 889 Exemplar,
675 847 926 889 intelligibilium
951 847 1111 888 perfectus
1133 853 1181 879 est
1201 848 1367 885 terminus,
1391 849 1658 891 quemadmodum

181 897 234 929 hic
259 899 407 937 mundus,
434 901 611 932 sensilium.
657 901 717 931 Est
742 910 834 942 porro
858 900 989 937 solidus,
1017 907 1051 931 et
1075 901 1258 942 hujusmodi
1280 909 1315 933 ut
1343 910 1377 934 et
1400 904 1487 945 tangi
1516 909 1548 935 et
1572 905 1659 935 cerni

181 952 302 993 possit:
334 964 371 985 ac
383 955 516 996 proinde
533 955 664 986 Terram
679 955 804 985 sortitus
817 960 866 985 est
891 961 925 985 et
949 955 1073 996 Ignem,
1101 960 1145 992 et,
1167 966 1238 997 quae
1261 955 1346 987 inter
1365 962 1480 988 terram
1506 962 1538 988 et
1549 957 1659 999 ignem

182 1006 288 1038 media
306 1007 521 1046 intercedunt,
546 1008 667 1040 Aerem
679 1014 712 1039 et
728 1009 867 1050 Aquam.
912 1009 940 1039 E
956 1009 1103 1050 perfectis
1126 1015 1234 1041 autem
1258 1011 1447 1042 constitutus
1473 1016 1523 1042 est
1545 1021 1660 1053 corpo·

181 1059 278 1097 ribus,
294 1072 364 1103 quae
382 1068 447 1094 tota
459 1063 575 1104 inipso
591 1063 743 1100 existunt,
758 1069 792 1094 ut
805 1063 895 1094 nulla
909 1063 1040 1105 quidem
1055 1073 1127 1104 pars
1147 1069 1237 1094 extra
1262 1064 1369 1106 ipsum
1392 1065 1506 1096 relicta
1531 1064 1593 1096 sit:
1625 1070 1661 1097 ut

182 1114 222 1145 sit
236 1115 387 1147 Universi
402 1127 516 1159 corpus
532 1117 810 1153 absolutissimum,
827 1122 862 1148 ut
883 1117 918 1148 in
944 1117 1014 1159 ipso
1035 1118 1115 1148 nihil
1131 1117 1306 1149 desiderari
1331 1119 1439 1160 possit,
1461 1125 1494 1150 et
1517 1119 1660 1151 interitui

181 1169 272 1200 nullo
285 1170 384 1201 modo
397 1172 579 1209 obnoxium,
595 1178 685 1203 extra
700 1182 828 1203 omnem
843 1171 921 1202 lethi
939 1182 1065 1203 noxam.
1109 1172 1185 1203 Non
1211 1173 1297 1203 enim
1319 1174 1381 1204 alia
1405 1173 1564 1215 quaepiam
1587 1179 1661 1205 sunt

181 1223 312 1254 seorsim
327 1236 345 1256 a
360 1231 440 1256 terra
457 1232 489 1257 et
503 1226 590 1268 igne,
607 1231 640 1257 et
654 1227 777 1257 duobus
791 1226 861 1257 aliis
875 1226 1073 1257 intermediis
1087 1227 1264 1258 elementis.
1289 1227 1375 1258 Nam
1388 1228 1459 1269 ipsa
1475 1238 1514 1259 ex
1529 1228 1658 1270 optimae

182 1279 393 1319 proportionis
417 1280 563 1318 formula,
588 1282 702 1323 aequali
727 1282 865 1322 quadam
888 1280 975 1312 inter
1002 1291 1036 1312 se
1066 1286 1224 1323 potestate
1252 1282 1465 1319 continentur,
1492 1288 1529 1314 ut
1553 1292 1659 1324 neque

182 1333 366 1365 contineant
380 1345 484 1376 neque
498 1336 720 1366 contineantur
736 1346 777 1366 ex
793 1341 880 1377 parte
896 1335 978 1366 inter
994 1346 1028 1366 se
1044 1340 1166 1373 mutuo,
1190 1342 1227 1366 ut
1241 1336 1303 1367 alia
1327 1336 1570 1373 incrementum,
1598 1337 1660 1368 alia

183 1385 424 1420 diminutionem
449 1390 595 1432 capiant:
622 1391 677 1421 sed
707 1390 849 1431 profecto
878 1389 1087 1420 indissolubili
1114 1391 1253 1431 quadam
1276 1401 1440 1433 compage,
1457 1392 1587 1432 oprimae
1604 1401 1660 1423 cu·

177 1438 306 1481 jusdam
329 1443 461 1474 rationis
487 1444 612 1474 vinculo
639 1444 808 1474 constricta
832 1450 1053 1485 permaneant.
1097 1444 1205 1481 Quum
1228 1445 1313 1475 enirn
1338 1451 1399 1477 tres
1425 1445 1554 1487 quidam
1578 1445 1661 1476 exis·

183 1499 251 1526 tant
267 1497 404 1533 termini,
421 1503 453 1529 et
466 1498 635 1529 intervalla
649 1509 775 1540 quoque
792 1498 905 1529 eadem
919 1498 977 1529 illa
991 1499 1112 1530 ratione
1134 1499 1218 1529 inter
1234 1509 1266 1530 se
1283 1499 1403 1530 distent
1417 1511 1423 1529 ι
1447 1505 1523 1531 tunc
1547 1499 1662 1531 videli-

182 1554 234 1580 cet
255 1550 398 1582 medium
423 1552 503 1583 radii
520 1552 620 1583 instar
635 1552 782 1584 videmus
798 1553 838 1583 ad
856 1553 992 1594 primum
1008 1563 1088 1589 esse,
1105 1553 1191 1595 quod
1206 1553 1335 1584 tertium
1349 1559 1398 1584 est
1413 1554 1454 1584 ad
1476 1554 1578 1596 ipsum
1595 1566 1602 1585 :
1627 1559 1661 1585 et

182 1604 338 1635 contraria
362 1605 443 1641 vice,
470 1607 736 1648 commutatisque
761 1612 972 1648 congruenter
997 1607 1183 1645 intervallis,
1210 1613 1336 1640 servato
1370 1609 1510 1639 locorum
1538 1608 1662 1640 ordine.

183 1657 264 1690 Haec
290 1666 396 1690 autem
419 1670 594 1696 recensere,
612 1662 656 1692 ita
671 1666 705 1691 ut
727 1661 849 1691 numeri
866 1666 899 1691 et
914 1662 1003 1702 quasi
1020 1661 1145 1692 articuli
1160 1663 1269 1693 harum
1285 1661 1523 1704 proportionum
1538 1662 1660 1693 intelli-

183 1719 307 1754 gantur,
322 1724 524 1756 nequaquam
537 1715 604 1745 fieri
619 1720 738 1757 potest,
751 1715 812 1746 nisi
827 1726 873 1746 res
884 1715 1031 1757 quaedam
1048 1716 1117 1757 pari
1146 1721 1305 1757 potestate
1329 1717 1485 1758 praeditae,
1515 1717 1659 1759 subjecta

182 1768 282 1799 oculis
296 1768 520 1809 descriptione,
536 1775 745 1811 opponantur.
769 1780 840 1811 quae
865 1769 996 1811 quidem
1022 1770 1159 1800 docendi
1181 1771 1261 1801 ratio
1287 1776 1465 1812 opportuna
1487 1776 1536 1802 est
1558 1777 1591 1802 et
1616 1772 1658 1803 ad

183 1821 289 1862 figurae
314 1827 347 1853 et
370 1822 411 1853 ad
438 1829 539 1854 motus
554 1825 708 1855 rationem
724 1825 1026 1866 repraesentandam.
1074 1824 1242 1861 Quatenus
1256 1825 1351 1866 igitur
1366 1825 1508 1856 Mundus
1529 1826 1660 1867 globosa

183 1880 234 1907 est
248 1876 356 1917 figura,
371 1878 493 1919 sibique
511 1877 591 1909 adeo
607 1879 811 1920 undiquaque
836 1878 958 1915 similis,
972 1889 1082 1909 ornnes
1098 1884 1182 1910 certe
1196 1879 1273 1910 alias
1287 1879 1413 1921 figuras,
1434 1890 1504 1921 quae
1529 1880 1658 1921 quidem

183 1931 279 1961 unius
307 1932 370 1962 sint
397 1933 534 1973 generis,
565 1942 678 1975 capere
709 1938 823 1975 potest.
869 1932 889 1964 J
892 1942 940 1963 arn
966 1938 1001 1964 et
1027 1944 1064 1963 ex
1093 1933 1149 1964 illo
1181 1933 1326 1965 circulari
1354 1939 1443 1964 motu
1471 1940 1658 1976 perpetuum

186 1985 347 2026 quendam
359 1991 499 2017 tenorem
515 1993 692 2019 conservat.
717 1988 785 2018 sola
800 1987 886 2018 enim
901 1988 1031 2029 globosa
1045 1988 1101 2018 illa
1112 1987 1178 2018 sive
1195 1987 1358 2019 circularis
1374 1989 1476 2030 figura
1491 1995 1606 2030 potest,
1626 1994 1661 2021 et

184 2040 257 2070 durn
276 2040 408 2081 quiescit
423 2047 455 2072 et
470 2041 542 2071 dum
561 2046 713 2076 movetur,
728 2042 762 2072 in
777 2041 886 2072 eodem
903 2042 973 2072 loco
988 2048 1064 2083 apta
1081 2042 1218 2082 quadam
1240 2043 1548 2074 commensuratione
1570 2054 1657 2075 com-

184 2094 259 2135 poni
273 2105 280 2124 ε
307 2099 343 2124 ut
357 2104 517 2136 nunquam
534 2096 582 2126 vel
599 2095 727 2126 deficiat
742 2096 792 2126 vel
810 2096 842 2126 in
859 2095 957 2126 alium
970 2096 1151 2138 quempiam
1166 2098 1352 2138 commigret
1367 2099 1469 2129 locum
1483 2110 1489 2128 :
1507 2100 1657 2140 quoniam

185 2147 334 2179 videlicet
348 2149 453 2179 omnia
469 2150 594 2190 paribus
611 2150 648 2180 ab
666 2149 734 2191 ipso
749 2151 856 2180 medio
872 2150 991 2182 distent
1006 2151 1194 2183 intervallis.
1241 2151 1349 2188 Quum
1364 2163 1454 2194 porro
1475 2154 1659 2186 laevissimus

183 2202 225 2233 sit
240 2208 272 2233 et
287 2213 409 2244 prorsus
421 2203 596 2245 aequabilis,
611 2209 648 2235 ut
659 2205 737 2234 nihil
754 2203 794 2234 ad
807 2215 962 2235 summam
977 2205 1215 2248 perfectamque
1228 2206 1475 2248 aequabilitatem
1487 2208 1658 2240 desiderari

184 2257 218 2287 in
234 2267 272 2287 eo
288 2258 387 2298 possit
401 2270 407 2288 :
433 2258 561 2289 minime
580 2258 703 2300 indiget
721 2259 903 2290 mortalibus
918 2260 1145 2296 instrumentis,
1162 2271 1234 2302 quae
1251 2261 1292 2291 ad
1307 2261 1431 2292 facilem
1457 2262 1660 2303 expeditum-

184 2320 247 2351 que
276 2322 366 2342 usum
397 2313 518 2344 caeteris
537 2313 749 2344 animantibus
776 2319 886 2355 aptata
911 2319 984 2344 sunt
1013 2320 1046 2344 et
1076 2316 1325 2346 accommodata.
1371 2315 1522 2346 Animam
1550 2322 1658 2349 autem

186 2364 295 2395 mundi
311 2365 342 2395 in
365 2366 465 2406 ipsius
479 2367 585 2397 medio
609 2366 727 2397 indidit
750 2367 849 2404 Deus,
877 2373 910 2398 et
934 2372 1020 2398 eitra
1045 2368 1174 2399 eduxit:
1199 2370 1369 2411 ipsumque
1384 2371 1564 2402 universum
1588 2371 1658 2413 ipsa

184 2419 336 2454 contexit,
352 2428 436 2450 certo
448 2419 588 2460 quodam
603 2425 849 2463 temperamento
865 2428 1141 2463 contemperatam,
1158 2434 1192 2454 ex
1209 2423 1304 2455 forma
1322 2424 1470 2456 nimirum
1483 2425 1658 2462 individua,

184 2477 218 2503 et
232 2483 269 2503 ex
286 2472 412 2504 dividua
425 2476 562 2505 essentia
578 2486 584 2504 z
612 2480 648 2505 ut
663 2487 759 2506 unum
778 2476 937 2518 quoddam
953 2482 1237 2518 temperamentum
1252 2488 1291 2509 ex
1312 2478 1358 2508 his
1375 2478 1497 2510 duobus
1523 2480 1654 2510 existat:

187 2526 262 2569 [96]
277 2527 328 2558 cui
341 2527 420 2559 duas
435 2529 591 2570 potentias
606 2530 787 2567 immiscuit,
800 2536 940 2562 motuum
951 2532 1118 2573 principia,
1133 2531 1284 2573 Ejusdem
1296 2532 1446 2564 videlicet
1457 2538 1491 2564 et
1502 2533 1658 2565 Alterius.

185 2591 256 2623 quae
271 2581 401 2624 quidem
417 2582 545 2619 Anima,
562 2594 657 2625 quum
675 2583 840 2616 difficulter
855 2586 1009 2627 suscipiat
1022 2586 1219 2623 mixtionem,
1239 2596 1344 2627 neque
1369 2587 1463 2618 facile
1488 2588 1584 2618 etiarn
1615 2587 1656 2619 ad

185 2635 280 2677 hujus
309 2638 551 2678 temperamenti
573 2638 739 2670 formulam
753 2640 880 2671 coaluit.
928 2640 988 2670 Hae
1005 2646 1111 2671 autem
1126 2651 1235 2672 omnes
1259 2641 1398 2672 rationes
1419 2646 1493 2672 sunt
1514 2647 1656 2673 contem-

185 2694 302 2732 peratae
318 2690 358 2722 ad
372 2701 520 2722 numeros
546 2693 764 2724 harmonicos:
796 2703 873 2734 quas
899 2699 932 2725 et
960 2695 1026 2736 ipse
1055 2696 1193 2726 rationes
1219 2695 1340 2737 Opifex
1361 2701 1572 2737 congruenter
1595 2696 1660 2727 dis-

183 2744 288 2782 tinxit,
312 2744 406 2777 certis
436 2746 579 2778 scientiae
608 2747 779 2789 auspiciis:
812 2753 848 2779 ut
859 2747 985 2789 quidem
1014 2749 1143 2781 minime
1169 2749 1365 2791 incognitum
1394 2760 1464 2782 esse
1494 2751 1593 2792 possit
1618 2759 1657 2781 ex

185 2798 296 2841 quibus
312 2801 378 2831 haec
395 2800 507 2832 mundi
523 2801 628 2832 anima
643 2801 690 2832 sit>
700 2802 882 2833 constituta.
928 2802 1019 2834 Hanc
1037 2813 1110 2834 vero
1132 2814 1195 2835 non
1211 2804 1354 2835 ultimam
1381 2804 1539 2836 ordinavit
1564 2804 1655 2835 Deus

186 2858 262 2895 post
290 2864 474 2896 corpoream
503 2854 607 2896 ipsam
637 2855 820 2891 essentiam,
849 2857 1115 2898 quemadmodum
1141 2868 1198 2889 nos
1225 2859 1423 2890 affirmamus.
1447 2857 1544 2898 (illud
1569 2858 1654 2888 enim

186 2906 274 2948 quod
290 2909 469 2941 honoratius
485 2912 640 2953 est'atque
658 2911 820 2952 angustius
836 2915 867 2943 ct
885 2916 1040 2954 potestate
1065 2917 1099 2943 et
1122 2918 1275 2956 ternpore,
1300 2914 1382 2954 prius
1408 2917 1473 2953 cst)
1496 2912 1551 2944 sed
1574 2912 1660 2942 ami-
