<?xml version="1.0" encoding="UTF-8"?>
<!DOCTYPE html PUBLIC "-//W3C//DTD XHTML 1.0 Transitional//EN"
    "http://www.w3.org/TR/xhtml1/DTD/xhtml1-transitional.dtd">
<html xmlns="http://www.w3.org/1999/xhtml" xml:lang="en" lang="en">
 <head>
  <title>
</title>
<meta http-equiv="Content-Type" content="text/html;charset=utf-8" />
  <meta name='ocr-system' content='tesseract 3.04.00' />
  <meta name='ocr-capabilities' content='ocr_page ocr_carea ocr_par ocr_line ocrx_word'/>
</head>
<body>
  <div class='ocr_page' id='page_1' title='image "./platonisetquaeve11plat_0304.png"; bbox 0 0 1840 3225; ppageno 0'>
   <div class='ocr_carea' id='block_1_1' title="bbox 210 183 1662 240">
    <p class='ocr_par' dir='ltr' id='par_1_1' title="bbox 210 183 1662 240">
     <span class='ocr_line' id='line_1_1' title="bbox 210 183 1662 240; baseline 0 -15"><span class='ocrx_word' id='word_1_1' title='bbox 210 190 287 228; x_wconf 78' lang='lat'>¹288</span> <span class='ocrx_word' id='word_1_2' title='bbox 801 183 1062 223; x_wconf 72' lang='lat' dir='ltr'><strong>PLA‘roms</strong></span> <span class='ocrx_word' id='word_1_3' title='bbox 1565 188 1662 240; x_wconf 81' lang='lat'>[629</span> 
     </span>
    </p>
   </div>
   <div class='ocr_carea' id='block_1_2' title="bbox 190 287 1667 2927">
    <p class='ocr_par' dir='ltr' id='par_1_2' title="bbox 190 287 1667 2927">
     <span class='ocr_line' id='line_1_2' title="bbox 205 287 1662 332; baseline -0.002 -9"><span class='ocrx_word' id='word_1_4' title='bbox 205 298 310 323; x_wconf 82' lang='lat' dir='ltr'><strong>autem</strong></span> <span class='ocrx_word' id='word_1_5' title='bbox 324 291 334 321; x_wconf 89' lang='lat'>?</span> <span class='ocrx_word' id='word_1_6' title='bbox 351 290 403 332; x_wconf 89' lang='lat' dir='ltr'><strong>qui</strong></span> <span class='ocrx_word' id='word_1_7' title='bbox 420 289 459 320; x_wconf 82' lang='lat' dir='ltr'><strong>ad</strong></span> <span class='ocrx_word' id='word_1_8' title='bbox 471 289 588 319; x_wconf 85' lang='lat' dir='ltr'><strong>bellum</strong></span> <span class='ocrx_word' id='word_1_9' title='bbox 601 287 769 329; x_wconf 77' lang='lat' dir='ltr'>respiciens</span> <span class='ocrx_word' id='word_1_10' title='bbox 784 288 942 319; x_wconf 82' lang='lat' dir='ltr'><strong>civitatem</strong></span> <span class='ocrx_word' id='word_1_11' title='bbox 957 288 1127 324; x_wconf 82' lang='lat' dir='ltr'><strong>constituit,</strong></span> <span class='ocrx_word' id='word_1_12' title='bbox 1143 293 1243 320; x_wconf 88' lang='lat' dir='ltr'><strong>utrum</strong></span> <span class='ocrx_word' id='word_1_13' title='bbox 1259 294 1388 320; x_wconf 84' lang='lat' dir='ltr'><strong>externa</strong></span> <span class='ocrx_word' id='word_1_14' title='bbox 1401 289 1486 320; x_wconf 89' lang='lat' dir='ltr'><strong>bella</strong></span> <span class='ocrx_word' id='word_1_15' title='bbox 1501 290 1662 331; x_wconf 76' lang='lat' dir='ltr'><strong>respiciet,</strong></span> 
     </span>
     <span class='ocr_line' id='line_1_3' title="bbox 205 342 1664 385; baseline -0.001 -9"><span class='ocrx_word' id='word_1_16' title='bbox 205 351 240 377; x_wconf 86' lang='lat' dir='ltr'><strong>et</strong></span> <span class='ocrx_word' id='word_1_17' title='bbox 250 346 288 376; x_wconf 77' lang='lat' dir='ltr'><strong>ad</strong></span> <span class='ocrx_word' id='word_1_18' title='bbox 319 344 376 375; x_wconf 89' lang='lat' dir='ltr'><strong>illa</strong></span> <span class='ocrx_word' id='word_1_19' title='bbox 401 344 496 374; x_wconf 89' lang='lat' dir='ltr'><strong>vitam</strong></span> <span class='ocrx_word' id='word_1_20' title='bbox 525 343 641 373; x_wconf 80' lang='lat' dir='ltr'><strong>civium</strong></span> <span class='ocrx_word' id='word_1_21' title='bbox 667 342 799 373; x_wconf 77' lang='lat' dir='ltr'><strong>referet:</strong></span> <span class='ocrx_word' id='word_1_22' title='bbox 824 352 864 373; x_wconf 88' lang='lat' dir='ltr'><strong>an</strong></span> <span class='ocrx_word' id='word_1_23' title='bbox 886 342 1047 378; x_wconf 74' lang='lat' dir='ltr'><strong>intestina,</strong></span> <span class='ocrx_word' id='word_1_24' title='bbox 1077 353 1146 384; x_wconf 80' lang='lat' dir='ltr'><strong>quae</strong></span> <span class='ocrx_word' id='word_1_25' title='bbox 1175 342 1347 374; x_wconf 83' lang='lat' dir='ltr'><strong>seditiones</strong></span> <span class='ocrx_word' id='word_1_26' title='bbox 1371 344 1580 385; x_wconf 77' lang='lat' dir='ltr'><strong>appellantur,</strong></span> <span class='ocrx_word' id='word_1_27' title='bbox 1592 354 1664 385; x_wconf 61' lang='grc' dir='ltr'><strong>φιτ</strong></span> 
     </span>
     <span class='ocr_line' id='line_1_4' title="bbox 204 396 1663 441; baseline -0.001 -12"><span class='ocrx_word' id='word_1_28' title='bbox 204 399 334 430; x_wconf 87' lang='lat' dir='ltr'><strong>minime</strong></span> <span class='ocrx_word' id='word_1_29' title='bbox 357 398 494 429; x_wconf 85' lang='lat' dir='ltr'><strong>omnium</strong></span> <span class='ocrx_word' id='word_1_30' title='bbox 523 407 590 428; x_wconf 83' lang='lat' dir='ltr'><strong>esse</strong></span> <span class='ocrx_word' id='word_1_31' title='bbox 616 396 647 427; x_wconf 91' lang='lat' dir='ltr'><strong>in</strong></span> <span class='ocrx_word' id='word_1_32' title='bbox 672 396 798 427; x_wconf 83' lang='lat' dir='ltr'><strong>civitate</strong></span> <span class='ocrx_word' id='word_1_33' title='bbox 813 407 869 427; x_wconf 80' lang='lat' dir='ltr'><strong>sua</strong></span> <span class='ocrx_word' id='word_1_34' title='bbox 883 397 986 438; x_wconf 83' lang='lat' dir='ltr'><strong>quivis</strong></span> <span class='ocrx_word' id='word_1_35' title='bbox 1001 397 1109 436; x_wconf 71' lang='lat' dir='ltr'><strong>eligat,</strong></span> <span class='ocrx_word' id='word_1_36' title='bbox 1125 403 1157 428; x_wconf 85' lang='lat' dir='ltr'><strong>et</strong></span> <span class='ocrx_word' id='word_1_37' title='bbox 1174 398 1200 427; x_wconf 88' lang='lat' dir='ltr'><strong>si</strong></span> <span class='ocrx_word' id='word_1_38' title='bbox 1214 396 1370 434; x_wconf 86' lang='lat' dir='ltr'><strong>accidant,</strong></span> <span class='ocrx_word' id='word_1_39' title='bbox 1384 397 1581 441; x_wconf 48' lang='lat' dir='ltr'><strong>quam-ocius</strong></span> <span class='ocrx_word' id='word_1_40' title='bbox 1593 397 1663 428; x_wconf 78' lang='lat' dir='ltr'><strong>fieri</strong></span> 
     </span>
     <span class='ocr_line' id='line_1_5' title="bbox 204 449 1666 495; baseline -0.001 -12"><span class='ocrx_word' id='word_1_41' title='bbox 204 457 318 495; x_wconf 85' lang='lat' dir='ltr'><strong>potest,</strong></span> <span class='ocrx_word' id='word_1_42' title='bbox 332 452 436 483; x_wconf 75' lang='lat' dir='ltr'><strong>sedari</strong></span> <span class='ocrx_word' id='word_1_43' title='bbox 456 451 586 492; x_wconf 84' lang='lat' dir='ltr'><strong>cupiat?</strong></span> <span class='ocrx_word' id='word_1_44' title='bbox 631 450 707 483; x_wconf 76' lang='lat' dir='ltr'><strong>Cu,</strong></span> <span class='ocrx_word' id='word_1_45' title='bbox 731 449 784 481; x_wconf 81' lang='lat' dir='ltr'><strong>Ad</strong></span> <span class='ocrx_word' id='word_1_46' title='bbox 800 451 868 482; x_wconf 85' lang='lat' dir='ltr'><strong>haec</strong></span> <span class='ocrx_word' id='word_1_47' title='bbox 882 451 988 492; x_wconf 84' lang='lat' dir='ltr'><strong>plane.</strong></span> <span class='ocrx_word' id='word_1_48' title='bbox 1035 450 1172 482; x_wconf 66' lang='lat' dir='ltr'><strong>Arnim.</strong></span> <span class='ocrx_word' id='word_1_49' title='bbox 1197 452 1310 483; x_wconf 82' lang='lat' dir='ltr'><strong>Utrum</strong></span> <span class='ocrx_word' id='word_1_50' title='bbox 1326 462 1397 483; x_wconf 83' lang='lat' dir='ltr'><strong>vero</strong></span> <span class='ocrx_word' id='word_1_51' title='bbox 1410 451 1533 493; x_wconf 82' lang='lat' dir='ltr'><strong>perdita</strong></span> <span class='ocrx_word' id='word_1_52' title='bbox 1547 452 1666 483; x_wconf 80' lang='lat' dir='ltr'><strong>civium</strong></span> 
     </span>
     <span class='ocr_line' id='line_1_6' title="bbox 204 505 1664 548; baseline -0.001 -11"><span class='ocrx_word' id='word_1_53' title='bbox 204 512 292 548; x_wconf 83' lang='lat' dir='ltr'><strong>parte</strong></span> <span class='ocrx_word' id='word_1_54' title='bbox 321 516 434 548; x_wconf 83' lang='lat' dir='ltr'><strong>pacem</strong></span> <span class='ocrx_word' id='word_1_55' title='bbox 459 515 496 536; x_wconf 87' lang='lat' dir='ltr'><strong>ex</strong></span> <span class='ocrx_word' id='word_1_56' title='bbox 523 505 679 536; x_wconf 87' lang='lat' dir='ltr'><strong>seditione</strong></span> <span class='ocrx_word' id='word_1_57' title='bbox 694 505 855 546; x_wconf 86' lang='lat' dir='ltr'>consequi,</span> <span class='ocrx_word' id='word_1_58' title='bbox 872 516 944 536; x_wconf 91' lang='lat' dir='ltr'><strong>cum</strong></span> <span class='ocrx_word' id='word_1_59' title='bbox 955 505 1054 535; x_wconf 85' lang='lat' dir='ltr'><strong>altera</strong></span> <span class='ocrx_word' id='word_1_60' title='bbox 1068 515 1139 545; x_wconf 82' lang='lat' dir='ltr'><strong>pars</strong></span> <span class='ocrx_word' id='word_1_61' title='bbox 1154 506 1253 546; x_wconf 84' lang='lat' dir='ltr'><strong>potita</strong></span> <span class='ocrx_word' id='word_1_62' title='bbox 1266 506 1396 537; x_wconf 79' lang='lat' dir='ltr'><strong>victoria</strong></span> <span class='ocrx_word' id='word_1_63' title='bbox 1409 507 1461 542; x_wconf 84' lang='lat' dir='ltr'><strong>sit,</strong></span> <span class='ocrx_word' id='word_1_64' title='bbox 1477 505 1566 537; x_wconf 79' lang='lat' dir='ltr'><strong>malit</strong></span> <span class='ocrx_word' id='word_1_65' title='bbox 1575 505 1664 547; x_wconf 82' lang='lat' dir='ltr'><strong>quis-</strong></span> 
     </span>
     <span class='ocr_line' id='line_1_7' title="bbox 203 559 1666 602; baseline -0.001 -11"><span class='ocrx_word' id='word_1_66' title='bbox 203 561 309 602; x_wconf 79' lang='lat' dir='ltr'><strong>piam3</strong></span> <span class='ocrx_word' id='word_1_67' title='bbox 332 570 373 591; x_wconf 89' lang='lat' dir='ltr'><strong>an</strong></span> <span class='ocrx_word' id='word_1_68' title='bbox 398 560 502 601; x_wconf 85' lang='lat' dir='ltr'><strong>potius</strong></span> <span class='ocrx_word' id='word_1_69' title='bbox 525 570 581 602; x_wconf 88' lang='lat' dir='ltr'><strong>per</strong></span> <span class='ocrx_word' id='word_1_70' title='bbox 603 559 888 590; x_wconf 66' lang='lat' dir='ltr'><strong>reconciliatzonem</strong></span> <span class='ocrx_word' id='word_1_71' title='bbox 911 559 997 589; x_wconf 86' lang='lat' dir='ltr'><strong>facta</strong></span> <span class='ocrx_word' id='word_1_72' title='bbox 1021 569 1098 600; x_wconf 91' lang='lat' dir='ltr'><strong>pace</strong></span> <span class='ocrx_word' id='word_1_73' title='bbox 1125 560 1325 601; x_wconf 79' lang='lat' dir='ltr'>amicitiaque</span> <span class='ocrx_word' id='word_1_74' title='bbox 1337 560 1468 596; x_wconf 84' lang='lat' dir='ltr'><strong>firmata,</strong></span> <span class='ocrx_word' id='word_1_75' title='bbox 1478 559 1521 590; x_wconf 84' lang='lat' dir='ltr'><strong>ad</strong></span> <span class='ocrx_word' id='word_1_76' title='bbox 1534 565 1666 590; x_wconf 83' lang='lat' dir='ltr'><strong>externa</strong></span> 
     </span>
     <span class='ocr_line' id='line_1_8' title="bbox 205 613 1665 655; baseline -0.001 -9"><span class='ocrx_word' id='word_1_77' title='bbox 205 616 289 646; x_wconf 91' lang='lat' dir='ltr'><strong>bella</strong></span> <span class='ocrx_word' id='word_1_78' title='bbox 302 615 399 645; x_wconf 90' lang='lat' dir='ltr'><strong>totius</strong></span> <span class='ocrx_word' id='word_1_79' title='bbox 411 615 550 645; x_wconf 89' lang='lat' dir='ltr'><strong>animum</strong></span> <span class='ocrx_word' id='word_1_80' title='bbox 565 613 700 644; x_wconf 79' lang='lat' dir='ltr'><strong>civitatis</strong></span> <span class='ocrx_word' id='word_1_81' title='bbox 715 614 875 644; x_wconf 85' lang='lat' dir='ltr'><strong>converti?</strong></span> <span class='ocrx_word' id='word_1_82' title='bbox 900 613 975 644; x_wconf 82' lang='lat' dir='ltr'><strong>CLr.</strong></span> <span class='ocrx_word' id='word_1_83' title='bbox 986 613 1056 644; x_wconf 88' lang='lat' dir='ltr'><strong>Hoc</strong></span> <span class='ocrx_word' id='word_1_84' title='bbox 1070 614 1210 655; x_wconf 81' lang='lat' dir='ltr'><strong>profecto</strong></span> <span class='ocrx_word' id='word_1_85' title='bbox 1224 615 1329 655; x_wconf 91' lang='lat' dir='ltr'><strong>potius</strong></span> <span class='ocrx_word' id='word_1_86' title='bbox 1341 624 1435 655; x_wconf 86' lang='lat' dir='ltr'><strong>quam</strong></span> <span class='ocrx_word' id='word_1_87' title='bbox 1448 613 1530 645; x_wconf 89' lang='lat' dir='ltr'><strong>illud</strong></span> <span class='ocrx_word' id='word_1_88' title='bbox 1543 613 1665 644; x_wconf 82' lang='lat' dir='ltr'><strong>civitati</strong></span> 
     </span>
     <span class='ocr_line' id='line_1_9' title="bbox 204 666 1667 710; baseline -0.001 -10"><span class='ocrx_word' id='word_1_89' title='bbox 204 680 268 700; x_wconf 85' lang='lat' dir='ltr'><strong>suae</strong></span> <span class='ocrx_word' id='word_1_90' title='bbox 295 669 438 700; x_wconf 87' lang='lat' dir='ltr'><strong>accidere</strong></span> <span class='ocrx_word' id='word_1_91' title='bbox 461 669 595 710; x_wconf 84' lang='lat' dir='ltr'><strong>quisque</strong></span> <span class='ocrx_word' id='word_1_92' title='bbox 621 668 753 709; x_wconf 84' lang='lat' dir='ltr'><strong>optabit.</strong></span> <span class='ocrx_word' id='word_1_93' title='bbox 800 667 936 699; x_wconf 63' lang='lat' dir='ltr'><strong>Arum.</strong></span> <span class='ocrx_word' id='word_1_94' title='bbox 960 667 1075 698; x_wconf 82' lang='lat' dir='ltr'><strong>Nonne</strong></span> <span class='ocrx_word' id='word_1_95' title='bbox 1103 675 1136 699; x_wconf 88' lang='lat' dir='ltr'><strong>et</strong></span> <span class='ocrx_word' id='word_1_96' title='bbox 1163 669 1347 709; x_wconf 84' lang='lat' dir='ltr'><strong>legumlator</strong></span> <span class='ocrx_word' id='word_1_97' title='bbox 1371 668 1514 699; x_wconf 86' lang='lat' dir='ltr'><strong>similiter</strong></span> <span class='ocrx_word' id='word_1_98' title='bbox 1529 669 1540 699; x_wconf 84' lang='lat'>?</span> <span class='ocrx_word' id='word_1_99' title='bbox 1586 666 1667 699; x_wconf 79' lang='lat' dir='ltr'><strong>Cu.</strong></span> 
     </span>
     <span class='ocr_line' id='line_1_10' title="bbox 204 721 1663 763; baseline -0.001 -10"><span class='ocrx_word' id='word_1_100' title='bbox 204 722 367 754; x_wconf 80' lang='lat' dir='ltr'><strong>Similiter.</strong></span> <span class='ocrx_word' id='word_1_101' title='bbox 412 722 550 754; x_wconf 69' lang='lat' dir='ltr'><strong>A‘rnsn.</strong></span> <span class='ocrx_word' id='word_1_102' title='bbox 573 722 626 752; x_wconf 88' lang='lat' dir='ltr'><strong>An</strong></span> <span class='ocrx_word' id='word_1_103' title='bbox 648 732 711 753; x_wconf 89' lang='lat' dir='ltr'><strong>non</strong></span> <span class='ocrx_word' id='word_1_104' title='bbox 728 722 826 763; x_wconf 88' lang='lat' dir='ltr'><strong>ipsius</strong></span> <span class='ocrx_word' id='word_1_105' title='bbox 841 722 952 762; x_wconf 88' lang='lat' dir='ltr'><strong>optimi</strong></span> <span class='ocrx_word' id='word_1_106' title='bbox 967 723 1067 762; x_wconf 84' lang='lat' dir='ltr'><strong>gratia</strong></span> <span class='ocrx_word' id='word_1_107' title='bbox 1078 722 1162 763; x_wconf 84' lang='lat' dir='ltr'><strong>leges</strong></span> <span class='ocrx_word' id='word_1_108' title='bbox 1178 732 1286 753; x_wconf 89' lang='lat' dir='ltr'><strong>omnes</strong></span> <span class='ocrx_word' id='word_1_109' title='bbox 1295 721 1433 753; x_wconf 82' lang='lat' dir='ltr'><strong>ferendae</strong></span> <span class='ocrx_word' id='word_1_110' title='bbox 1443 728 1516 752; x_wconf 87' lang='lat' dir='ltr'><strong>sunt</strong></span> <span class='ocrx_word' id='word_1_111' title='bbox 1529 722 1540 752; x_wconf 72' lang='grc' dir='ltr'><strong><em>ἓ</em></strong></span> <span class='ocrx_word' id='word_1_112' title='bbox 1586 721 1663 753; x_wconf 82' lang='lat' dir='ltr'><strong>Cu.</strong></span> 
     </span>
     <span class='ocr_line' id='line_1_11' title="bbox 203 775 1662 819; baseline -0.001 -11"><span class='ocrx_word' id='word_1_113' title='bbox 203 777 309 817; x_wconf 84' lang='lat' dir='ltr'>Ipsius</span> <span class='ocrx_word' id='word_1_114' title='bbox 330 787 458 819; x_wconf 89' lang='lat' dir='ltr'><strong>nempe.</strong></span> <span class='ocrx_word' id='word_1_115' title='bbox 505 776 643 807; x_wconf 61' lang='lat' dir='ltr'><strong>Arx-ins.</strong></span> <span class='ocrx_word' id='word_1_116' title='bbox 665 776 764 817; x_wconf 85' lang='lat' dir='ltr'><strong>Atqui</strong></span> <span class='ocrx_word' id='word_1_117' title='bbox 777 776 928 817; x_wconf 87' lang='lat' dir='ltr'><strong>optimum</strong></span> <span class='ocrx_word' id='word_1_118' title='bbox 944 786 1004 806; x_wconf 88' lang='lat' dir='ltr'><strong>nec</strong></span> <span class='ocrx_word' id='word_1_119' title='bbox 1018 776 1134 806; x_wconf 89' lang='lat' dir='ltr'><strong>bellum</strong></span> <span class='ocrx_word' id='word_1_120' title='bbox 1158 787 1218 807; x_wconf 90' lang='lat' dir='ltr'><strong>nec</strong></span> <span class='ocrx_word' id='word_1_121' title='bbox 1231 775 1345 807; x_wconf 82' lang='lat' dir='ltr'><strong>seditio</strong></span> <span class='ocrx_word' id='word_1_122' title='bbox 1359 783 1406 807; x_wconf 86' lang='lat' dir='ltr'><strong>est</strong></span> <span class='ocrx_word' id='word_1_123' title='bbox 1420 788 1426 806; x_wconf 89' lang='lat'>:</span> <span class='ocrx_word' id='word_1_124' title='bbox 1452 785 1563 807; x_wconf 85' lang='lat' dir='ltr'><strong>omnes</strong></span> <span class='ocrx_word' id='word_1_125' title='bbox 1577 775 1662 807; x_wconf 84' lang='lat' dir='ltr'><strong>enim</strong></span> 
     </span>
     <span class='ocr_line' id='line_1_12' title="bbox 204 829 1664 872; baseline 0.001 -12"><span class='ocrx_word' id='word_1_126' title='bbox 204 830 423 872; x_wconf 86' lang='lat' dir='ltr'><strong>deprecantur,</strong></span> <span class='ocrx_word' id='word_1_127' title='bbox 450 841 491 862; x_wconf 89' lang='lat' dir='ltr'><strong>ne</strong></span> <span class='ocrx_word' id='word_1_128' title='bbox 517 831 594 872; x_wconf 89' lang='lat' dir='ltr'><strong>quid</strong></span> <span class='ocrx_word' id='word_1_129' title='bbox 618 831 726 860; x_wconf 87' lang='lat' dir='ltr'><strong>horum</strong></span> <span class='ocrx_word' id='word_1_130' title='bbox 750 830 810 860; x_wconf 83' lang='lat' dir='ltr'>sibi</span> <span class='ocrx_word' id='word_1_131' title='bbox 826 829 997 860; x_wconf 90' lang='lat' dir='ltr'><strong>ineundum</strong></span> <span class='ocrx_word' id='word_1_132' title='bbox 1017 830 1074 859; x_wconf 83' lang='lat' dir='ltr'><strong>sit:</strong></span> <span class='ocrx_word' id='word_1_133' title='bbox 1099 829 1155 860; x_wconf 87' lang='lat' dir='ltr'><strong>sed</strong></span> <span class='ocrx_word' id='word_1_134' title='bbox 1168 840 1231 871; x_wconf 79' lang='lat' dir='ltr'><strong>pax</strong></span> <span class='ocrx_word' id='word_1_135' title='bbox 1245 836 1417 871; x_wconf 83' lang='lat' dir='ltr'><strong>mutuaque</strong></span> <span class='ocrx_word' id='word_1_136' title='bbox 1432 830 1664 862; x_wconf 73' lang='lat' dir='ltr'><strong>benevolentia.</strong></span> 
     </span>
     <span class='ocr_line' id='line_1_13' title="bbox 204 883 1664 926; baseline 0 -11"><span class='ocrx_word' id='word_1_137' title='bbox 204 885 261 916; x_wconf 88' lang='lat' dir='ltr'><strong>sed</strong></span> <span class='ocrx_word' id='word_1_138' title='bbox 290 895 393 926; x_wconf 87' lang='lat' dir='ltr'><strong>neque</strong></span> <span class='ocrx_word' id='word_1_139' title='bbox 421 885 551 915; x_wconf 86' lang='lat' dir='ltr'><strong>victoria</strong></span> <span class='ocrx_word' id='word_1_140' title='bbox 578 884 644 919; x_wconf 85' lang='lat' dir='ltr'><strong>illa,</strong></span> <span class='ocrx_word' id='word_1_141' title='bbox 672 893 736 924; x_wconf 88' lang='lat' dir='ltr'><strong>qua</strong></span> <span class='ocrx_word' id='word_1_142' title='bbox 749 883 858 914; x_wconf 88' lang='lat' dir='ltr'><strong>civitas</strong></span> <span class='ocrx_word' id='word_1_143' title='bbox 873 883 943 924; x_wconf 84' lang='lat' dir='ltr'><strong>ipsa</strong></span> <span class='ocrx_word' id='word_1_144' title='bbox 957 894 990 914; x_wconf 87' lang='lat' dir='ltr'><strong>se</strong></span> <span class='ocrx_word' id='word_1_145' title='bbox 1007 883 1109 924; x_wconf 87' lang='lat' dir='ltr'><strong>ipsam</strong></span> <span class='ocrx_word' id='word_1_146' title='bbox 1123 892 1260 924; x_wconf 83' lang='lat' dir='ltr'><strong>superat,</strong></span> <span class='ocrx_word' id='word_1_147' title='bbox 1273 884 1426 925; x_wconf 87' lang='lat' dir='ltr'><strong>optimum</strong></span> <span class='ocrx_word' id='word_1_148' title='bbox 1438 883 1590 925; x_wconf 81' lang='lat' dir='ltr'>quiddam</span> <span class='ocrx_word' id='word_1_149' title='bbox 1603 891 1664 920; x_wconf 84' lang='lat' dir='ltr'><strong>est,</strong></span> 
     </span>
     <span class='ocr_line' id='line_1_14' title="bbox 201 937 1664 980; baseline -0.001 -11"><span class='ocrx_word' id='word_1_150' title='bbox 201 939 256 969; x_wconf 87' lang='lat' dir='ltr'><strong>sed</strong></span> <span class='ocrx_word' id='word_1_151' title='bbox 274 939 480 970; x_wconf 82' lang='lat' dir='ltr'><strong>necessarium</strong></span> <span class='ocrx_word' id='word_1_152' title='bbox 491 938 611 980; x_wconf 76' lang='lat' dir='ltr'><strong>potius·</strong></span> <span class='ocrx_word' id='word_1_153' title='bbox 634 943 742 979; x_wconf 80' lang='lat' dir='ltr'><strong>putare</strong></span> <span class='ocrx_word' id='word_1_154' title='bbox 759 942 863 968; x_wconf 86' lang='lat' dir='ltr'><strong>autem</strong></span> <span class='ocrx_word' id='word_1_155' title='bbox 879 938 1029 978; x_wconf 88' lang='lat' dir='ltr'><strong>optimum</strong></span> <span class='ocrx_word' id='word_1_156' title='bbox 1042 937 1178 967; x_wconf 80' lang='lat' dir='ltr'><strong>civitatis</strong></span> <span class='ocrx_word' id='word_1_157' title='bbox 1192 943 1305 968; x_wconf 84' lang='lat' dir='ltr'><strong>statum</strong></span> <span class='ocrx_word' id='word_1_158' title='bbox 1318 938 1350 968; x_wconf 87' lang='lat' dir='ltr'><strong>iu</strong></span> <span class='ocrx_word' id='word_1_159' title='bbox 1363 937 1535 979; x_wconf 82' lang='lat' dir='ltr'><strong>pugnando</strong></span> <span class='ocrx_word' id='word_1_160' title='bbox 1549 944 1582 968; x_wconf 92' lang='lat' dir='ltr'><strong>et</strong></span> <span class='ocrx_word' id='word_1_161' title='bbox 1595 938 1664 968; x_wconf 84' lang='lat' dir='ltr'><strong>vin-</strong></span> 
     </span>
     <span class='ocr_line' id='line_1_15' title="bbox 201 991 1663 1033; baseline -0.001 -10"><span class='ocrx_word' id='word_1_162' title='bbox 201 993 304 1023; x_wconf 89' lang='lat' dir='ltr'><strong>cendo</strong></span> <span class='ocrx_word' id='word_1_163' title='bbox 317 993 498 1028; x_wconf 80' lang='lat' dir='ltr'><strong>consistere,</strong></span> <span class='ocrx_word' id='word_1_164' title='bbox 511 992 613 1022; x_wconf 86' lang='lat' dir='ltr'><strong>simile</strong></span> <span class='ocrx_word' id='word_1_165' title='bbox 628 996 675 1022; x_wconf 81' lang='lat' dir='ltr'><strong>est</strong></span> <span class='ocrx_word' id='word_1_166' title='bbox 688 1001 724 1022; x_wconf 86' lang='lat' dir='ltr'><strong>ac</strong></span> <span class='ocrx_word' id='word_1_167' title='bbox 737 991 763 1021; x_wconf 88' lang='lat' dir='ltr'><strong>si</strong></span> <span class='ocrx_word' id='word_1_168' title='bbox 776 992 846 1032; x_wconf 83' lang='lat' dir='ltr'><strong>quis</strong></span> <span class='ocrx_word' id='word_1_169' title='bbox 857 992 975 1032; x_wconf 86' lang='lat' dir='ltr'><strong>optime</strong></span> <span class='ocrx_word' id='word_1_170' title='bbox 990 1002 1058 1022; x_wconf 90' lang='lat' dir='ltr'><strong>cum</strong></span> <span class='ocrx_word' id='word_1_171' title='bbox 1072 996 1240 1032; x_wconf 64' lang='lat' dir='ltr'><strong>aegrotante</strong></span> <span class='ocrx_word' id='word_1_172' title='bbox 1255 992 1304 1032; x_wconf 86' lang='lat' dir='ltr'><strong>agi</strong></span> <span class='ocrx_word' id='word_1_173' title='bbox 1317 997 1420 1033; x_wconf 83' lang='lat' dir='ltr'><strong>putet,</strong></span> <span class='ocrx_word' id='word_1_174' title='bbox 1432 991 1508 1022; x_wconf 88' lang='lat' dir='ltr'><strong>dum</strong></span> <span class='ocrx_word' id='word_1_175' title='bbox 1518 997 1640 1023; x_wconf 85' lang='lat' dir='ltr'><strong>curatur</strong></span> <span class='ocrx_word' id='word_1_176' title='bbox 1655 1004 1663 1022; x_wconf 73' lang='grc' dir='ltr'>ι</span> 
     </span>
     <span class='ocr_line' id='line_1_16' title="bbox 201 1045 1665 1088; baseline -0.001 -10"><span class='ocrx_word' id='word_1_177' title='bbox 201 1058 260 1078; x_wconf 87' lang='lat' dir='ltr'><strong>nec</strong></span> <span class='ocrx_word' id='word_1_178' title='bbox 282 1047 321 1078; x_wconf 86' lang='lat' dir='ltr'><strong>de</strong></span> <span class='ocrx_word' id='word_1_179' title='bbox 338 1047 394 1078; x_wconf 91' lang='lat' dir='ltr'><strong>illo</strong></span> <span class='ocrx_word' id='word_1_180' title='bbox 409 1047 536 1077; x_wconf 89' lang='lat' dir='ltr'><strong>omnino</strong></span> <span class='ocrx_word' id='word_1_181' title='bbox 548 1046 717 1088; x_wconf 90' lang='lat' dir='ltr'><strong>quicquam</strong></span> <span class='ocrx_word' id='word_1_182' title='bbox 730 1045 859 1086; x_wconf 84' lang='lat' dir='ltr'><strong>cogitet,</strong></span> <span class='ocrx_word' id='word_1_183' title='bbox 871 1046 927 1086; x_wconf 91' lang='lat' dir='ltr'><strong>qui</strong></span> <span class='ocrx_word' id='word_1_184' title='bbox 939 1055 1101 1087; x_wconf 86' lang='lat' dir='ltr'><strong>nunquam</strong></span> <span class='ocrx_word' id='word_1_185' title='bbox 1116 1045 1322 1087; x_wconf 72' lang='lat' dir='ltr'><strong>aegrotaverit.</strong></span> <span class='ocrx_word' id='word_1_186' title='bbox 1345 1051 1379 1076; x_wconf 88' lang='lat' dir='ltr'><strong>et</strong></span> <span class='ocrx_word' id='word_1_187' title='bbox 1393 1046 1420 1076; x_wconf 85' lang='lat' dir='ltr'><strong>si</strong></span> <span class='ocrx_word' id='word_1_188' title='bbox 1435 1045 1506 1087; x_wconf 86' lang='lat' dir='ltr'><strong>quis</strong></span> <span class='ocrx_word' id='word_1_189' title='bbox 1520 1045 1665 1077; x_wconf 83' lang='lat' dir='ltr'><strong>similiter</strong></span> 
     </span>
     <span class='ocr_line' id='line_1_17' title="bbox 202 1099 1662 1141; baseline -0.001 -9"><span class='ocrx_word' id='word_1_190' title='bbox 202 1101 243 1131; x_wconf 89' lang='lat' dir='ltr'><strong>de</strong></span> <span class='ocrx_word' id='word_1_191' title='bbox 265 1101 401 1132; x_wconf 86' lang='lat' dir='ltr'><strong>civitatis</strong></span> <span class='ocrx_word' id='word_1_192' title='bbox 426 1101 476 1131; x_wconf 83' lang='lat' dir='ltr'><strong>vel</strong></span> <span class='ocrx_word' id='word_1_193' title='bbox 503 1100 616 1141; x_wconf 86' lang='lat' dir='ltr'><strong>privati</strong></span> <span class='ocrx_word' id='word_1_194' title='bbox 626 1100 760 1130; x_wconf 83' lang='lat' dir='ltr'><strong>hominis</strong></span> <span class='ocrx_word' id='word_1_195' title='bbox 770 1099 923 1130; x_wconf 78' lang='lat' dir='ltr'><strong>felicitate</strong></span> <span class='ocrx_word' id='word_1_196' title='bbox 939 1100 1097 1130; x_wconf 83' lang='lat' dir='ltr'><strong>existimet</strong></span> <span class='ocrx_word' id='word_1_197' title='bbox 1113 1111 1119 1129; x_wconf 90' lang='lat'>:</span> <span class='ocrx_word' id='word_1_198' title='bbox 1144 1110 1206 1131; x_wconf 89' lang='lat' dir='ltr'><strong>nec</strong></span> <span class='ocrx_word' id='word_1_199' title='bbox 1219 1100 1321 1131; x_wconf 86' lang='lat' dir='ltr'><strong>civilis</strong></span> <span class='ocrx_word' id='word_1_200' title='bbox 1336 1110 1446 1131; x_wconf 83' lang='lat' dir='ltr'><strong>revera</strong></span> <span class='ocrx_word' id='word_1_201' title='bbox 1456 1110 1596 1141; x_wconf 81' lang='lat' dir='ltr'><strong>unquam</strong></span> <span class='ocrx_word' id='word_1_202' title='bbox 1613 1099 1662 1130; x_wconf 85' lang='lat' dir='ltr'><strong>vir</strong></span> 
     </span>
     <span class='ocr_line' id='line_1_18' title="bbox 200 1153 1664 1196; baseline -0.001 -10"><span class='ocrx_word' id='word_1_203' title='bbox 200 1156 270 1191; x_wconf 86' lang='lat' dir='ltr'><strong>erit,</strong></span> <span class='ocrx_word' id='word_1_204' title='bbox 298 1155 370 1186; x_wconf 86' lang='lat' dir='ltr'><strong>dum</strong></span> <span class='ocrx_word' id='word_1_205' title='bbox 398 1160 524 1186; x_wconf 80' lang='lat' dir='ltr'><strong>externa</strong></span> <span class='ocrx_word' id='word_1_206' title='bbox 536 1154 637 1186; x_wconf 90' lang='lat' dir='ltr'><strong>solum</strong></span> <span class='ocrx_word' id='word_1_207' title='bbox 649 1159 744 1196; x_wconf 85' lang='lat' dir='ltr'><strong>atque</strong></span> <span class='ocrx_word' id='word_1_208' title='bbox 760 1153 792 1184; x_wconf 91' lang='lat' dir='ltr'><strong>in</strong></span> <span class='ocrx_word' id='word_1_209' title='bbox 808 1153 917 1195; x_wconf 87' lang='lat' dir='ltr'><strong>primis</strong></span> <span class='ocrx_word' id='word_1_210' title='bbox 930 1154 1015 1184; x_wconf 87' lang='lat' dir='ltr'><strong>bella</strong></span> <span class='ocrx_word' id='word_1_211' title='bbox 1026 1154 1175 1195; x_wconf 82' lang='lat' dir='ltr'><strong>respiciet</strong></span> <span class='ocrx_word' id='word_1_212' title='bbox 1187 1164 1196 1193; x_wconf 88' lang='lat'>;</span> <span class='ocrx_word' id='word_1_213' title='bbox 1211 1164 1272 1185; x_wconf 88' lang='lat' dir='ltr'><strong>nec</strong></span> <span class='ocrx_word' id='word_1_214' title='bbox 1286 1154 1458 1195; x_wconf 84' lang='lat' dir='ltr'><strong>exquisitus</strong></span> <span class='ocrx_word' id='word_1_215' title='bbox 1470 1153 1572 1195; x_wconf 85' lang='lat' dir='ltr'><strong>legum</strong></span> <span class='ocrx_word' id='word_1_216' title='bbox 1588 1163 1664 1185; x_wconf 86' lang='lat' dir='ltr'><strong>con-</strong></span> 
     </span>
     <span class='ocr_line' id='line_1_19' title="bbox 201 1208 1664 1251; baseline -0.001 -11"><span class='ocrx_word' id='word_1_217' title='bbox 201 1209 294 1246; x_wconf 87' lang='lat' dir='ltr'><strong>ditor,</strong></span> <span class='ocrx_word' id='word_1_218' title='bbox 321 1209 382 1240; x_wconf 86' lang='lat' dir='ltr'><strong>nisi</strong></span> <span class='ocrx_word' id='word_1_219' title='bbox 408 1209 507 1251; x_wconf 82' lang='lat' dir='ltr'><strong>gratia</strong></span> <span class='ocrx_word' id='word_1_220' title='bbox 527 1209 615 1251; x_wconf 83' lang='lat' dir='ltr'><strong>pacis</strong></span> <span class='ocrx_word' id='word_1_221' title='bbox 641 1208 681 1239; x_wconf 86' lang='lat' dir='ltr'><strong>de</strong></span> <span class='ocrx_word' id='word_1_222' title='bbox 695 1208 777 1239; x_wconf 86' lang='lat' dir='ltr'><strong>bello</strong></span> <span class='ocrx_word' id='word_1_223' title='bbox 792 1209 896 1249; x_wconf 86' lang='lat' dir='ltr'><strong>potius</strong></span> <span class='ocrx_word' id='word_1_224' title='bbox 911 1218 1004 1250; x_wconf 88' lang='lat' dir='ltr'><strong>quam</strong></span> <span class='ocrx_word' id='word_1_225' title='bbox 1019 1208 1096 1239; x_wconf 89' lang='lat' dir='ltr'><strong>belli</strong></span> <span class='ocrx_word' id='word_1_226' title='bbox 1108 1208 1210 1249; x_wconf 83' lang='lat' dir='ltr'><strong>gratia</strong></span> <span class='ocrx_word' id='word_1_227' title='bbox 1224 1209 1265 1239; x_wconf 88' lang='lat' dir='ltr'><strong>de</strong></span> <span class='ocrx_word' id='word_1_228' title='bbox 1280 1218 1358 1250; x_wconf 86' lang='lat' dir='ltr'><strong>pace</strong></span> <span class='ocrx_word' id='word_1_229' title='bbox 1375 1209 1463 1249; x_wconf 87' lang='lat' dir='ltr'><strong>leges</strong></span> <span class='ocrx_word' id='word_1_230' title='bbox 1477 1208 1664 1239; x_wconf 71' lang='lat' dir='ltr'><strong>conscribat.</strong></span> 
     </span>
     <span class='ocr_line' id='line_1_20' title="bbox 200 1262 1663 1305; baseline -0.002 -10"><span class='ocrx_word' id='word_1_231' title='bbox 200 1263 277 1295; x_wconf 75' lang='lat' dir='ltr'><strong>Cu.</strong></span> <span class='ocrx_word' id='word_1_232' title='bbox 300 1263 403 1295; x_wconf 81' lang='lat' dir='ltr'><strong>Recte</strong></span> <span class='ocrx_word' id='word_1_233' title='bbox 427 1265 506 1299; x_wconf 84' lang='lat' dir='ltr'><strong>haec,</strong></span> <span class='ocrx_word' id='word_1_234' title='bbox 532 1264 656 1305; x_wconf 86' lang='lat' dir='ltr'><strong>hospes,</strong></span> <span class='ocrx_word' id='word_1_235' title='bbox 682 1263 766 1293; x_wconf 87' lang='lat' dir='ltr'><strong>dicta</strong></span> <span class='ocrx_word' id='word_1_236' title='bbox 789 1273 858 1293; x_wconf 89' lang='lat' dir='ltr'><strong>esse</strong></span> <span class='ocrx_word' id='word_1_237' title='bbox 885 1262 1041 1294; x_wconf 87' lang='lat' dir='ltr'><strong>videntur.</strong></span> <span class='ocrx_word' id='word_1_238' title='bbox 1070 1273 1129 1304; x_wconf 90' lang='lat' dir='ltr'><strong>ego</strong></span> <span class='ocrx_word' id='word_1_239' title='bbox 1154 1272 1227 1294; x_wconf 88' lang='lat' dir='ltr'><strong>vero</strong></span> <span class='ocrx_word' id='word_1_240' title='bbox 1239 1263 1376 1298; x_wconf 83' lang='lat' dir='ltr'><strong>mirarer,</strong></span> <span class='ocrx_word' id='word_1_241' title='bbox 1392 1263 1416 1293; x_wconf 93' lang='lat' dir='ltr'><strong>si</strong></span> <span class='ocrx_word' id='word_1_242' title='bbox 1430 1262 1497 1304; x_wconf 84' lang='lat' dir='ltr'><strong>quis</strong></span> <span class='ocrx_word' id='word_1_243' title='bbox 1507 1262 1663 1293; x_wconf 84' lang='lat' dir='ltr'><strong>fortetam</strong></span> 
     </span>
     <span class='ocr_line' id='line_1_21' title="bbox 197 1316 1663 1359; baseline -0.001 -11"><span class='ocrx_word' id='word_1_244' title='bbox 197 1322 320 1348; x_wconf 84' lang='lat' dir='ltr'><strong>nostras</strong></span> <span class='ocrx_word' id='word_1_245' title='bbox 330 1328 422 1359; x_wconf 85' lang='lat' dir='ltr'><strong>quam</strong></span> <span class='ocrx_word' id='word_1_246' title='bbox 435 1317 745 1348; x_wconf 86' lang='lat' dir='ltr'><strong>Lacedaemoniorum</strong></span> <span class='ocrx_word' id='word_1_247' title='bbox 759 1317 848 1358; x_wconf 86' lang='lat' dir='ltr'><strong>leges</strong></span> <span class='ocrx_word' id='word_1_248' title='bbox 861 1327 924 1348; x_wconf 90' lang='lat' dir='ltr'><strong>non</strong></span> <span class='ocrx_word' id='word_1_249' title='bbox 942 1317 1016 1348; x_wconf 88' lang='lat' dir='ltr'><strong>belli</strong></span> <span class='ocrx_word' id='word_1_250' title='bbox 1032 1317 1129 1357; x_wconf 87' lang='lat' dir='ltr'><strong>gratia</strong></span> <span class='ocrx_word' id='word_1_251' title='bbox 1141 1317 1252 1347; x_wconf 84' lang='lat' dir='ltr'><strong>sedulo</strong></span> <span class='ocrx_word' id='word_1_252' title='bbox 1265 1317 1381 1358; x_wconf 86' lang='lat' dir='ltr'><strong>positas</strong></span> <span class='ocrx_word' id='word_1_253' title='bbox 1396 1326 1466 1347; x_wconf 87' lang='lat' dir='ltr'><strong>esse</strong></span> <span class='ocrx_word' id='word_1_254' title='bbox 1480 1316 1663 1348; x_wconf 76' lang='lat' dir='ltr'><strong>contendat.</strong></span> 
     </span>
     <span class='ocr_line' id='line_1_22' title="bbox 202 1370 1662 1413; baseline -0.001 -11"><span class='ocrx_word' id='word_1_255' title='bbox 202 1370 300 1413; x_wconf 80' lang='lat'>[629]</span> <span class='ocrx_word' id='word_1_256' title='bbox 348 1370 487 1402; x_wconf 67' lang='lat' dir='ltr'><strong>Arnim.</strong></span> <span class='ocrx_word' id='word_1_257' title='bbox 510 1371 653 1402; x_wconf 84' lang='lat' dir='ltr'><strong>Fortasse</strong></span> <span class='ocrx_word' id='word_1_258' title='bbox 681 1372 724 1401; x_wconf 88' lang='lat' dir='ltr'><strong>ita</strong></span> <span class='ocrx_word' id='word_1_259' title='bbox 747 1371 799 1402; x_wconf 89' lang='lat' dir='ltr'><strong>sit.</strong></span> <span class='ocrx_word' id='word_1_260' title='bbox 822 1376 945 1412; x_wconf 83' lang='lat' dir='ltr'><strong>oportet</strong></span> <span class='ocrx_word' id='word_1_261' title='bbox 967 1376 1073 1401; x_wconf 89' lang='lat' dir='ltr'><strong>autem</strong></span> <span class='ocrx_word' id='word_1_262' title='bbox 1098 1381 1161 1401; x_wconf 90' lang='lat' dir='ltr'><strong>non</strong></span> <span class='ocrx_word' id='word_1_263' title='bbox 1184 1371 1389 1406; x_wconf 84' lang='lat' dir='ltr'><strong>contentiose,</strong></span> <span class='ocrx_word' id='word_1_264' title='bbox 1405 1371 1461 1401; x_wconf 87' lang='lat' dir='ltr'><strong>sed</strong></span> <span class='ocrx_word' id='word_1_265' title='bbox 1476 1370 1582 1411; x_wconf 83' lang='lat' dir='ltr'><strong>quiete</strong></span> <span class='ocrx_word' id='word_1_266' title='bbox 1598 1380 1662 1401; x_wconf 90' lang='lat' dir='ltr'><strong>rem</strong></span> 
     </span>
     <span class='ocr_line' id='line_1_23' title="bbox 198 1424 1660 1467; baseline -0.001 -12"><span class='ocrx_word' id='word_1_267' title='bbox 198 1425 368 1466; x_wconf 83' lang='lat' dir='ltr'><strong>inquirere,</strong></span> <span class='ocrx_word' id='word_1_268' title='bbox 389 1424 492 1455; x_wconf 89' lang='lat' dir='ltr'><strong>studio</strong></span> <span class='ocrx_word' id='word_1_269' title='bbox 507 1435 600 1466; x_wconf 89' lang='lat' dir='ltr'><strong>quam</strong></span> <span class='ocrx_word' id='word_1_270' title='bbox 617 1425 749 1456; x_wconf 80' lang='lat' dir='ltr'><strong>maxime</strong></span> <span class='ocrx_word' id='word_1_271' title='bbox 759 1432 821 1455; x_wconf 88' lang='lat' dir='ltr'><strong>tam</strong></span> <span class='ocrx_word' id='word_1_272' title='bbox 837 1435 856 1456; x_wconf 93' lang='lat' dir='ltr'><strong>a</strong></span> <span class='ocrx_word' id='word_1_273' title='bbox 869 1425 955 1455; x_wconf 78' lang='lat' dir='ltr'><strong>vobis</strong></span> <span class='ocrx_word' id='word_1_274' title='bbox 969 1435 1063 1466; x_wconf 86' lang='lat' dir='ltr'><strong>quam</strong></span> <span class='ocrx_word' id='word_1_275' title='bbox 1079 1425 1117 1455; x_wconf 81' lang='lat' dir='ltr'><strong>ab</strong></span> <span class='ocrx_word' id='word_1_276' title='bbox 1132 1425 1198 1455; x_wconf 84' lang='lat' dir='ltr'><strong>illis</strong></span> <span class='ocrx_word' id='word_1_277' title='bbox 1212 1424 1389 1467; x_wconf 87' lang='lat' dir='ltr'><strong>hujusmodi</strong></span> <span class='ocrx_word' id='word_1_278' title='bbox 1403 1424 1493 1456; x_wconf 83' lang='lat' dir='ltr'><strong>rebus</strong></span> <span class='ocrx_word' id='word_1_279' title='bbox 1507 1424 1660 1456; x_wconf 72' lang='lat' dir='ltr'><strong>adhibito.</strong></span> 
     </span>
     <span class='ocr_line' id='line_1_24' title="bbox 198 1478 1661 1521; baseline 0 -11"><span class='ocrx_word' id='word_1_280' title='bbox 198 1479 368 1510; x_wconf 80' lang='lat' dir='ltr'><strong>attendatis</strong></span> <span class='ocrx_word' id='word_1_281' title='bbox 382 1479 484 1520; x_wconf 89' lang='lat' dir='ltr'><strong>igitur,</strong></span> <span class='ocrx_word' id='word_1_282' title='bbox 499 1489 564 1510; x_wconf 86' lang='lat' dir='ltr'><strong>oro.</strong></span> <span class='ocrx_word' id='word_1_283' title='bbox 574 1479 763 1521; x_wconf 81' lang='lat' dir='ltr'><strong>incipiamus</strong></span> <span class='ocrx_word' id='word_1_284' title='bbox 776 1488 794 1509; x_wconf 80' lang='lat' dir='ltr'><strong>a.</strong></span> <span class='ocrx_word' id='word_1_285' title='bbox 809 1479 946 1521; x_wconf 80' lang='lat' dir='ltr'><strong>Tyrtaeo,</strong></span> <span class='ocrx_word' id='word_1_286' title='bbox 959 1485 1071 1510; x_wconf 89' lang='lat' dir='ltr'><strong>natura</strong></span> <span class='ocrx_word' id='word_1_287' title='bbox 1087 1479 1214 1520; x_wconf 89' lang='lat' dir='ltr'><strong>quidem</strong></span> <span class='ocrx_word' id='word_1_288' title='bbox 1228 1479 1438 1514; x_wconf 86' lang='lat' dir='ltr'><strong>Atheniense,</strong></span> <span class='ocrx_word' id='word_1_289' title='bbox 1459 1478 1661 1510; x_wconf 77' lang='lat' dir='ltr'><strong>Lacedaemo-</strong></span> 
     </span>
     <span class='ocr_line' id='line_1_25' title="bbox 198 1532 1660 1575; baseline 0 -11"><span class='ocrx_word' id='word_1_290' title='bbox 198 1534 320 1564; x_wconf 87' lang='lat' dir='ltr'><strong>niornm</strong></span> <span class='ocrx_word' id='word_1_291' title='bbox 345 1542 456 1575; x_wconf 82' lang='lat' dir='ltr'><strong>postea</strong></span> <span class='ocrx_word' id='word_1_292' title='bbox 484 1533 564 1568; x_wconf 76' lang='lat' dir='ltr'><strong>cive,</strong></span> <span class='ocrx_word' id='word_1_293' title='bbox 590 1534 645 1574; x_wconf 92' lang='lat' dir='ltr'><strong>qui</strong></span> <span class='ocrx_word' id='word_1_294' title='bbox 659 1544 722 1574; x_wconf 88' lang='lat' dir='ltr'><strong>prae</strong></span> <span class='ocrx_word' id='word_1_295' title='bbox 738 1535 854 1564; x_wconf 85' lang='lat' dir='ltr'><strong>ceteris</strong></span> <span class='ocrx_word' id='word_1_296' title='bbox 868 1533 1042 1564; x_wconf 84' lang='lat' dir='ltr'><strong>horninibus</strong></span> <span class='ocrx_word' id='word_1_297' title='bbox 1056 1533 1190 1563; x_wconf 83' lang='lat' dir='ltr'><strong>maxime</strong></span> <span class='ocrx_word' id='word_1_298' title='bbox 1205 1532 1386 1574; x_wconf 88' lang='lat' dir='ltr'><strong>hujusmodi</strong></span> <span class='ocrx_word' id='word_1_299' title='bbox 1399 1533 1491 1563; x_wconf 90' lang='lat' dir='ltr'><strong>rebus</strong></span> <span class='ocrx_word' id='word_1_300' title='bbox 1505 1533 1660 1565; x_wconf 80' lang='lat' dir='ltr'><strong>incubuit.</strong></span> 
     </span>
     <span class='ocr_line' id='line_1_26' title="bbox 198 1586 1661 1629; baseline -0.001 -11"><span class='ocrx_word' id='word_1_301' title='bbox 198 1587 340 1625; x_wconf 88' lang='lat' dir='ltr'><strong>Nullam,</strong></span> <span class='ocrx_word' id='word_1_302' title='bbox 366 1587 479 1629; x_wconf 86' lang='lat' dir='ltr'><strong>inquit,</strong></span> <span class='ocrx_word' id='word_1_303' title='bbox 493 1587 577 1618; x_wconf 90' lang='lat' dir='ltr'><strong>illius</strong></span> <span class='ocrx_word' id='word_1_304' title='bbox 591 1587 660 1629; x_wconf 89' lang='lat' dir='ltr'><strong>ipse</strong></span> <span class='ocrx_word' id='word_1_305' title='bbox 672 1588 753 1618; x_wconf 85' lang='lat' dir='ltr'><strong>facio</strong></span> <span class='ocrx_word' id='word_1_306' title='bbox 767 1588 976 1623; x_wconf 87' lang='lat' dir='ltr'><strong>mentionem,</strong></span> <span class='ocrx_word' id='word_1_307' title='bbox 989 1597 1048 1619; x_wconf 83' lang='lat' dir='ltr'><strong>nec</strong></span> <span class='ocrx_word' id='word_1_308' title='bbox 1065 1587 1192 1618; x_wconf 86' lang='lat' dir='ltr'><strong>omnino</strong></span> <span class='ocrx_word' id='word_1_309' title='bbox 1205 1587 1296 1618; x_wconf 84' lang='lat' dir='ltr'><strong>ullius</strong></span> <span class='ocrx_word' id='word_1_310' title='bbox 1309 1587 1400 1628; x_wconf 87' lang='lat' dir='ltr'><strong>pretii</strong></span> <span class='ocrx_word' id='word_1_311' title='bbox 1416 1586 1661 1618; x_wconf 78' lang='lat' dir='ltr'><strong>existimandum</strong></span> 
     </span>
     <span class='ocr_line' id='line_1_27' title="bbox 199 1640 1659 1683; baseline 0 -11"><span class='ocrx_word' id='word_1_312' title='bbox 199 1652 324 1678; x_wconf 85' lang='lat' dir='ltr'><strong>censeo,</strong></span> <span class='ocrx_word' id='word_1_313' title='bbox 349 1642 471 1672; x_wconf 86' lang='lat' dir='ltr'><strong>etiamsi</strong></span> <span class='ocrx_word' id='word_1_314' title='bbox 498 1641 670 1672; x_wconf 87' lang='lat' dir='ltr'><strong>ditissimus</strong></span> <span class='ocrx_word' id='word_1_315' title='bbox 683 1642 821 1672; x_wconf 81' lang='lat' dir='ltr'><strong>omnium</strong></span> <span class='ocrx_word' id='word_1_316' title='bbox 838 1641 890 1677; x_wconf 84' lang='lat' dir='ltr'><strong>sit,</strong></span> <span class='ocrx_word' id='word_1_317' title='bbox 904 1642 998 1672; x_wconf 86' lang='lat' dir='ltr'><strong>etiam</strong></span> <span class='ocrx_word' id='word_1_318' title='bbox 1015 1642 1041 1672; x_wconf 92' lang='lat' dir='ltr'><strong>si</strong></span> <span class='ocrx_word' id='word_1_319' title='bbox 1056 1641 1157 1672; x_wconf 88' lang='lat' dir='ltr'><strong>multa</strong></span> <span class='ocrx_word' id='word_1_320' title='bbox 1170 1641 1252 1672; x_wconf 89' lang='lat' dir='ltr'><strong>bona</strong></span> <span class='ocrx_word' id='word_1_321' title='bbox 1265 1640 1437 1682; x_wconf 72' lang='lat' dir='ltr'><strong>possideat.</strong></span> <span class='ocrx_word' id='word_1_322' title='bbox 1451 1641 1659 1683; x_wconf 81' lang='lat' dir='ltr'><strong>omnibusque</strong></span> 
     </span>
     <span class='ocr_line' id='line_1_28' title="bbox 196 1694 1660 1737; baseline 0 -11"><span class='ocrx_word' id='word_1_323' title='bbox 196 1696 262 1727; x_wconf 86' lang='lat' dir='ltr'><strong>fere</strong></span> <span class='ocrx_word' id='word_1_324' title='bbox 288 1696 458 1726; x_wconf 86' lang='lat' dir='ltr'><strong>numeratis</strong></span> <span class='ocrx_word' id='word_1_325' title='bbox 484 1695 596 1726; x_wconf 73' lang='lat' dir='ltr'><strong>infert:</strong></span> <span class='ocrx_word' id='word_1_326' title='bbox 621 1696 676 1737; x_wconf 90' lang='lat' dir='ltr'><strong>qui</strong></span> <span class='ocrx_word' id='word_1_327' title='bbox 700 1706 763 1726; x_wconf 92' lang='lat' dir='ltr'><strong>non</strong></span> <span class='ocrx_word' id='word_1_328' title='bbox 789 1705 913 1737; x_wconf 83' lang='lat' dir='ltr'><strong>semper</strong></span> <span class='ocrx_word' id='word_1_329' title='bbox 937 1697 1055 1737; x_wconf 84' lang='lat' dir='ltr'><strong>optime</strong></span> <span class='ocrx_word' id='word_1_330' title='bbox 1083 1706 1117 1726; x_wconf 89' lang='lat' dir='ltr'><strong>se</strong></span> <span class='ocrx_word' id='word_1_331' title='bbox 1145 1702 1232 1737; x_wconf 84' lang='lat' dir='ltr'><strong>gerat</strong></span> <span class='ocrx_word' id='word_1_332' title='bbox 1246 1695 1279 1726; x_wconf 88' lang='lat' dir='ltr'><strong>in</strong></span> <span class='ocrx_word' id='word_1_333' title='bbox 1295 1694 1390 1727; x_wconf 84' lang='lat' dir='ltr'><strong>bello.</strong></span> <span class='ocrx_word' id='word_1_334' title='bbox 1405 1695 1473 1726; x_wconf 82' lang='lat' dir='ltr'><strong>haec</strong></span> <span class='ocrx_word' id='word_1_335' title='bbox 1487 1701 1522 1726; x_wconf 88' lang='lat' dir='ltr'><strong>tu</strong></span> <span class='ocrx_word' id='word_1_336' title='bbox 1534 1705 1660 1737; x_wconf 83' lang='lat' dir='ltr'><strong>quoque</strong></span> 
     </span>
     <span class='ocr_line' id='line_1_29' title="bbox 195 1749 1658 1791; baseline -0.001 -10"><span class='ocrx_word' id='word_1_337' title='bbox 195 1750 298 1781; x_wconf 81' lang='lat' dir='ltr'><strong>forsan</strong></span> <span class='ocrx_word' id='word_1_338' title='bbox 325 1751 462 1787; x_wconf 75' lang='lat' dir='ltr'><strong>carmina</strong></span> <span class='ocrx_word' id='word_1_339' title='bbox 488 1749 645 1780; x_wconf 82' lang='lat' dir='ltr'><strong>audivisti.</strong></span> <span class='ocrx_word' id='word_1_340' title='bbox 669 1760 742 1780; x_wconf 88' lang='lat' dir='ltr'><strong>nam</strong></span> <span class='ocrx_word' id='word_1_341' title='bbox 771 1751 853 1781; x_wconf 90' lang='lat' dir='ltr'><strong>hunc</strong></span> <span class='ocrx_word' id='word_1_342' title='bbox 869 1750 1011 1781; x_wconf 88' lang='lat' dir='ltr'><strong>obtusum</strong></span> <span class='ocrx_word' id='word_1_343' title='bbox 1036 1750 1103 1791; x_wconf 87' lang='lat' dir='ltr'><strong>jam</strong></span> <span class='ocrx_word' id='word_1_344' title='bbox 1118 1759 1187 1780; x_wconf 88' lang='lat' dir='ltr'><strong>esse</strong></span> <span class='ocrx_word' id='word_1_345' title='bbox 1201 1749 1358 1780; x_wconf 86' lang='lat' dir='ltr'><strong>audiendo</strong></span> <span class='ocrx_word' id='word_1_346' title='bbox 1374 1749 1515 1781; x_wconf 87' lang='lat' dir='ltr'><strong>arbitror.</strong></span> <span class='ocrx_word' id='word_1_347' title='bbox 1559 1749 1658 1781; x_wconf 78' lang='grc' dir='ltr'><em>Μεσ.</em></span> 
     </span>
     <span class='ocr_line' id='line_1_30' title="bbox 198 1803 1657 1845; baseline -0.001 -10"><span class='ocrx_word' id='word_1_348' title='bbox 198 1804 425 1845; x_wconf 80' lang='lat' dir='ltr'><strong>vulgatissima</strong></span> <span class='ocrx_word' id='word_1_349' title='bbox 436 1805 503 1835; x_wconf 83' lang='lat' dir='ltr'><strong>haec</strong></span> <span class='ocrx_word' id='word_1_350' title='bbox 514 1804 600 1845; x_wconf 88' lang='lat' dir='ltr'><strong>apud</strong></span> <span class='ocrx_word' id='word_1_351' title='bbox 613 1815 668 1835; x_wconf 89' lang='lat' dir='ltr'><strong>nos</strong></span> <span class='ocrx_word' id='word_1_352' title='bbox 679 1810 763 1835; x_wconf 88' lang='lat' dir='ltr'><strong>sunt.</strong></span> <span class='ocrx_word' id='word_1_353' title='bbox 788 1805 865 1836; x_wconf 76' lang='lat' dir='ltr'><strong>Cm.</strong></span> <span class='ocrx_word' id='word_1_354' title='bbox 883 1804 932 1834; x_wconf 86' lang='lat' dir='ltr'><strong>Ad</strong></span> <span class='ocrx_word' id='word_1_355' title='bbox 942 1814 1000 1835; x_wconf 87' lang='lat' dir='ltr'><strong>nos</strong></span> <span class='ocrx_word' id='word_1_356' title='bbox 1011 1814 1135 1845; x_wconf 86' lang='lat' dir='ltr'><strong>quoque</strong></span> <span class='ocrx_word' id='word_1_357' title='bbox 1147 1804 1208 1834; x_wconf 84' lang='lat' dir='ltr'><strong>ista</strong></span> <span class='ocrx_word' id='word_1_358' title='bbox 1223 1803 1356 1834; x_wconf 81' lang='lat' dir='ltr'><strong>advecta</strong></span> <span class='ocrx_word' id='word_1_359' title='bbox 1371 1804 1411 1834; x_wconf 89' lang='lat' dir='ltr'><strong>de</strong></span> <span class='ocrx_word' id='word_1_360' title='bbox 1427 1803 1657 1834; x_wconf 64' lang='lat' dir='ltr'><strong>Lacedaemone</strong></span> 
     </span>
     <span class='ocr_line' id='line_1_31' title="bbox 198 1856 1658 1900; baseline -0.001 -11"><span class='ocrx_word' id='word_1_361' title='bbox 198 1863 419 1900; x_wconf 82' lang='lat' dir='ltr'><strong>pervenerunt.</strong></span> <span class='ocrx_word' id='word_1_362' title='bbox 434 1858 572 1889; x_wconf 69' lang='lat' dir='ltr'><strong>Arusn-</strong></span> <span class='ocrx_word' id='word_1_363' title='bbox 585 1858 802 1889; x_wconf 81' lang='lat' dir='ltr'><strong>Communiter</strong></span> <span class='ocrx_word' id='word_1_364' title='bbox 811 1859 905 1900; x_wconf 72' lang='lat' dir='ltr'><strong>igitur</strong></span> <span class='ocrx_word' id='word_1_365' title='bbox 915 1858 974 1889; x_wconf 87' lang='lat' dir='ltr'><strong>hoc</strong></span> <span class='ocrx_word' id='word_1_366' title='bbox 985 1857 1078 1889; x_wconf 85' lang='lat' dir='ltr'><strong>modo</strong></span> <span class='ocrx_word' id='word_1_367' title='bbox 1088 1859 1171 1889; x_wconf 88' lang='lat' dir='ltr'><strong>hunc</strong></span> <span class='ocrx_word' id='word_1_368' title='bbox 1177 1858 1307 1899; x_wconf 63' lang='lat' dir='ltr'><strong>poetam</strong></span> <span class='ocrx_word' id='word_1_369' title='bbox 1315 1858 1555 1900; x_wconf 79' lang='lat' dir='ltr'><strong>interrogemus,</strong></span> <span class='ocrx_word' id='word_1_370' title='bbox 1571 1857 1602 1889; x_wconf 89' lang='grc' dir='ltr'><strong>Ο</strong></span> <span class='ocrx_word' id='word_1_371' title='bbox 1610 1856 1658 1888; x_wconf 80' lang='lat' dir='ltr'><strong>di·-</strong></span> 
     </span>
     <span class='ocr_line' id='line_1_32' title="bbox 196 1912 1661 1955; baseline 0.001 -12"><span class='ocrx_word' id='word_1_372' title='bbox 196 1912 269 1943; x_wconf 85' lang='lat' dir='ltr'><strong>vine</strong></span> <span class='ocrx_word' id='word_1_373' title='bbox 282 1913 378 1954; x_wconf 80' lang='lat' dir='ltr'><strong>po&#39;eta</strong></span> <span class='ocrx_word' id='word_1_374' title='bbox 393 1913 525 1955; x_wconf 65' lang='lat' dir='ltr'><strong>Tyrum,</strong></span> <span class='ocrx_word' id='word_1_375' title='bbox 537 1913 663 1955; x_wconf 87' lang='lat' dir='ltr'><strong>sapiens</strong></span> <span class='ocrx_word' id='word_1_376' title='bbox 678 1918 762 1944; x_wconf 86' lang='lat' dir='ltr'><strong>certe</strong></span> <span class='ocrx_word' id='word_1_377' title='bbox 775 1923 810 1944; x_wconf 88' lang='lat' dir='ltr'><strong>ac</strong></span> <span class='ocrx_word' id='word_1_378' title='bbox 826 1913 925 1944; x_wconf 89' lang='lat' dir='ltr'><strong>bonus</strong></span> <span class='ocrx_word' id='word_1_379' title='bbox 933 1913 1026 1943; x_wconf 86' lang='lat' dir='ltr'><strong>nobis</strong></span> <span class='ocrx_word' id='word_1_380' title='bbox 1050 1922 1117 1944; x_wconf 86' lang='lat' dir='ltr'><strong>esse</strong></span> <span class='ocrx_word' id='word_1_381' title='bbox 1136 1912 1263 1948; x_wconf 82' lang='lat' dir='ltr'><strong>videris,</strong></span> <span class='ocrx_word' id='word_1_382' title='bbox 1275 1912 1350 1953; x_wconf 88' lang='lat' dir='ltr'><strong>quia</strong></span> <span class='ocrx_word' id='word_1_383' title='bbox 1364 1912 1592 1943; x_wconf 82' lang='lat' dir='ltr'><strong>excellentibus</strong></span> <span class='ocrx_word' id='word_1_384' title='bbox 1606 1922 1661 1944; x_wconf 85' lang='lat' dir='ltr'><strong>eos</strong></span> 
     </span>
     <span class='ocr_line' id='line_1_33' title="bbox 196 1965 1660 2009; baseline 0.001 -13"><span class='ocrx_word' id='word_1_385' title='bbox 196 1967 336 1997; x_wconf 82' lang='lat' dir='ltr'><strong>extulisti</strong></span> <span class='ocrx_word' id='word_1_386' title='bbox 348 1966 502 2002; x_wconf 80' lang='lat' dir='ltr'><strong>laudibus,</strong></span> <span class='ocrx_word' id='word_1_387' title='bbox 514 1968 568 2008; x_wconf 93' lang='lat' dir='ltr'><strong>qui</strong></span> <span class='ocrx_word' id='word_1_388' title='bbox 581 1967 614 1997; x_wconf 91' lang='lat' dir='ltr'><strong>in</strong></span> <span class='ocrx_word' id='word_1_389' title='bbox 627 1967 708 1998; x_wconf 89' lang='lat' dir='ltr'><strong>bello</strong></span> <span class='ocrx_word' id='word_1_390' title='bbox 720 1968 934 1998; x_wconf 80' lang='lat' dir='ltr'><strong>excelluerunt</strong></span> <span class='ocrx_word' id='word_1_391' title='bbox 947 1979 953 1997; x_wconf 93' lang='lat'>:</span> <span class='ocrx_word' id='word_1_392' title='bbox 969 1968 1009 1998; x_wconf 85' lang='lat' dir='ltr'><strong>de</strong></span> <span class='ocrx_word' id='word_1_393' title='bbox 1019 1977 1080 2009; x_wconf 91' lang='lat' dir='ltr'><strong>quo</strong></span> <span class='ocrx_word' id='word_1_394' title='bbox 1087 1967 1151 2008; x_wconf 85' lang='lat' dir='ltr'><strong>jam</strong></span> <span class='ocrx_word' id='word_1_395' title='bbox 1164 1977 1223 2008; x_wconf 83' lang='lat' dir='ltr'><strong>ego</strong></span> <span class='ocrx_word' id='word_1_396' title='bbox 1236 1973 1268 1998; x_wconf 91' lang='lat' dir='ltr'><strong>et</strong></span> <span class='ocrx_word' id='word_1_397' title='bbox 1280 1967 1329 1998; x_wconf 81' lang='lat' dir='ltr'><strong>hic</strong></span> <span class='ocrx_word' id='word_1_398' title='bbox 1342 1972 1374 1997; x_wconf 87' lang='lat' dir='ltr'><strong>et</strong></span> <span class='ocrx_word' id='word_1_399' title='bbox 1386 1965 1508 1998; x_wconf 87' lang='lat' dir='ltr'><strong>Clinias</strong></span> <span class='ocrx_word' id='word_1_400' title='bbox 1520 1965 1660 1998; x_wconf 81' lang='lat' dir='ltr'><strong>Gnosius</strong></span> 
     </span>
     <span class='ocr_line' id='line_1_34' title="bbox 194 2019 1657 2062; baseline 0.001 -12"><span class='ocrx_word' id='word_1_401' title='bbox 194 2020 286 2050; x_wconf 83' lang='lat' dir='ltr'><strong>valde</strong></span> <span class='ocrx_word' id='word_1_402' title='bbox 298 2019 352 2050; x_wconf 87' lang='lat' dir='ltr'><strong>tibi</strong></span> <span class='ocrx_word' id='word_1_403' title='bbox 365 2020 514 2050; x_wconf 79' lang='lat' dir='ltr'><strong>assentire</strong></span> <span class='ocrx_word' id='word_1_404' title='bbox 524 2020 675 2051; x_wconf 89' lang='lat' dir='ltr'><strong>videmur.</strong></span> <span class='ocrx_word' id='word_1_405' title='bbox 688 2026 787 2051; x_wconf 87' lang='lat' dir='ltr'><strong>utrum</strong></span> <span class='ocrx_word' id='word_1_406' title='bbox 796 2026 899 2052; x_wconf 86' lang='lat' dir='ltr'><strong>autem</strong></span> <span class='ocrx_word' id='word_1_407' title='bbox 912 2020 1028 2051; x_wconf 83' lang='lat' dir='ltr'><strong>eisdem</strong></span> <span class='ocrx_word' id='word_1_408' title='bbox 1042 2021 1082 2052; x_wconf 89' lang='lat' dir='ltr'><strong>de</strong></span> <span class='ocrx_word' id='word_1_409' title='bbox 1094 2020 1168 2051; x_wconf 83' lang='lat' dir='ltr'><strong>viris</strong></span> <span class='ocrx_word' id='word_1_410' title='bbox 1179 2020 1330 2057; x_wconf 87' lang='lat' dir='ltr'><strong>dicamus,</strong></span> <span class='ocrx_word' id='word_1_411' title='bbox 1345 2031 1384 2051; x_wconf 83' lang='lat' dir='ltr'><strong>an</strong></span> <span class='ocrx_word' id='word_1_412' title='bbox 1395 2031 1469 2057; x_wconf 89' lang='lat' dir='ltr'><strong>non,</strong></span> <span class='ocrx_word' id='word_1_413' title='bbox 1477 2021 1570 2062; x_wconf 81' lang='lat' dir='ltr'><strong>plane</strong></span> <span class='ocrx_word' id='word_1_414' title='bbox 1578 2019 1657 2051; x_wconf 82' lang='lat' dir='ltr'><strong>scire</strong></span> 
     </span>
     <span class='ocr_line' id='line_1_35' title="bbox 197 2073 1656 2116; baseline 0.001 -13"><span class='ocrx_word' id='word_1_415' title='bbox 197 2073 357 2104; x_wconf 81' lang='lat' dir='ltr'><strong>vellemus.</strong></span> <span class='ocrx_word' id='word_1_416' title='bbox 376 2084 472 2114; x_wconf 84' lang='lat' dir='ltr'><strong>quare</strong></span> <span class='ocrx_word' id='word_1_417' title='bbox 487 2074 575 2104; x_wconf 88' lang='lat' dir='ltr'><strong>nobis</strong></span> <span class='ocrx_word' id='word_1_418' title='bbox 591 2075 736 2115; x_wconf 74' lang='lat' dir='ltr'><strong>explana,</strong></span> <span class='ocrx_word' id='word_1_419' title='bbox 750 2085 827 2105; x_wconf 89' lang='lat' dir='ltr'><strong>num</strong></span> <span class='ocrx_word' id='word_1_420' title='bbox 842 2080 874 2105; x_wconf 89' lang='lat' dir='ltr'><strong>tu</strong></span> <span class='ocrx_word' id='word_1_421' title='bbox 889 2085 1025 2116; x_wconf 86' lang='lat' dir='ltr'><strong>quoque,</strong></span> <span class='ocrx_word' id='word_1_422' title='bbox 1043 2075 1134 2106; x_wconf 87' lang='lat' dir='ltr'><strong>sicuti</strong></span> <span class='ocrx_word' id='word_1_423' title='bbox 1150 2081 1182 2106; x_wconf 88' lang='lat' dir='ltr'><strong>et</strong></span> <span class='ocrx_word' id='word_1_424' title='bbox 1196 2085 1266 2114; x_wconf 88' lang='lat' dir='ltr'><strong>nos,</strong></span> <span class='ocrx_word' id='word_1_425' title='bbox 1281 2075 1344 2106; x_wconf 90' lang='lat' dir='ltr'><strong>duo</strong></span> <span class='ocrx_word' id='word_1_426' title='bbox 1359 2075 1434 2106; x_wconf 81' lang='lat' dir='ltr'><strong>belli</strong></span> <span class='ocrx_word' id='word_1_427' title='bbox 1449 2085 1562 2116; x_wconf 78' lang='lat' dir='ltr'><strong>genera</strong></span> <span class='ocrx_word' id='word_1_428' title='bbox 1576 2074 1656 2105; x_wconf 83' lang='lat' dir='ltr'><strong>arbi-</strong></span> 
     </span>
     <span class='ocr_line' id='line_1_36' title="bbox 195 2127 1657 2170; baseline 0.001 -13"><span class='ocrx_word' id='word_1_429' title='bbox 195 2127 294 2162; x_wconf 86' lang='lat' dir='ltr'><strong>treris,</strong></span> <span class='ocrx_word' id='word_1_430' title='bbox 305 2137 345 2158; x_wconf 89' lang='lat' dir='ltr'><strong>an</strong></span> <span class='ocrx_word' id='word_1_431' title='bbox 361 2127 461 2158; x_wconf 85' lang='lat' dir='ltr'><strong>aliter.</strong></span> <span class='ocrx_word' id='word_1_432' title='bbox 484 2127 537 2158; x_wconf 92' lang='lat' dir='ltr'><strong>Ad</strong></span> <span class='ocrx_word' id='word_1_433' title='bbox 554 2129 621 2159; x_wconf 78' lang='lat' dir='ltr'><strong>haec</strong></span> <span class='ocrx_word' id='word_1_434' title='bbox 637 2129 763 2160; x_wconf 84' lang='lat' dir='ltr'><strong>arbitror</strong></span> <span class='ocrx_word' id='word_1_435' title='bbox 778 2139 841 2159; x_wconf 91' lang='lat' dir='ltr'><strong>non</strong></span> <span class='ocrx_word' id='word_1_436' title='bbox 851 2129 1010 2170; x_wconf 54' lang='lat' dir='ltr'><strong>Tyrtaeum</strong></span> <span class='ocrx_word' id='word_1_437' title='bbox 1023 2130 1134 2164; x_wconf 83' lang='lat' dir='ltr'><strong>solum,</strong></span> <span class='ocrx_word' id='word_1_438' title='bbox 1151 2129 1207 2159; x_wconf 85' lang='lat' dir='ltr'><strong>sed</strong></span> <span class='ocrx_word' id='word_1_439' title='bbox 1222 2135 1255 2160; x_wconf 86' lang='lat' dir='ltr'><strong>et</strong></span> <span class='ocrx_word' id='word_1_440' title='bbox 1269 2130 1410 2170; x_wconf 80' lang='lat' dir='ltr'><strong>quemvis</strong></span> <span class='ocrx_word' id='word_1_441' title='bbox 1424 2129 1479 2159; x_wconf 89' lang='lat' dir='ltr'><strong>illo</strong></span> <span class='ocrx_word' id='word_1_442' title='bbox 1495 2129 1586 2169; x_wconf 85' lang='lat' dir='ltr'><strong>longe</strong></span> <span class='ocrx_word' id='word_1_443' title='bbox 1601 2127 1657 2158; x_wconf 88' lang='lat' dir='ltr'><strong>de-</strong></span> 
     </span>
     <span class='ocr_line' id='line_1_37' title="bbox 190 2181 1658 2224; baseline 0 -12"><span class='ocrx_word' id='word_1_444' title='bbox 190 2181 355 2222; x_wconf 87' lang='lat' dir='ltr'><strong>jectiorem</strong></span> <span class='ocrx_word' id='word_1_445' title='bbox 373 2181 435 2212; x_wconf 91' lang='lat' dir='ltr'><strong>duo</strong></span> <span class='ocrx_word' id='word_1_446' title='bbox 444 2182 586 2222; x_wconf 85' lang='lat' dir='ltr'><strong>protinus</strong></span> <span class='ocrx_word' id='word_1_447' title='bbox 599 2192 816 2224; x_wconf 87' lang='lat' dir='ltr'><strong>responsurum</strong></span> <span class='ocrx_word' id='word_1_448' title='bbox 829 2195 835 2215; x_wconf 75' lang='grc' dir='ltr'><em>ι</em></span> <span class='ocrx_word' id='word_1_449' title='bbox 847 2184 988 2218; x_wconf 85' lang='lat' dir='ltr'><strong>alterum,</strong></span> <span class='ocrx_word' id='word_1_450' title='bbox 1001 2183 1085 2224; x_wconf 90' lang='lat' dir='ltr'><strong>quod</strong></span> <span class='ocrx_word' id='word_1_451' title='bbox 1098 2183 1284 2213; x_wconf 82' lang='lat' dir='ltr'><strong>seditionem</strong></span> <span class='ocrx_word' id='word_1_452' title='bbox 1296 2182 1490 2224; x_wconf 79' lang='lat' dir='ltr'><strong>appellamus</strong></span> <span class='ocrx_word' id='word_1_453' title='bbox 1502 2181 1658 2212; x_wconf 86' lang='lat' dir='ltr'><strong>omnium·</strong></span> 
     </span>
     <span class='ocr_line' id='line_1_38' title="bbox 196 2235 1661 2278; baseline 0 -12"><span class='ocrx_word' id='word_1_454' title='bbox 196 2246 257 2276; x_wconf 91' lang='lat' dir='ltr'><strong>que</strong></span> <span class='ocrx_word' id='word_1_455' title='bbox 271 2235 480 2276; x_wconf 79' lang='lat' dir='ltr'><strong>gravissimum</strong></span> <span class='ocrx_word' id='word_1_456' title='bbox 495 2246 561 2266; x_wconf 80' lang='lat' dir='ltr'><strong>esse</strong></span> <span class='ocrx_word' id='word_1_457' title='bbox 576 2236 670 2266; x_wconf 80' lang='lat' dir='ltr'><strong>modo</strong></span> <span class='ocrx_word' id='word_1_458' title='bbox 683 2237 903 2273; x_wconf 85' lang='lat' dir='ltr'><strong>concessimus,</strong></span> <span class='ocrx_word' id='word_1_459' title='bbox 917 2237 1045 2268; x_wconf 85' lang='lat' dir='ltr'><strong>alterum</strong></span> <span class='ocrx_word' id='word_1_460' title='bbox 1060 2247 1132 2267; x_wconf 89' lang='lat' dir='ltr'><strong>vero</strong></span> <span class='ocrx_word' id='word_1_461' title='bbox 1142 2237 1217 2268; x_wconf 86' lang='lat' dir='ltr'><strong>belli</strong></span> <span class='ocrx_word' id='word_1_462' title='bbox 1229 2247 1338 2277; x_wconf 77' lang='lat' dir='ltr'><strong>genus,</strong></span> <span class='ocrx_word' id='word_1_463' title='bbox 1350 2239 1434 2278; x_wconf 84' lang='lat' dir='ltr'><strong>quod</strong></span> <span class='ocrx_word' id='word_1_464' title='bbox 1445 2245 1553 2266; x_wconf 85' lang='lat' dir='ltr'><strong>omnes</strong></span> <span class='ocrx_word' id='word_1_465' title='bbox 1564 2235 1661 2278; x_wconf 87' lang='lat' dir='ltr'><strong>poni-</strong></span> 
     </span>
     <span class='ocr_line' id='line_1_39' title="bbox 196 2288 1657 2332; baseline 0.001 -13"><span class='ocrx_word' id='word_1_466' title='bbox 196 2299 265 2320; x_wconf 88' lang='lat' dir='ltr'><strong>mus</strong></span> <span class='ocrx_word' id='word_1_467' title='bbox 283 2289 379 2320; x_wconf 76' lang='lat' dir='ltr'><strong>iuulto</strong></span> <span class='ocrx_word' id='word_1_468' title='bbox 394 2289 499 2320; x_wconf 84' lang='lat' dir='ltr'><strong>mitius</strong></span> <span class='ocrx_word' id='word_1_469' title='bbox 514 2290 577 2326; x_wconf 87' lang='lat' dir='ltr'><strong>illo,</strong></span> <span class='ocrx_word' id='word_1_470' title='bbox 594 2301 656 2332; x_wconf 85' lang='lat' dir='ltr'><strong>quo</strong></span> <span class='ocrx_word' id='word_1_471' title='bbox 682 2292 830 2322; x_wconf 78' lang='lat' dir='ltr'><strong>adversus</strong></span> <span class='ocrx_word' id='word_1_472' title='bbox 845 2297 992 2322; x_wconf 79' lang='lat' dir='ltr'><strong>externos</strong></span> <span class='ocrx_word' id='word_1_473' title='bbox 1006 2297 1038 2322; x_wconf 84' lang='lat' dir='ltr'><strong>et</strong></span> <span class='ocrx_word' id='word_1_474' title='bbox 1064 2291 1257 2332; x_wconf 82' lang='lat' dir='ltr'><strong>alienigenas</strong></span> <span class='ocrx_word' id='word_1_475' title='bbox 1274 2291 1398 2322; x_wconf 86' lang='lat' dir='ltr'><strong>utimur.</strong></span> <span class='ocrx_word' id='word_1_476' title='bbox 1422 2288 1500 2321; x_wconf 77' lang='lat' dir='ltr'><strong>Cu.</strong></span> <span class='ocrx_word' id='word_1_477' title='bbox 1522 2289 1582 2322; x_wconf 80' lang='lat' dir='ltr'><strong>Cui</strong></span> <span class='ocrx_word' id='word_1_478' title='bbox 1598 2289 1657 2321; x_wconf 87' lang='lat' dir='ltr'><strong>du·</strong></span> 
     </span>
     <span class='ocr_line' id='line_1_40' title="bbox 199 2342 1656 2387; baseline 0.001 -14"><span class='ocrx_word' id='word_1_479' title='bbox 199 2343 280 2374; x_wconf 87' lang='lat' dir='ltr'><strong>bium</strong></span> <span class='ocrx_word' id='word_1_480' title='bbox 295 2343 307 2373; x_wconf 90' lang='lat'>?</span> <span class='ocrx_word' id='word_1_481' title='bbox 331 2343 467 2373; x_wconf 61' lang='lat' dir='ltr'><strong>Arnen.</strong></span> <span class='ocrx_word' id='word_1_482' title='bbox 491 2342 553 2375; x_wconf 89' lang='lat' dir='ltr'><strong>Dic</strong></span> <span class='ocrx_word' id='word_1_483' title='bbox 569 2344 661 2383; x_wconf 69' lang='lat' dir='ltr'><strong>igitur</strong></span> <span class='ocrx_word' id='word_1_484' title='bbox 676 2344 780 2380; x_wconf 85' lang='lat' dir='ltr'><strong>nobis,</strong></span> <span class='ocrx_word' id='word_1_485' title='bbox 804 2355 882 2385; x_wconf 84' lang='lat' dir='ltr'><strong>quos</strong></span> <span class='ocrx_word' id='word_1_486' title='bbox 896 2345 979 2375; x_wconf 81' lang='lat' dir='ltr'><strong>viros</strong></span> <span class='ocrx_word' id='word_1_487' title='bbox 1001 2345 1033 2374; x_wconf 91' lang='lat' dir='ltr'><strong>in</strong></span> <span class='ocrx_word' id='word_1_488' title='bbox 1049 2355 1110 2385; x_wconf 85' lang='lat' dir='ltr'><strong>quo</strong></span> <span class='ocrx_word' id='word_1_489' title='bbox 1133 2345 1207 2375; x_wconf 85' lang='lat' dir='ltr'><strong>belli</strong></span> <span class='ocrx_word' id='word_1_490' title='bbox 1221 2355 1335 2387; x_wconf 79' lang='lat' dir='ltr'><strong>genere</strong></span> <span class='ocrx_word' id='word_1_491' title='bbox 1347 2345 1390 2375; x_wconf 80' lang='lat' dir='ltr'><strong>ita</strong></span> <span class='ocrx_word' id='word_1_492' title='bbox 1402 2345 1494 2375; x_wconf 81' lang='lat' dir='ltr'><strong>valde</strong></span> <span class='ocrx_word' id='word_1_493' title='bbox 1510 2344 1656 2380; x_wconf 72' lang='lat' dir='ltr'><strong>laudasti.</strong></span> 
     </span>
     <span class='ocr_line' id='line_1_41' title="bbox 197 2396 1658 2440; baseline 0.001 -13"><span class='ocrx_word' id='word_1_494' title='bbox 197 2403 229 2427; x_wconf 83' lang='lat' dir='ltr'><strong>et</strong></span> <span class='ocrx_word' id='word_1_495' title='bbox 245 2407 323 2438; x_wconf 85' lang='lat' dir='ltr'><strong>quos</strong></span> <span class='ocrx_word' id='word_1_496' title='bbox 339 2407 437 2438; x_wconf 86' lang='lat' dir='ltr'><strong>usque</strong></span> <span class='ocrx_word' id='word_1_497' title='bbox 452 2396 531 2428; x_wconf 78' lang='lat' dir='ltr'><strong>adeo</strong></span> <span class='ocrx_word' id='word_1_498' title='bbox 548 2397 729 2439; x_wconf 80' lang='lat' dir='ltr'><strong>vituperasti</strong></span> <span class='ocrx_word' id='word_1_499' title='bbox 744 2399 753 2429; x_wconf 88' lang='lat'>?</span> <span class='ocrx_word' id='word_1_500' title='bbox 771 2398 883 2429; x_wconf 70' lang='lat' dir='ltr'><strong>videris</strong></span> <span class='ocrx_word' id='word_1_501' title='bbox 908 2399 992 2428; x_wconf 84' lang='lat' dir='ltr'><strong>enim</strong></span> <span class='ocrx_word' id='word_1_502' title='bbox 1010 2409 1062 2429; x_wconf 77' lang='lat' dir='ltr'><strong>cos</strong></span> <span class='ocrx_word' id='word_1_503' title='bbox 1079 2398 1233 2435; x_wconf 79' lang='lat' dir='ltr'><strong>laudasse,</strong></span> <span class='ocrx_word' id='word_1_504' title='bbox 1248 2399 1301 2440; x_wconf 80' lang='lat' dir='ltr'><strong>qui</strong></span> <span class='ocrx_word' id='word_1_505' title='bbox 1317 2405 1444 2429; x_wconf 81' lang='lat' dir='ltr'><strong>externa</strong></span> <span class='ocrx_word' id='word_1_506' title='bbox 1461 2408 1575 2440; x_wconf 83' lang='lat' dir='ltr'><strong>magno</strong></span> <span class='ocrx_word' id='word_1_507' title='bbox 1590 2398 1658 2429; x_wconf 76' lang='lat' dir='ltr'><strong>sni·</strong></span> 
     </span>
     <span class='ocr_line' id='line_1_42' title="bbox 197 2451 1656 2494; baseline 0.001 -12"><span class='ocrx_word' id='word_1_508' title='bbox 197 2462 248 2482; x_wconf 91' lang='lat' dir='ltr'><strong>mo</strong></span> <span class='ocrx_word' id='word_1_509' title='bbox 264 2451 346 2481; x_wconf 83' lang='lat' dir='ltr'><strong>bella</strong></span> <span class='ocrx_word' id='word_1_510' title='bbox 362 2457 482 2492; x_wconf 72' lang='lat' dir='ltr'><strong>gerunt.</strong></span> <span class='ocrx_word' id='word_1_511' title='bbox 505 2451 550 2482; x_wconf 88' lang='lat' dir='ltr'><strong>sic</strong></span> <span class='ocrx_word' id='word_1_512' title='bbox 566 2452 651 2482; x_wconf 87' lang='lat' dir='ltr'><strong>enim</strong></span> <span class='ocrx_word' id='word_1_513' title='bbox 667 2452 698 2482; x_wconf 91' lang='lat' dir='ltr'><strong>in</strong></span> <span class='ocrx_word' id='word_1_514' title='bbox 719 2453 906 2483; x_wconf 87' lang='lat' dir='ltr'><strong>carminibus</strong></span> <span class='ocrx_word' id='word_1_515' title='bbox 933 2452 1048 2487; x_wconf 77' lang='lat' dir='ltr'><strong>dixisti,</strong></span> <span class='ocrx_word' id='word_1_516' title='bbox 1066 2452 1130 2483; x_wconf 87' lang='lat' dir='ltr'><strong>Eos</strong></span> <span class='ocrx_word' id='word_1_517' title='bbox 1152 2453 1281 2494; x_wconf 70' lang='lat' dir='ltr'><strong>quidem</strong></span> <span class='ocrx_word' id='word_1_518' title='bbox 1297 2463 1421 2494; x_wconf 85' lang='lat' dir='ltr'><strong>prorsus</strong></span> <span class='ocrx_word' id='word_1_519' title='bbox 1433 2452 1584 2494; x_wconf 85' lang='lat' dir='ltr'><strong>despicio,</strong></span> <span class='ocrx_word' id='word_1_520' title='bbox 1600 2452 1656 2493; x_wconf 86' lang='lat' dir='ltr'><strong>qui</strong></span> 
     </span>
     <span class='ocr_line' id='line_1_43' title="bbox 197 2505 1656 2548; baseline 0 -12"><span class='ocrx_word' id='word_1_521' title='bbox 197 2505 452 2546; x_wconf 79' lang='lat' dir='ltr'><strong>sanguinolentas</strong></span> <span class='ocrx_word' id='word_1_522' title='bbox 478 2505 581 2536; x_wconf 71' lang='lat' dir='ltr'><strong>caedes</strong></span> <span class='ocrx_word' id='word_1_523' title='bbox 606 2511 746 2546; x_wconf 86' lang='lat' dir='ltr'><strong>spectare</strong></span> <span class='ocrx_word' id='word_1_524' title='bbox 774 2507 976 2548; x_wconf 73' lang='lat' dir='ltr'><strong>cominusque</strong></span> <span class='ocrx_word' id='word_1_525' title='bbox 991 2518 1059 2537; x_wconf 71' lang='lat' dir='ltr'><strong>cun:</strong></span> <span class='ocrx_word' id='word_1_526' title='bbox 1076 2508 1163 2537; x_wconf 83' lang='lat' dir='ltr'><strong>hoste</strong></span> <span class='ocrx_word' id='word_1_527' title='bbox 1180 2518 1318 2548; x_wconf 81' lang='lat' dir='ltr'><strong>pugnare</strong></span> <span class='ocrx_word' id='word_1_528' title='bbox 1333 2518 1396 2537; x_wconf 85' lang='lat' dir='ltr'><strong>non</strong></span> <span class='ocrx_word' id='word_1_529' title='bbox 1411 2505 1560 2537; x_wconf 78' lang='lat' dir='ltr'><strong>audeant.</strong></span> <span class='ocrx_word' id='word_1_530' title='bbox 1582 2506 1656 2537; x_wconf 81' lang='lat' dir='ltr'><strong>bine</strong></span> 
     </span>
     <span class='ocr_line' id='line_1_44' title="bbox 197 2558 1656 2602; baseline 0.001 -14"><span class='ocrx_word' id='word_1_531' title='bbox 197 2569 265 2594; x_wconf 72' lang='lat' dir='ltr'><strong>nOS,</strong></span> <span class='ocrx_word' id='word_1_532' title='bbox 281 2569 300 2588; x_wconf 93' lang='lat' dir='ltr'><strong>o</strong></span> <span class='ocrx_word' id='word_1_533' title='bbox 321 2558 460 2599; x_wconf 64' lang='lat' dir='ltr'><strong>Tyrtaee,</strong></span> <span class='ocrx_word' id='word_1_534' title='bbox 476 2569 529 2590; x_wconf 87' lang='lat' dir='ltr'><strong>eos</strong></span> <span class='ocrx_word' id='word_1_535' title='bbox 545 2564 576 2590; x_wconf 80' lang='lat' dir='ltr'><strong>te</strong></span> <span class='ocrx_word' id='word_1_536' title='bbox 592 2560 718 2591; x_wconf 82' lang='lat' dir='ltr'><strong>laudare</strong></span> <span class='ocrx_word' id='word_1_537' title='bbox 736 2561 923 2601; x_wconf 73' lang='lat' dir='ltr'><strong>colligimus,</strong></span> <span class='ocrx_word' id='word_1_538' title='bbox 951 2561 1004 2601; x_wconf 81' lang='lat' dir='ltr'><strong>qui</strong></span> <span class='ocrx_word' id='word_1_539' title='bbox 1031 2562 1062 2591; x_wconf 90' lang='lat' dir='ltr'><strong>in</strong></span> <span class='ocrx_word' id='word_1_540' title='bbox 1081 2561 1217 2592; x_wconf 80' lang='lat' dir='ltr'><strong>externis</strong></span> <span class='ocrx_word' id='word_1_541' title='bbox 1230 2561 1321 2592; x_wconf 83' lang='lat' dir='ltr'><strong>bellis</strong></span> <span class='ocrx_word' id='word_1_542' title='bbox 1335 2559 1479 2602; x_wconf 78' lang='lat' dir='ltr'><strong>gerendis</strong></span> <span class='ocrx_word' id='word_1_543' title='bbox 1493 2570 1558 2601; x_wconf 63' lang='grc' dir='ltr'><strong>με</strong></span> <span class='ocrx_word' id='word_1_544' title='bbox 1569 2565 1656 2591; x_wconf 83' lang='lat' dir='ltr'><strong>eete-</strong></span> 
     </span>
     <span class='ocr_line' id='line_1_45' title="bbox 194 2612 1659 2656; baseline 0.001 -14"><span class='ocrx_word' id='word_1_545' title='bbox 194 2613 237 2642; x_wconf 86' lang='lat' dir='ltr'><strong>ris</strong></span> <span class='ocrx_word' id='word_1_546' title='bbox 250 2612 398 2643; x_wconf 81' lang='lat' dir='ltr'><strong>clareant.</strong></span> <span class='ocrx_word' id='word_1_547' title='bbox 421 2612 575 2644; x_wconf 77' lang='lat' dir='ltr'><strong>concedet</strong></span> <span class='ocrx_word' id='word_1_548' title='bbox 588 2614 647 2644; x_wconf 78' lang='lat' dir='ltr'><strong>ista</strong></span> <span class='ocrx_word' id='word_1_549' title='bbox 669 2614 835 2656; x_wconf 83' lang='lat' dir='ltr'><strong>Tyrtaeus?</strong></span> <span class='ocrx_word' id='word_1_550' title='bbox 858 2614 934 2646; x_wconf 71' lang='grc' dir='ltr'><strong>ΟΜ.</strong></span> <span class='ocrx_word' id='word_1_551' title='bbox 959 2614 1099 2652; x_wconf 85' lang='lat' dir='ltr'><strong>Quidni?</strong></span> <span class='ocrx_word' id='word_1_552' title='bbox 1125 2615 1263 2646; x_wconf 68' lang='lat' dir='ltr'><strong>Aruns.</strong></span> <span class='ocrx_word' id='word_1_553' title='bbox 1300 2615 1368 2646; x_wconf 90' lang='lat' dir='ltr'><strong>Nos</strong></span> <span class='ocrx_word' id='word_1_554' title='bbox 1389 2620 1506 2650; x_wconf 79' lang='lat' dir='ltr'><strong>autem,</strong></span> <span class='ocrx_word' id='word_1_555' title='bbox 1521 2624 1595 2645; x_wconf 87' lang='lat' dir='ltr'><strong>cum</strong></span> <span class='ocrx_word' id='word_1_556' title='bbox 1605 2614 1659 2644; x_wconf 76' lang='lat' dir='ltr'><strong>isti</strong></span> 
     </span>
     <span class='ocr_line' id='line_1_46' title="bbox 196 2665 1656 2710; baseline 0 -13"><span class='ocrx_word' id='word_1_557' title='bbox 196 2666 272 2697; x_wconf 84' lang='lat' dir='ltr'><strong>clari</strong></span> <span class='ocrx_word' id='word_1_558' title='bbox 288 2666 361 2702; x_wconf 87' lang='lat' dir='ltr'><strong>sint,</strong></span> <span class='ocrx_word' id='word_1_559' title='bbox 379 2665 474 2707; x_wconf 83' lang='lat'><strong>[630]</strong></span> <span class='ocrx_word' id='word_1_560' title='bbox 500 2667 592 2708; x_wconf 82' lang='lat' dir='ltr'><strong>longe</strong></span> <span class='ocrx_word' id='word_1_561' title='bbox 618 2668 760 2699; x_wconf 79' lang='lat' dir='ltr'><strong>clariores</strong></span> <span class='ocrx_word' id='word_1_562' title='bbox 776 2679 832 2699; x_wconf 85' lang='lat' dir='ltr'><strong>eos</strong></span> <span class='ocrx_word' id='word_1_563' title='bbox 854 2669 1080 2704; x_wconf 79' lang='lat' dir='ltr'><strong>existimamus,</strong></span> <span class='ocrx_word' id='word_1_564' title='bbox 1097 2669 1149 2710; x_wconf 88' lang='lat' dir='ltr'><strong>qui</strong></span> <span class='ocrx_word' id='word_1_565' title='bbox 1177 2669 1312 2699; x_wconf 74' lang='lat' dir='ltr'><strong>maximo</strong></span> <span class='ocrx_word' id='word_1_566' title='bbox 1339 2669 1372 2699; x_wconf 84' lang='lat' dir='ltr'><strong>in</strong></span> <span class='ocrx_word' id='word_1_567' title='bbox 1388 2668 1470 2698; x_wconf 87' lang='lat' dir='ltr'><strong>bello</strong></span> <span class='ocrx_word' id='word_1_568' title='bbox 1496 2673 1656 2708; x_wconf 67' lang='lat' dir='ltr'><strong>praestant.</strong></span> 
     </span>
     <span class='ocr_line' id='line_1_47' title="bbox 194 2721 1657 2765; baseline 0.001 -15"><span class='ocrx_word' id='word_1_569' title='bbox 194 2726 369 2760; x_wconf 75' lang='lat' dir='ltr'><strong>testemque</strong></span> <span class='ocrx_word' id='word_1_570' title='bbox 385 2725 417 2749; x_wconf 73' lang='lat' dir='ltr'><strong>et</strong></span> <span class='ocrx_word' id='word_1_571' title='bbox 431 2730 490 2750; x_wconf 86' lang='lat' dir='ltr'><strong>nos</strong></span> <span class='ocrx_word' id='word_1_572' title='bbox 516 2722 643 2762; x_wconf 62' lang='lat' dir='ltr'><strong>poctmn</strong></span> <span class='ocrx_word' id='word_1_573' title='bbox 668 2722 817 2754; x_wconf 77' lang='lat' dir='ltr'><strong>habemus</strong></span> <span class='ocrx_word' id='word_1_574' title='bbox 838 2723 1012 2765; x_wconf 81' lang='lat' dir='ltr'><strong>Tlieognim</strong></span> <span class='ocrx_word' id='word_1_575' title='bbox 1036 2724 1256 2765; x_wconf 81' lang='lat' dir='ltr'><strong>Megarensem</strong></span> <span class='ocrx_word' id='word_1_576' title='bbox 1279 2722 1381 2754; x_wconf 75' lang='lat' dir='ltr'><strong>civem</strong></span> <span class='ocrx_word' id='word_1_577' title='bbox 1395 2732 1435 2752; x_wconf 83' lang='lat' dir='ltr'><strong>ex</strong></span> <span class='ocrx_word' id='word_1_578' title='bbox 1456 2721 1573 2757; x_wconf 76' lang='lat' dir='ltr'><strong>Sicilia,</strong></span> <span class='ocrx_word' id='word_1_579' title='bbox 1601 2721 1657 2762; x_wconf 89' lang='lat' dir='ltr'><strong>qui</strong></span> 
     </span>
     <span class='ocr_line' id='line_1_48' title="bbox 196 2774 1656 2818; baseline 0 -13"><span class='ocrx_word' id='word_1_580' title='bbox 196 2774 241 2805; x_wconf 83' lang='lat' dir='ltr'><strong>ait</strong></span> <span class='ocrx_word' id='word_1_581' title='bbox 247 2774 374 2817; x_wconf 81' lang='lat' dir='ltr'><strong>fidelem</strong></span> <span class='ocrx_word' id='word_1_582' title='bbox 387 2774 489 2805; x_wconf 71' lang='lat' dir='ltr'><strong>virum</strong></span> <span class='ocrx_word' id='word_1_583' title='bbox 505 2776 587 2806; x_wconf 82' lang='lat' dir='ltr'><strong>omni</strong></span> <span class='ocrx_word' id='word_1_584' title='bbox 603 2781 734 2815; x_wconf 80' lang='lat' dir='ltr'><strong>argento</strong></span> <span class='ocrx_word' id='word_1_585' title='bbox 749 2781 843 2818; x_wconf 78' lang='lat' dir='ltr'><strong>atque</strong></span> <span class='ocrx_word' id='word_1_586' title='bbox 863 2788 938 2808; x_wconf 77' lang='lat' dir='ltr'><strong>auro</strong></span> <span class='ocrx_word' id='word_1_587' title='bbox 955 2778 986 2809; x_wconf 81' lang='grc' dir='ltr'><strong>ιἰι</strong></span> <span class='ocrx_word' id='word_1_588' title='bbox 1003 2779 1154 2810; x_wconf 69' lang='lat' dir='ltr'><strong>seditione</strong></span> <span class='ocrx_word' id='word_1_589' title='bbox 1173 2777 1341 2809; x_wconf 78' lang='lat' dir='ltr'><strong>meliorem.</strong></span> <span class='ocrx_word' id='word_1_590' title='bbox 1358 2777 1440 2807; x_wconf 83' lang='lat' dir='ltr'><strong>hunc</strong></span> <span class='ocrx_word' id='word_1_591' title='bbox 1455 2776 1562 2816; x_wconf 71' lang='lat' dir='ltr'><strong>itaque</strong></span> <span class='ocrx_word' id='word_1_592' title='bbox 1575 2774 1656 2806; x_wconf 90' lang='lat' dir='ltr'><strong>dici-</strong></span> 
     </span>
     <span class='ocr_line' id='line_1_49' title="bbox 196 2827 1658 2874; baseline 0.001 -16"><span class='ocrx_word' id='word_1_593' title='bbox 196 2838 267 2859; x_wconf 86' lang='lat' dir='ltr'><strong>mus</strong></span> <span class='ocrx_word' id='word_1_594' title='bbox 281 2827 315 2859; x_wconf 87' lang='lat' dir='ltr'><strong>in</strong></span> <span class='ocrx_word' id='word_1_595' title='bbox 331 2827 510 2869; x_wconf 84' lang='lat' dir='ltr'><strong>gravissimo</strong></span> <span class='ocrx_word' id='word_1_596' title='bbox 528 2829 610 2859; x_wconf 74' lang='lat' dir='ltr'><strong>bello</strong></span> <span class='ocrx_word' id='word_1_597' title='bbox 627 2836 713 2860; x_wconf 82' lang='lat' dir='ltr'><strong>tanto</strong></span> <span class='ocrx_word' id='word_1_598' title='bbox 728 2831 785 2862; x_wconf 91' lang='lat' dir='ltr'><strong>illo</strong></span> <span class='ocrx_word' id='word_1_599' title='bbox 802 2842 869 2862; x_wconf 80' lang='lat' dir='ltr'><strong>esse</strong></span> <span class='ocrx_word' id='word_1_600' title='bbox 881 2832 1051 2869; x_wconf 78' lang='lat' dir='ltr'><strong>meliorem,</strong></span> <span class='ocrx_word' id='word_1_601' title='bbox 1076 2837 1193 2874; x_wconf 78' lang='lat' dir='ltr'><strong>quanto</strong></span> <span class='ocrx_word' id='word_1_602' title='bbox 1208 2830 1274 2862; x_wconf 78' lang='lat' dir='ltr'><strong>sola</strong></span> <span class='ocrx_word' id='word_1_603' title='bbox 1289 2829 1470 2861; x_wconf 79' lang='lat' dir='ltr'><strong>fortitudine</strong></span> <span class='ocrx_word' id='word_1_604' title='bbox 1484 2829 1593 2860; x_wconf 83' lang='lat' dir='ltr'><strong>melior</strong></span> <span class='ocrx_word' id='word_1_605' title='bbox 1607 2835 1658 2860; x_wconf 83' lang='lat' dir='ltr'><strong>est</strong></span> 
     </span>
     <span class='ocr_line' id='line_1_50' title="bbox 191 2881 1656 2927; baseline 0.002 -16"><span class='ocrx_word' id='word_1_606' title='bbox 191 2881 323 2923; x_wconf 71' lang='lat' dir='ltr'><strong>justitia,</strong></span> <span class='ocrx_word' id='word_1_607' title='bbox 337 2881 554 2924; x_wconf 80' lang='lat' dir='ltr'><strong>temperantia,</strong></span> <span class='ocrx_word' id='word_1_608' title='bbox 570 2884 727 2925; x_wconf 74' lang='lat' dir='ltr'><strong>snpientia</strong></span> <span class='ocrx_word' id='word_1_609' title='bbox 742 2884 915 2918; x_wconf 81' lang='lat' dir='ltr'><strong>fortitudini</strong></span> <span class='ocrx_word' id='word_1_610' title='bbox 930 2887 1106 2927; x_wconf 77' lang='lat' dir='ltr'><strong>conjuncta.</strong></span> <span class='ocrx_word' id='word_1_611' title='bbox 1128 2896 1220 2918; x_wconf 88' lang='lat' dir='ltr'><strong>nemo</strong></span> <span class='ocrx_word' id='word_1_612' title='bbox 1246 2884 1331 2917; x_wconf 86' lang='lat' dir='ltr'><strong>enim</strong></span> <span class='ocrx_word' id='word_1_613' title='bbox 1357 2885 1477 2927; x_wconf 83' lang='lat' dir='ltr'><strong>integer</strong></span> <span class='ocrx_word' id='word_1_614' title='bbox 1498 2888 1528 2915; x_wconf 85' lang='lat' dir='ltr'><strong>et</strong></span> <span class='ocrx_word' id='word_1_615' title='bbox 1553 2882 1656 2915; x_wconf 79' lang='lat' dir='ltr'><strong>fidelis</strong></span> 
     </span>
    </p>
   </div>
  </div>
 </body>
</html>
