1840 3225
223 251 320 300 344]
756 251 1018 289 EPISTOLA
1050 253 1139 291 VH.
1606 257 1685 293 489

219 342 379 383 proximus
391 343 484 375 haeret
499 356 504 373 :
532 350 634 375 cetera
661 343 828 374 remotiora
845 349 927 374 suut.
950 343 1031 373 idem
1048 354 1173 385 quoque
1191 345 1230 374 de
1247 351 1331 375 recta
1345 353 1377 375 et
1390 355 1484 377 curva
1499 346 1562 378 dici
1578 354 1683 389 potest

218 395 317 436 figura
330 403 423 438 atque
438 398 543 428 colore
556 409 563 427 z
587 398 691 438 deque
704 397 787 427 bono
801 402 833 427 et
846 397 977 437 pulchro
993 402 1024 426 et
1036 396 1122 437 justo
1135 409 1141 426 :
1168 408 1271 428 rursus
1288 398 1326 429 dc
1338 409 1525 440 quocunque
1539 411 1681 442 corpore,

218 450 271 479 vel
288 461 378 481 manu
392 451 476 482 facto
490 453 540 482 vel
555 452 701 488 naturali,
719 451 788 481 sive
801 450 867 491 igni
881 451 946 480 sive
963 460 1053 491 aqua,
1071 452 1246 492 ceterisque
1262 453 1439 493 hujusmodi
1453 466 1459 482 :
1485 455 1628 486 similiter
1644 457 1683 486 de

218 503 304 534 omni
320 505 447 535 animali
460 516 496 535 ac
507 505 545 536 de
557 505 693 536 moribus
702 505 875 535 animorum
886 510 980 545 atque
991 505 1031 534 de
1045 505 1221 535 actionibus
1231 506 1492 547 passionibusque
1517 509 1683 540 universis.

218 557 279 587 nisi
301 558 383 588 enim
399 558 469 599 quis
494 559 528 589 in
551 560 599 589 his
621 558 675 588 illa
700 564 834 600 quatuor
861 558 1094 598 quodammodo
1120 559 1234 599 capiat,
1260 570 1417 600 nunquam
1442 561 1584 592 scientim
1600 564 1683 594 circa

218 612 366 653 quintum
378 613 519 653 perfecte
532 614 689 653 particeps
705 613 773 642 erit.
797 612 928 653 proinde
955 612 1010 642 illa
1023 623 1087 642 non
1099 613 1214 651 minus,
1231 615 1324 654 quale
1338 615 1412 655 quid
1429 615 1468 645 sit
1482 618 1680 657 unumquod-

220 676 295 707 que,
318 676 409 707 quam
433 666 511 707 quid
535 667 585 703 sit,
610 666 833 707 aggrediuntur
847 665 1024 702 ostendere,
1039 672 1167 707 propter
1180 667 1335 698 rationum
1351 667 1558 700 debilitatem.
1586 670 1683 712 [343]

219 725 410 761 quapropter
443 730 534 750 nemo
568 720 679 750 mentis
711 730 839 761 compos
869 719 998 750 audebit
1025 730 1164 761 unquam
1189 721 1224 751 in
1250 722 1346 754 idem.
1372 727 1465 763 atque
1494 723 1528 753 id
1553 724 1683 765 quidem

219 773 428 810 immutabile,
449 774 574 810 referre,
601 784 671 815 quae
694 775 733 804 ab
760 774 825 815 ipso
850 774 1080 815 intelliguntur,
1103 780 1196 816 atque
1223 781 1357 815 quatuor
1371 777 1426 806 illa
1439 788 1445 805 :
1471 778 1554 817 quod
1571 779 1682 819 utique

219 827 392 868 patiuntur,
406 838 476 869 quae
489 827 694 869 designantur
707 828 824 869 figuris.
847 827 879 858 id
894 839 978 864 vero,
996 828 1081 869 quod
1096 839 1180 859 nunc
1196 829 1341 866 dicimus,
1357 840 1466 861 rursus
1482 836 1529 861 est
1539 832 1684 864 conside-

219 880 363 912 randum.
386 892 460 912 sane
474 882 607 913 circulus
623 882 757 924 quilibet
771 883 890 919 horum,
915 883 969 923 qui
984 883 1066 912 inter
1078 883 1240 913 hominum
1255 894 1365 914 manus
1379 885 1432 914 vel
1446 885 1619 926 pinguntur
1634 887 1686 918 vel

220 941 310 967 toruo
324 935 416 972 fiunt,
428 937 540 976 plenus
553 937 701 967 contrarii
715 942 763 967 est
776 937 816 966 ad
830 937 985 978 quintum.
1008 937 1085 967 recti
1098 947 1230 978 namque
1247 939 1456 980 undequaque
1467 940 1502 968 fit
1513 941 1682 982 particeps.

220 991 324 1031 ipsum
345 999 420 1019 vero
443 990 594 1020 circulum
617 991 802 1021 affirmamus
824 1001 927 1031 neque
952 991 1055 1021 minus
1079 1001 1180 1031 neque
1204 992 1301 1032 magis
1327 992 1457 1032 aliquid,
1481 991 1516 1023 id
1531 999 1588 1030 est,
1606 996 1686 1026 nihil

219 1044 347 1075 omnino
369 1043 483 1074 habere
498 1044 529 1073 in
544 1055 577 1075 se
593 1049 710 1074 naturae
724 1044 897 1076 contrariae.
922 1050 1076 1085 praeterea
1099 1045 1217 1075 nullius
1239 1046 1348 1076 horum
1370 1056 1485 1077 nornen
1509 1048 1686 1079 firmitatem

220 1097 355 1128 dicimus
376 1096 471 1127 ullam
498 1099 622 1130 habere.
646 1099 726 1129 nihil
741 1098 822 1129 enim
839 1098 1031 1139 prohiberet,
1047 1109 1117 1139 quae
1131 1109 1215 1130 nunc
1228 1099 1364 1129 rotunda
1376 1101 1588 1139 nominamus,
1604 1108 1692 1134 recta

220 1153 337 1190 vocari,
359 1159 506 1194 rectaque
530 1153 690 1183 rotunda:
714 1163 774 1183 nec
800 1153 979 1183 firmitatem
1004 1154 1100 1183 ullam
1125 1152 1271 1193 majorem
1287 1153 1353 1184 sore
1368 1155 1548 1186 nominibus
1562 1156 1594 1186 in
1612 1167 1686 1188 con-

221 1207 348 1238 trarium
363 1207 559 1249 permutatis·
583 1208 692 1237 eadem
717 1216 843 1248 quoque
859 1207 899 1238 de
915 1206 1055 1237 oratione
1069 1207 1146 1237 ratio
1161 1212 1221 1247 est,
1236 1218 1307 1238 cum
1322 1218 1361 1238 ex
1375 1209 1555 1240 nominibus
1570 1211 1689 1241 verbis-

220 1271 281 1302 que
296 1267 500 1304 componatur
511 1262 633 1292 nullam
647 1261 775 1292 omnino
790 1261 981 1292 habentibus
1004 1261 1194 1292 firmitatem.
1216 1262 1434 1302 multipliciter
1448 1273 1552 1294 rursus
1565 1266 1690 1305 probari

221 1321 328 1357 potest
350 1316 471 1347 nullum
493 1317 601 1346 horum
628 1320 761 1357 quatuor
785 1320 907 1347 certum
931 1315 1117 1356 firmumque
1145 1326 1227 1347 esse.
1251 1317 1424 1347 maximum
1449 1328 1522 1348 vero
1537 1320 1694 1360 omnium,

221 1370 308 1411 quod
335 1371 430 1412 paulo
455 1375 528 1401 ante
557 1370 750 1406 dicebamus,
782 1369 868 1411 quod
897 1380 968 1400 cum
995 1369 1057 1400 duo
1085 1371 1160 1406 sint,
1187 1371 1323 1401 essentia
1348 1376 1380 1401 et
1404 1372 1550 1412 qualitas,
1565 1374 1692 1413 quando

223 1424 347 1455 animus
369 1435 431 1456 non
459 1424 563 1466 quale,
590 1423 645 1455 sed
671 1424 747 1465 quid
771 1424 821 1460 sit,
849 1424 973 1464 quaerit,
999 1424 1061 1454 nisi
1074 1424 1238 1465 quodlibet
1251 1425 1356 1455 horum
1374 1431 1507 1466 quatuor
1522 1428 1688 1467 quaesitum

221 1478 307 1519 prius
334 1478 372 1508 ab
400 1478 504 1509 anima
529 1484 592 1508 tam
621 1478 741 1508 ratione
766 1488 858 1519 quam
875 1478 1003 1515 effectu,
1017 1479 1155 1520 denique
1180 1479 1325 1509 sensibus
1338 1479 1420 1510 bene
1433 1479 1622 1522 discussum,
1636 1492 1692 1523 per

222 1532 338 1569 omnia,
353 1542 424 1574 quae
437 1533 583 1563 dicuntur
597 1537 691 1573 atque
707 1531 925 1568 ostenduntur,
943 1532 1095 1563 evaserit:
1121 1532 1205 1563 omni
1222 1533 1425 1573 ambiguitate
1442 1539 1475 1564 et
1487 1535 1688 1572 obscuritate,

222 1591 260 1616 ut
283 1586 330 1617 ita
355 1586 502 1623 dixerim,
528 1597 637 1617 omnes
650 1586 806 1627 implebit.
831 1586 864 1616 in
878 1586 991 1627 quibus
1004 1586 1099 1626 igitur
1113 1587 1357 1628 haudquaquam
1372 1587 1513 1618 consueti
1528 1599 1636 1619 sumus
1651 1590 1691 1619 ob

223 1650 348 1681 pravam
371 1640 590 1671 educationem
607 1650 712 1671 verum
730 1640 920 1681 perquirere,
938 1641 993 1671 sed
1010 1640 1085 1670 satis
1099 1641 1190 1670 nobis
1204 1641 1320 1671 factum
1336 1646 1492 1681 putamus,
1509 1642 1534 1671 si
1550 1643 1694 1683 apposita

222 1695 388 1726 simulacra
411 1695 615 1735 attigerimus,
639 1693 767 1724 minime
792 1693 906 1724 derisui
930 1704 1039 1724 sumus
1062 1694 1196 1725 invicem
1212 1695 1397 1735 interrogati
1413 1695 1692 1736 interrogantibus,

223 1748 405 1789 potentibus
420 1749 585 1779 dumtaxat
600 1752 732 1789 quatuor
744 1747 801 1777 illa
815 1747 973 1778 discutere
989 1753 1084 1789 atque
1099 1759 1240 1789 arguere.
1263 1749 1316 1779 ubi
1332 1759 1406 1779 vero
1422 1750 1593 1780 necessitas
1607 1751 1693 1791 cogit

224 1802 368 1843 quintum
380 1803 560 1839 ostendere,
573 1803 678 1843 quivis
688 1811 805 1838 eorum,
818 1801 872 1843 qui
889 1802 1011 1843 possint
1023 1803 1205 1833 subvertere
1215 1808 1309 1843 atque
1320 1808 1500 1839 retractare,
1514 1804 1670 1844 pervincit
1685 1815 1693 1833 ι

222 1856 374 1898 facitque,
388 1861 424 1887 ut
440 1856 493 1897 qui
507 1856 639 1897 exponit
652 1856 845 1886 sermonibus
855 1857 907 1886 vel
919 1856 1032 1886 litteris
1043 1857 1095 1887 vel
1105 1856 1382 1897 disputationibus,
1395 1858 1479 1897 apud
1494 1857 1691 1888 audientium

224 1911 342 1942 multos
363 1911 444 1941 nihil
467 1920 586 1947 eorum,
611 1920 683 1950 quae
706 1911 758 1940 vel
785 1909 890 1940 dicere
913 1909 964 1939 vel
993 1909 1126 1940 scribere
1141 1911 1330 1950 aggreditur,
1349 1910 1525 1951 intelligere
1539 1909 1694 1942 videatur.

223 1965 332 2005 quain
347 1975 381 1995 re
396 1975 479 2005 saepe
494 1964 666 2004 ignoratur,
678 1974 741 1993 non
756 1966 894 1993 animum
909 1963 1075 1994 scribentis
1089 1964 1140 1993 vel
1154 1963 1291 1994 dicentis
1305 1963 1461 2004 redargui,
1479 1964 1534 1994 sed
1549 1970 1693 1995 naturam

224 2018 333 2060 potius
359 2017 526 2059 cujuslibet
546 2017 671 2048 illorum
687 2022 820 2057 quatuor
842 2028 874 2047 se
889 2018 972 2047 male
995 2017 1153 2047 habentis.
1175 2017 1333 2048 traductio
1346 2027 1430 2053 vero,
1446 2027 1504 2058 per
1517 2020 1622 2049 omnia
1637 2019 1695 2050 illa

225 2082 350 2102 sursum
362 2071 572 2111 deorsumque
584 2071 618 2101 in
632 2071 878 2111 unumquodque
893 2070 1098 2101 discurrendo
1110 2071 1311 2112 perveniens,
1324 2071 1378 2101 vix
1389 2072 1521 2102 tandem
1531 2073 1693 2104 scientiam

224 2126 309 2167 parit
324 2125 510 2156 intrinsecus
524 2136 530 2155 :
556 2125 733 2165 scientiam,
756 2124 900 2165 inquam,
915 2124 1027 2165 ipsius,
1042 2125 1125 2165 quod
1141 2125 1324 2155 naturaliter
1336 2125 1417 2156 bene
1431 2125 1579 2157 affectum
1596 2133 1646 2157 est
1662 2128 1695 2158 in

225 2180 344 2216 animo,
368 2180 407 2210 ad
423 2179 522 2220 ipsum
538 2188 662 2220 quoque
679 2179 861 2209 naturaliter
869 2179 951 2209 bene
965 2179 1091 2209 affecto.
1107 2183 1139 2209 at
1153 2179 1181 2209 si
1195 2179 1266 2220 quis
1279 2179 1360 2209 male
1372 2179 1503 2210 affectus
1515 2180 1558 2210 sit
1571 2186 1693 2217 natura,

228 2234 332 2275 qualis
355 2233 535 2265 naturaliter
558 2233 671 2263 animae
695 2232 820 2263 habitus
835 2233 918 2263 inest
933 2233 1051 2269 multis,
1067 2238 1134 2263 tum
1149 2233 1189 2263 ad
1205 2233 1259 2263 illa
1275 2243 1344 2273 quae
1358 2233 1512 2264 discenda
1526 2240 1608 2270 sunt,
1626 2240 1692 2265 tum

227 2289 270 2320 ad
294 2298 408 2324 mores,
436 2287 636 2328 corruptique
662 2286 709 2317 illi
736 2292 809 2317 sunt
822 2298 828 2315 ι
854 2287 949 2329 [344]
975 2298 1015 2317 ne
1043 2287 1188 2329 Lynceus
1203 2287 1342 2327 quidem,
1357 2292 1391 2317 ut
1406 2287 1557 2328 ejusmodi
1573 2288 1696 2318 animus

229 2343 349 2379 videat,
366 2341 487 2372 efficere
504 2345 622 2382 posset.
645 2346 753 2381 atque,
779 2346 816 2371 ut
838 2341 1013 2371 summatim
1030 2342 1144 2377 dicam,
1159 2350 1262 2381 neque
1279 2351 1411 2371 acumen
1428 2351 1531 2382 neque
1548 2343 1695 2375 memoria

228 2396 326 2427 faciet
340 2405 490 2436 unquam,
505 2400 552 2431 ut,
568 2394 623 2435 qui
645 2394 692 2425 rei
706 2394 816 2436 ipsius,
830 2405 893 2435 qua
908 2394 947 2425 de
962 2394 1079 2435 agitur,
1091 2405 1155 2424 non
1172 2399 1222 2424 est
1235 2399 1399 2435 cognatus,
1416 2395 1517 2436 ipsam
1534 2395 1695 2436 inspiciat.

229 2450 419 2491 principium
447 2449 562 2480 etenim
592 2449 626 2480 in
650 2449 810 2480 habitibus
826 2449 937 2480 alienis
951 2460 1015 2480 non
1031 2450 1171 2480 sortitur.
1195 2450 1395 2490 quamobrem
1412 2450 1591 2491 quicunque
1602 2451 1696 2492 justis

228 2504 375 2544 aliisque,
401 2508 602 2544 quotcunque
618 2508 689 2534 sunt
704 2503 847 2544 pulchra,
863 2513 927 2534 non
943 2509 1017 2534 sunt
1031 2504 1095 2545 apti
1108 2509 1220 2534 natura
1235 2510 1328 2544 atque
1344 2504 1482 2545 cognati,
1499 2504 1573 2534 licet
1589 2503 1642 2534 alii
1656 2504 1695 2533 ad

227 2558 292 2588 alia
320 2557 478 2598 ingeniosi
502 2557 594 2588 simul
617 2563 651 2587 et
677 2567 829 2588 memores
844 2568 853 2595 ;
876 2567 982 2588 rursus
1003 2558 1184 2599 quicunque
1213 2558 1340 2598 cognati
1369 2563 1442 2588 sunt
1468 2558 1609 2599 quidem,
1639 2558 1696 2588 sed

233 2612 365 2643 hebetes
380 2616 413 2642 et
440 2611 592 2642 memoria
619 2621 728 2652 pamm
756 2611 855 2642 validi
868 2623 876 2650 3
912 2622 1074 2653 nunquam
1100 2612 1141 2642 ad
1171 2622 1326 2643 summum
1356 2611 1503 2643 discendi
1529 2612 1696 2643 veritatem

233 2665 421 2706 pervenient
444 2665 495 2695 vel
518 2665 644 2696 virtutis
671 2666 722 2695 vel
747 2666 828 2696 vitii.
852 2675 983 2697 necesse
1009 2666 1092 2696 enim
1118 2671 1165 2696 est
1177 2676 1215 2696 ea
1230 2666 1322 2696 simul
1334 2665 1523 2707 perdiscere,
1539 2672 1572 2696 et
1585 2666 1696 2696 falsum

233 2719 326 2749 simul
341 2724 372 2750 et
387 2729 497 2750 verum
511 2719 608 2749 totius
623 2719 781 2756 essentiae,
795 2730 866 2750 cum
880 2720 965 2750 omni
976 2720 1201 2751 exercitatione
1215 2725 1308 2760 atque
1321 2719 1520 2761 longitudine
1529 2720 1675 2760 temporis
1688 2731 1693 2747 z

232 2772 322 2813 quod
342 2777 376 2803 et
400 2773 440 2803 ab
455 2772 547 2803 initio
562 2771 640 2803 dixi.
662 2778 827 2814 postquam
852 2783 928 2804 vero
944 2773 1123 2814 singulatim
1138 2773 1277 2814 ipsorum
1293 2774 1430 2810 nomina,
1446 2774 1583 2804 rationes
1599 2773 1699 2802 visus—

231 2837 292 2867 que
325 2831 360 2857 et
388 2837 497 2857 sensus
527 2826 646 2867 agitata
671 2826 807 2858 invicem
837 2827 973 2867 tritaque
1001 2827 1130 2864 fuerint,
1161 2827 1370 2868 benignisque
1399 2825 1697 2868 reprehensionibus

232 2880 412 2920 redarguta,
440 2885 472 2911 et
497 2881 615 2921 absque
641 2880 762 2911 invidia
777 2880 999 2922 interrogando
1016 2880 1296 2922 respondendoque
1313 2881 1454 2912 discussa
1471 2891 1476 2908 z
1502 2880 1555 2909 vix
1569 2880 1697 2909 tandem

232 2933 369 2974 refulget
383 2933 468 2965 circa
482 2934 726 2975 unumquodque
741 2934 908 2976 prudentia
924 2940 1018 2975 atque
1031 2934 1253 2975 intelligentia,
1272 2935 1311 2965 ad
1325 2944 1478 2966 summum
1499 2933 1627 2964 omnino
1645 2943 1699 2974 pro

323 2987 412 3020 Ptat.
432 2987 489 3019 Tr.
980 2989 1028 3019 ΙΙ.
1548 2990 1566 3018 3
1586 2987 1614 3025 Q
