1840 3225
200 203 298 249 403]
698 215 705 218 “
812 203 1066 246 ERYXIAS.
1591 209 1671 248 525

202 305 305 338 oborti
319 305 428 339 statim
443 312 720 339 summoverentur.
766 307 823 338 Est
838 318 926 350 ergo,
940 314 974 340 ut
988 313 1132 350 apparet,
1148 307 1318 344 medicina,
1334 308 1467 340 scientia
1476 318 1545 350 quoe
1557 308 1670 341 adhoc

202 359 288 390 utilis
314 365 373 397 est,
397 366 432 392 ut
459 361 582 392 morbos
609 366 816 392 summoveat.
861 362 896 392 Si
920 371 994 392 vero
1021 362 1091 403 quis
1113 371 1172 392 nos
1195 372 1299 392 rursus
1323 362 1506 404 interroget,
1523 372 1587 404 qua
1605 373 1636 394 re
1652 373 1671 394 a

199 412 289 444 nobis
311 414 444 451 sublata,
464 415 542 446 nihil
560 425 640 456 opus
658 415 844 447 haberemus
866 415 990 456 opibus,
1005 425 1208 456 possemusne
1222 416 1348 446 dicere?
1373 416 1421 446 sin
1434 416 1549 453 minus,
1564 427 1671 447 rursus

201 466 261 498 hoc
284 468 380 498 modo
405 468 651 500 consideremus.
696 468 780 510 Age,
804 469 831 499 si
857 469 963 499 vivere
979 469 1080 509 possit
1095 470 1188 499 homo
1206 469 1325 510 absque
1342 469 1420 501 cibis
1435 475 1467 501 et
1479 470 1620 512 potibus,
1637 475 1673 501 et

199 530 266 552 non
279 522 408 559 esuriat,
423 532 527 563 neque
541 522 638 558 sitiat,
653 532 731 552 num
743 522 791 552 his
802 522 881 563 ipsis
897 532 977 563 opus
992 522 1147 558 babuerit,
1164 528 1219 553 aut
1233 529 1374 563 argento,
1393 529 1446 553 aut
1461 525 1522 554 alia
1534 524 1670 564 quadam

199 583 247 611 re,
275 579 312 605 ut
339 575 406 606 haec
434 576 618 617 comparet?
665 575 743 607 Non
770 585 846 607 sane
876 575 952 606 mihi
976 575 1116 606 videtur.
1159 576 1277 607 Nonne
1303 582 1337 607 et
1358 576 1398 607 de
1413 577 1542 617 reliquis
1556 578 1669 609 eodem

201 627 314 659 modo?
358 628 392 659 Si
416 639 478 660 non
506 640 584 671 opus
601 629 789 660 haberemus
804 629 845 661 ad
860 630 1000 671 corporis
1016 640 1124 660 curam
1136 630 1184 660 his
1199 631 1314 671 quibus
1331 641 1415 662 nunc
1430 631 1622 672 indigemus,
1639 637 1673 662 et

200 681 305 713 calore
330 688 364 713 et
382 683 510 724 frigore,
536 683 707 725 aliquando
726 683 819 714 etiam
840 683 909 714 aliis
925 684 1039 725 quibus
1051 694 1169 725 corpus
1180 683 1322 726 indigum
1339 684 1458 716 factum
1472 695 1550 725 opus
1567 685 1672 722 habet,

197 734 329 774 inutiles
354 742 460 768 essent
481 737 574 768 nobis
602 739 650 768 hae
677 747 748 781 qure
771 738 973 779 appellantur
988 748 1076 780 opes,
1089 737 1116 768 si
1132 748 1223 768 nemo
1240 738 1370 769 omnino
1385 738 1459 769 ullis
1472 748 1514 769 ex
1530 739 1576 768 his
1591 748 1672 780 opus

199 790 338 826 haberet,
365 801 499 832 quorum
526 792 628 833 gratia
658 801 742 823 nunc
769 802 848 833 opes
875 791 972 822 nobis
1001 802 1070 822 esse
1100 793 1259 828 volumus,
1287 802 1351 833 quo
1380 791 1611 833 cupiditatibus
1640 798 1674 824 et

199 845 392 885 egestatibus
417 846 557 887 corporis
581 855 809 882 succurramus,
825 845 1062 887 suppeditando
1077 856 1116 876 ea
1130 845 1245 887 quibus
1260 845 1396 877 subinde
1412 856 1492 887 opus
1506 845 1673 877 habemus.

198 897 232 929 Si
246 908 320 940 ergo
335 899 374 930 ad
391 899 450 930 hoc
465 899 551 930 utilis
564 905 614 930 est
629 910 723 941 opum
737 900 905 941 possessio,
922 900 962 931 ad
977 905 1135 941 egestates
1150 900 1299 931 nimirum
1315 900 1450 941 corporis
1466 901 1634 937 curandas,
1647 901 1675 931 si

198 961 275 983 sane
303 953 361 983 hoc
386 942 474 983 nobis
500 963 518 984 e
541 953 649 984 medio
674 954 832 985 sublatum
856 958 951 991 esset,
973 954 1053 984 nihil
1076 964 1158 995 opus
1176 953 1359 985 haberemus
1376 953 1486 993 opibus
1500 965 1507 983 z
1533 953 1673 984 fortassis

197 1011 307 1037 autem
332 1017 437 1048 neque
463 1012 574 1039 essent
597 1007 726 1038 omnino
753 1018 840 1049 opes.
885 1007 1041 1049 Apparet.
1083 1007 1230 1050 Apparet
1253 1018 1327 1049 ergo
1350 1007 1441 1038 nobis
1463 1017 1512 1038 res
1534 1006 1576 1037 ad
1591 1008 1672 1039 hanc

199 1069 305 1092 curam
322 1061 416 1092 utiles
429 1071 498 1092 esse
512 1062 597 1103 ipsas
611 1072 701 1103 opes.
745 1061 792 1092 At.
805 1072 881 1092 vero
896 1061 1043 1093 turbabat
1055 1062 1156 1104 ipsum
1168 1062 1262 1092 valde
1278 1062 1327 1092 hic
1338 1072 1450 1092 sermo.
1497 1060 1584 1098 Quid
1598 1071 1674 1092 vero

198 1114 272 1145 tatia
291 1115 301 1146 ?
327 1114 425 1157 [402]
451 1115 540 1146 Num
553 1115 723 1146 dixerimus
739 1115 809 1146 fieri
823 1126 918 1158 posse
933 1121 969 1146 ut
984 1116 1097 1147 eadem
1111 1126 1164 1147 res
1178 1116 1217 1147 ad
1228 1115 1316 1147 idem
1327 1125 1405 1157 opus
1415 1114 1511 1146 modo
1523 1115 1608 1146 utilis
1619 1115 1673 1152 sit,

198 1167 295 1199 modo
309 1167 455 1201 inutilis?
501 1169 576 1201 Non
589 1179 650 1211 ego
664 1180 738 1200 sane
755 1169 887 1201 dixerim
903 1181 910 1200 τ
936 1170 995 1201 sed
1010 1170 1034 1201 si
1049 1170 1107 1201 hac
1122 1169 1164 1201 ad
1179 1170 1265 1201 idem
1279 1180 1360 1211 opus
1369 1169 1562 1210 indigemus,
1575 1170 1670 1200 etiam

198 1221 289 1253 utilis
302 1223 380 1254 mihi
395 1233 464 1255 esse
478 1223 606 1254 videtur
624 1235 631 1254 :
656 1224 705 1254 sin
726 1223 841 1260 minus,
855 1233 930 1255 non.
978 1223 1095 1255 Nonne.
1110 1224 1135 1254 si
1146 1223 1262 1265 absque
1278 1224 1350 1265 igne
1365 1234 1526 1266 possemus
1537 1228 1672 1254 statuam

200 1286 319 1308 aeneam
345 1277 462 1314 facere,
483 1277 564 1308 nihil
585 1288 667 1319 opus
690 1278 877 1308 haberemus
890 1278 965 1319 igne
980 1278 1019 1309 ad
1038 1278 1129 1320 hujus
1145 1288 1221 1309 sane
1237 1278 1451 1309 structuram?
1475 1277 1502 1309 si
1516 1288 1590 1308 vero
1607 1288 1673 1308 non

198 1338 277 1371 opus
292 1331 488 1368 haberemus,
503 1341 608 1372 neque
624 1332 715 1362 utilis
729 1336 825 1363 esset.
871 1331 993 1363 Eadem
1021 1332 1101 1364 ratio
1125 1333 1220 1363 etiam
1247 1331 1287 1363 de
1313 1332 1391 1363 aliis-
1408 1338 1467 1363 est.
1512 1331 1672 1373 Apparet.

200 1382 318 1414 Nonne
341 1385 411 1415 sine
435 1384 550 1426 quibus
579 1385 698 1427 aliquid
724 1386 793 1417 fieri
818 1391 938 1427 potest,
955 1397 998 1418 ex
1015 1386 1064 1416 his
1080 1386 1173 1417 etiam
1194 1387 1274 1418 nihil
1290 1386 1367 1417 utile
1379 1386 1471 1417 nobis
1486 1390 1624 1427 apparet?
1632 1386 1675 1417 ad

197 1437 259 1468 hoc
281 1448 357 1469 sane
372 1439 382 1468 ?
429 1439 505 1470 Non
528 1440 689 1480 equidem.
735 1439 852 1471 Nonne
869 1440 895 1471 si
909 1450 1001 1481 posse
1017 1440 1196 1471 videremur
1210 1441 1329 1481 absque
1345 1446 1474 1482 argento
1490 1446 1522 1470 et
1538 1449 1626 1480 aur0,
1642 1444 1675 1470 et

196 1491 270 1523 aliis
286 1492 464 1535 hujusmodi
478 1494 593 1534 quibus
607 1504 671 1524 non
687 1494 766 1535 ipsis
778 1494 817 1524 ad
827 1504 942 1536 corpus
952 1495 1070 1525 utimur
1085 1506 1093 1524 ε
1118 1495 1206 1525 velut
1218 1494 1297 1526 cibis
1307 1499 1339 1524 et
1351 1494 1479 1536 potibus
1490 1499 1522 1524 et
1532 1493 1673 1524 vestibus

199 1551 233 1576 et
257 1547 408 1588 stragulis
423 1552 457 1578 et
472 1547 615 1579 domibus
629 1547 739 1578 sedare
756 1547 893 1589 corporis
909 1553 1080 1589 egestates,
1094 1555 1130 1579 ut
1144 1559 1209 1579 non
1229 1548 1366 1589 amplius
1379 1559 1458 1590 opus
1474 1548 1677 1585 haberemus,

198 1600 238 1630 ad
254 1601 314 1631 hoc
331 1611 406 1632 sane
420 1611 525 1642 neque
540 1611 617 1642 opes
633 1601 815 1632 viderentur
830 1612 938 1632 aurum
955 1608 989 1632 et
1004 1608 1167 1643 argentum
1185 1608 1217 1633 et
1233 1603 1295 1633 alia
1310 1602 1500 1645 hujusmodi,
1515 1601 1672 1643 siquando

197 1654 298 1685 etiam
312 1655 431 1696 absque
448 1655 496 1685 his
509 1654 544 1685 id
558 1654 626 1686 fieri
641 1661 746 1697 potest
759 1655 772 1685 ?
818 1655 892 1686 Non
910 1656 1064 1697 profecto.
1108 1655 1183 1687 Non
1199 1667 1274 1697 ergo
1290 1657 1358 1687 haec
1374 1666 1452 1697 opes
1467 1656 1559 1686 nobis
1571 1654 1674 1685 videri

196 1711 358 1748 pOterunt,
382 1708 409 1739 si
430 1708 509 1739 nihil
542 1708 634 1739 utilia
658 1714 744 1749 sunt,
769 1708 826 1740 sed
846 1710 914 1740 haec
928 1709 1044 1740 fuerint
1061 1709 1175 1751 quibus
1189 1710 1282 1741 utilia
1296 1720 1477 1751 comparare
1491 1719 1674 1752 possumus·

199 1760 375 1803 Nunquam
402 1762 530 1804 poterit,
558 1773 576 1793 0
601 1763 760 1800 Socrates,
784 1764 845 1795 hoc
872 1763 950 1794 mihi
974 1763 1172 1805 persuaderi,
1193 1773 1304 1794 aurum
1328 1769 1360 1794 et
1384 1770 1546 1805 argentum
1563 1769 1595 1794 et
1610 1763 1674 1794 alia

198 1814 392 1857 hujusmodi,
419 1827 481 1847 non
506 1827 585 1858 opes
608 1817 703 1847 nobis
726 1828 806 1848 esse.
851 1817 938 1848 Illud
953 1817 1099 1858 equidem
1115 1818 1318 1849 vehementer
1330 1818 1433 1854 credo,
1448 1818 1531 1859 quod
1549 1827 1588 1848 ea
1601 1827 1671 1858 quae

198 1869 289 1900 nobis
302 1870 428 1901 inutilia
440 1876 525 1908 sunt,
541 1882 645 1912 neque
661 1881 738 1912 opes
753 1876 827 1902 sunt
839 1882 847 1903 :
873 1877 906 1902 et
922 1872 1008 1913 quod
1021 1882 1061 1902 ex
1074 1872 1250 1903 utilissimis
1264 1872 1303 1902 ad
1317 1874 1376 1903 hoc
1390 1872 1481 1902 utiles
1493 1877 1565 1902 sunt
1576 1882 1670 1912 opes:

198 1933 264 1954 non
280 1928 385 1955 tamen
402 1926 474 1962 boc,
487 1926 574 1967 quod
591 1926 658 1957 haec
682 1935 746 1956 non
763 1930 837 1956 sunt
849 1925 941 1956 nobis
957 1926 1048 1956 utilia
1062 1925 1104 1956 ad
1118 1926 1230 1963 vitam,
1244 1926 1270 1956 si
1287 1926 1413 1967 quidem
1429 1926 1478 1956 his
1493 1926 1672 1957 necessaria

200 1987 430 2018 comparamus.
475 1978 548 2021 Age
573 1979 695 2021 itaque,
717 1980 875 2021 quomodo
892 1980 968 2010 talia
982 1979 1179 2010 dixerimus?
1203 1991 1281 2011 num
1296 1985 1370 2010 sunt
1384 1980 1528 2010 homines
1543 1979 1671 2020 quidam

197 2032 250 2072 qui
267 2033 419 2063 musicam
435 2032 563 2070 docent,
579 2039 633 2064 aut
648 2034 766 2070 literas,
788 2039 844 2065 aut
859 2034 955 2065 aliam
970 2034 1130 2076 quandam
1144 2034 1321 2075 scientiam,
1337 2034 1389 2075 qui
1403 2044 1457 2075 pro
1472 2034 1521 2064 his
1533 2033 1674 2074 sibiipsis

198 2086 378 2118 necessaria
403 2087 579 2128 acquirunt,
601 2089 778 2118 mercedem
805 2098 863 2129 pro
885 2088 935 2118 his
960 2088 1148 2129 exigentes?
1194 2088 1276 2118 Sunt
1298 2087 1455 2129 equidem.
1500 2086 1617 2118 Nonne
1640 2087 1673 2118 hi

199 2140 342 2172 homines
368 2141 425 2172 hac
448 2141 582 2172 scientia
603 2152 783 2183 comparare
802 2147 953 2184 poterunt
966 2142 1156 2178 necessaria,
1174 2152 1228 2183 pro
1244 2142 1303 2173 hac
1319 2147 1545 2183 permutantes,
1561 2151 1672 2181 quem-

199 2193 371 2225 admodum
388 2205 445 2226 nos
463 2205 519 2237 pro
535 2206 610 2226 auro
627 2202 659 2226 et
674 2196 828 2237 argento?
876 2196 1003 2227 Fateor.
1049 2196 1167 2226 Nonne
1191 2197 1214 2226 si
1239 2197 1297 2227 hac
1309 2201 1494 2237 comparant
1506 2206 1543 2226 ea
1557 2195 1672 2236 quibus

198 2247 239 2278 ad
254 2248 353 2279 vitam
369 2254 510 2289 utuntur,
523 2250 617 2280 etiam
632 2250 699 2291 ipsa
714 2249 801 2280 utilis
815 2250 911 2281 fuerit
921 2249 960 2281 ad
972 2249 1071 2281 vitam
1084 2250 1094 2279 ?
1141 2250 1271 2280 Etenim
1283 2255 1449 2291 argentum
1467 2249 1562 2291 hujus
1574 2248 1674 2290 gratia

199 2302 277 2331 utile
292 2312 359 2332 esse
377 2302 522 2342 diximus,
537 2304 620 2344 quod
638 2314 800 2345 possemus
815 2304 886 2346 ipso
901 2314 940 2335 ea
954 2314 1024 2345 quae
1037 2303 1215 2334 necessaria
1229 2309 1303 2334 sunt
1315 2303 1356 2334 ad
1368 2303 1465 2336 vitam
1479 2313 1672 2344 comparare.

197 2354 259 2391 Ita,
283 2355 399 2396 inquit.
445 2356 561 2389 Nonne
587 2358 613 2387 si
642 2359 689 2387 11ae
715 2358 858 2389 scientiae
886 2357 979 2389 utiles
1002 2362 1089 2396 sunt,
1111 2357 1151 2387 ad
1173 2358 1232 2388 hoc
1251 2363 1406 2398 apparent
1420 2357 1512 2388 nobis
1529 2356 1670 2387 scientim

197 2419 276 2450 opes
298 2420 382 2450 esse,
405 2409 445 2440 ob
471 2410 605 2441 eandem
621 2421 746 2442 causam
764 2412 804 2442 ob
817 2422 909 2453 quam
928 2421 1035 2442 aurum
1051 2417 1084 2442 et
1099 2417 1263 2452 argentum
1278 2411 1288 2440 ?
1315 2411 1517 2442 manifestum
1537 2421 1609 2442 vero
1625 2416 1673 2441 est

196 2463 294 2495 etiam
319 2475 372 2495 eos
393 2465 513 2505 quibas
530 2465 648 2495 habent
662 2465 792 2496 ditiores
809 2476 892 2496 esse.
937 2466 982 2496 At
1001 2466 1096 2506 paulo
1113 2466 1261 2506 superius
1274 2466 1316 2496 ita
1334 2466 1465 2496 moleste
1481 2464 1671 2496 admitteba-

197 2527 269 2549 mus
293 2529 481 2555 sermonem,
507 2519 533 2549 si
560 2520 591 2550 hi
616 2519 763 2550 ditissimi
783 2525 902 2550 essent.
947 2519 1171 2550 Necessarium
1186 2524 1291 2550 autem
1307 2525 1355 2550 est
1369 2520 1462 2550 etiam
1479 2529 1517 2549 ex
1531 2529 1568 2550 eo
1585 2518 1671 2560 quod

197 2581 282 2603 nunc
297 2573 437 2603 confessi
453 2583 571 2613 sumus,
585 2574 642 2604 hoc
668 2573 762 2611 effici,
789 2573 886 2616 [403]
913 2573 1068 2605 doctiores
1085 2573 1255 2614 aliquando
1268 2583 1337 2604 esse
1349 2573 1489 2604 ditiores.
1533 2573 1566 2604 Si
1585 2573 1670 2604 enim

194 2626 266 2667 quis
279 2636 336 2657 nos
358 2625 566 2668 interrogaret
576 2637 651 2657 num
667 2628 765 2658 cuivis
781 2628 900 2658 homini
917 2627 1024 2658 utilem
1040 2637 1110 2657 esse
1124 2638 1238 2668 equum
1254 2626 1666 2668 putaremus,fatcrerisne?

199 2688 254 2710 aut
278 2679 450 2711 scientibus
471 2680 602 2721 quidem
626 2680 782 2722 quomodo
808 2692 891 2722 equo
917 2681 962 2712 uti
989 2686 1125 2722 oportet,
1152 2681 1236 2711 utilis
1252 2681 1358 2717 fuerit,
1372 2681 1591 2722 ignorantibus
1607 2691 1671 2710 non

198 2733 295 2764 item?
342 2733 414 2764 Hoc
430 2734 554 2765 faterer.
601 2734 716 2765 Nonne
733 2734 897 2776 (inquam)
910 2734 1002 2776 juxta
1018 2735 1151 2765 eandem
1167 2735 1321 2765 rationem
1337 2745 1438 2776 neque
1458 2735 1673 2764 medicamen·

199 2791 270 2818 tum
296 2787 396 2818 cuivis
422 2787 542 2818 homini
571 2787 648 2818 utile
679 2798 758 2824 csse,
783 2788 840 2818 sed
862 2788 894 2819 ci
916 2788 971 2830 qui
985 2789 1070 2818 novit
1087 2788 1245 2828 quomodo
1260 2788 1329 2829 ipso
1347 2788 1499 2819 utendum
1513 2788 1575 2818 sit?
1622 2787 1673 2817 Ita

198 2841 312 2871 sentio.
357 2841 472 2873 Nonne
489 2842 587 2872 etiam
605 2841 667 2872 alia
682 2842 788 2872 omnia
804 2842 948 2873 similiter
965 2843 975 2872 ἓ
1024 2842 1178 2883 Apparet.
1224 2842 1343 2872 Aurum
1357 2852 1431 2882 ergo
1447 2846 1480 2871 et
1493 2846 1670 2880 argentum,

196 2899 230 2924 et
253 2895 315 2926 alia
340 2905 409 2937 quae
430 2906 509 2937 opes
524 2906 593 2928 esse
607 2895 766 2939 videntur,
782 2897 854 2928 huic
869 2897 927 2928 soli
943 2897 1031 2928 utilia
1048 2896 1173 2933 fuerint,
1189 2897 1241 2938 qui
1259 2896 1415 2938 quomodo
1430 2895 1504 2938 ipsis
1517 2895 1670 2926 utendum
