1840 3225
254 209 331 246 370
842 205 1104 246 PLATONIS
1598 209 1693 260 [800

252 311 326 342 Diis
342 312 413 342 aliis
428 312 615 348 sacrificent,
633 317 793 354 certosque
809 317 919 343 cantus
932 318 966 343 et
980 313 1108 343 choreas
1137 312 1229 342 certis
1246 312 1318 343 Diis
1331 322 1477 344 eorumve
1492 312 1563 344 filiis
1578 319 1611 344 et
1632 314 1696 344 dae-

249 366 391 396 monibus
419 365 577 396 dedicent.
600 376 636 398 ac
659 366 686 396 si
716 366 784 407 quis
814 366 914 402 aliter,
930 376 1023 408 quam
1039 367 1244 397 constitutum
1258 367 1309 403 sit,
1324 367 1448 409 hymnis
1470 367 1650 408 choreisque
1665 367 1699 397 in

248 419 388 450 Deorum
402 420 495 450 sacris
510 425 623 456 utatur,
638 421 823 455 sacerdotes,
838 425 902 450 tam
917 420 971 450 viri
997 430 1087 460 quam
1103 420 1258 457 mulieres,
1275 430 1338 451 una
1352 431 1422 452 cum
1438 421 1545 461 legum
1557 419 1696 451 custodi-

247 473 316 508 bus,
333 483 402 504 eum
418 478 524 504 sancte
538 479 570 504 et
584 474 723 515 legitime
739 480 867 505 arceant
883 485 889 503 :
915 479 947 504 et
969 474 1022 514 qui
1037 474 1178 514 repulsus
1194 474 1263 510 erit,
1279 474 1339 504 nisi
1355 474 1486 505 libenter
1500 475 1695 514 obtempera-

248 527 337 562 verit,
361 537 417 568 per
447 533 544 558 totam
575 528 670 558 vitam
699 528 818 558 volenti
846 528 958 569 cuique
980 538 1088 568 poenas
1104 528 1274 569 impietatis
1285 528 1454 569 persolvat.
1497 528 1574 560 Cu.
1595 527 1698 559 Probe

247 579 384 610 Auum.
408 579 526 612 Verum
552 582 699 622 quoniam
730 583 790 612 huc
804 582 941 612 oratione
957 582 1149 617 devenimus,
1168 587 1201 612 ut
1214 592 1270 612 nos
1286 581 1388 621 decet,
1402 582 1582 613 afficiamur.
1625 580 1702 612 Cu.

250 633 406 670 Quorsum
423 635 489 665 haec
505 635 515 664 ?
561 634 654 665 Aw.
676 634 798 671 Omnis,
826 647 888 666 non
918 646 1013 666 senex
1028 641 1160 671 tantum,
1178 647 1280 666 verum
1297 636 1391 666 etiam
1402 635 1539 677 juvenis,
1555 633 1700 676 quotiens

246 687 360 717 mirum
385 687 461 730 quid
489 693 521 719 et
547 688 686 719 insolens
714 689 826 719 viderit
852 690 900 719 vel
926 689 1068 724 audierit,
1097 700 1158 720 non
1175 690 1283 730 utique
1300 695 1439 720 accurrat
1453 688 1538 719 illico
1550 687 1698 730 quodque

246 740 374 771 dubium
397 747 443 772 est
471 742 644 773 concedat:
667 742 735 779 sed,
763 743 851 784 quasi
878 742 917 772 ad
946 743 1068 773 trivium
1089 743 1154 773 sive
1185 744 1270 773 solus
1294 743 1359 774 sive
1389 753 1460 774 cum
1480 742 1550 773 aliis
1565 741 1697 778 venerit,

246 794 430 837 ignoretque
447 796 539 832 viam,
555 797 711 837 perquirat
725 807 800 827 sane
813 807 873 827 nec
897 797 1024 827 ulterius
1048 797 1274 837 progrediatur,
1288 803 1455 838 antequam
1468 795 1579 827 certior
1592 795 1698 831 fuerit,

245 858 306 888 quo
334 849 392 879 iter
415 850 504 880 ferat.
526 851 668 880 similiter
694 851 783 881 nobis
806 851 839 880 in
855 851 1021 891 praesentia
1035 850 1226 881 faciundum.
1250 860 1320 881 nam
1337 861 1408 881 cum
1421 850 1454 880 in
1470 859 1643 881 sennonem
1657 850 1698 880 de

244 902 366 942 legibus
395 903 499 933 mirum
526 910 558 934 et
586 904 747 934 insolitum
760 903 971 940 inciderimus,
987 904 1224 944 diligentissime
1241 904 1436 934 considerare
1452 903 1611 935 debemus.
1634 913 1698 934 non

243 957 329 986 enim
344 956 435 986 decet
450 957 550 986 subito
567 962 667 987 tantos
681 958 759 988 viros
788 957 827 987 de
848 968 880 988 re
896 963 985 988 tauta
999 957 1078 987 ferre
1095 958 1293 992 sententiam,
1311 963 1343 987 et
1357 956 1445 997 quasi
1459 957 1587 997 planam
1601 956 1699 997 proti-

242 1019 301 1038 nus
318 1010 477 1040 affirmare.
523 1010 598 1041 cm.
622 1011 707 1042 Vera
736 1011 880 1052 loqueris.
925 1011 1064 1041 Arum.
1087 1011 1169 1052 Ergo
1199 1017 1322 1052 tempus
1349 1010 1388 1040 ad
1418 1011 1476 1041 hoc
1497 1019 1701 1047 assumamus,

243 1067 317 1093 tunc
341 1062 467 1094 demum
490 1064 678 1101 affirmaturi,
701 1076 771 1096 cum
795 1065 866 1095 satis
889 1065 984 1095 fuerit
1005 1065 1245 1095 consideratum.
1270 1075 1374 1095 rerum
1395 1074 1436 1094 ne
1459 1064 1570 1094 frustra
1590 1073 1699 1094 conse-

245 1122 393 1156 quentem
417 1117 520 1158 legum
545 1119 746 1158 praesentium
769 1119 910 1149 ordinem
924 1120 1149 1161 relinquamus,
1165 1119 1205 1149 ad
1221 1119 1312 1149 finem
1331 1118 1556 1160 propositorum
1569 1117 1698 1148 festine-

245 1181 322 1200 mus.
343 1171 421 1202 forte
447 1182 593 1213 namque,
623 1173 648 1202 si
677 1172 766 1202 Deus
795 1173 937 1208 voluerit,
960 1173 1054 1202 finem
1069 1184 1155 1203 suum
1172 1173 1238 1202 haec
1256 1172 1396 1202 tractatio
1412 1175 1580 1202 consecuta
1591 1171 1698 1212 plane,

242 1224 326 1264 quod
341 1224 430 1255 modo
445 1225 614 1261 dubitatur,
627 1226 753 1266 aperiet.
791 1226 865 1257 Cm.
889 1226 1040 1257 Praeciare
1054 1226 1201 1267 loqueris,
1217 1227 1344 1266 hospes.
1367 1234 1462 1265 quare
1478 1223 1522 1255 sic
1536 1223 1697 1254 faciamus.

244 1276 381 1309 ΑΤΗΕΝ.
407 1278 545 1309 Decreto
570 1279 664 1319 igitur
677 1279 784 1309 mirum
802 1279 887 1309 istud
904 1285 936 1310 et
950 1280 1098 1314 insolens,
1114 1286 1148 1309 ut
1163 1279 1305 1315 dicimus,
1322 1279 1505 1309 affirmetur:
1531 1287 1593 1319 quo
1607 1277 1698 1308 nobis

242 1330 311 1360 odae
340 1338 511 1373 cantusque
540 1338 681 1362 constare
710 1332 831 1372 legibus
858 1332 1032 1368 videantur,
1061 1333 1152 1363 sicuti
1169 1333 1260 1373 prisci
1276 1334 1314 1362 de
1332 1332 1513 1363 citharoedia
1528 1331 1696 1362 dicebant:

244 1383 340 1426 [800]
366 1393 399 1414 ut
422 1386 466 1415 illi
489 1396 611 1426 quoque
635 1396 701 1416 non
724 1386 815 1426 longe
841 1396 859 1416 a
874 1392 978 1417 nostro
996 1387 1097 1416 absint
1114 1388 1287 1428 proposito,
1304 1386 1360 1417 sed
1377 1392 1524 1426 tanquam
1538 1385 1571 1415 in
1587 1395 1695 1416 somno

243 1443 296 1467 aut
322 1439 416 1468 etiam
442 1439 474 1468 in
506 1439 623 1479 vigilia,
640 1440 691 1469 vel
708 1439 925 1470 somniaverint
942 1441 988 1470 vel
1008 1441 1165 1471 vaticinati
1181 1441 1236 1470 hoc
1254 1440 1327 1470 sint.
1350 1440 1408 1470 hoc
1422 1440 1515 1480 igitur
1528 1440 1572 1469 ita
1588 1438 1695 1470 decer-

241 1497 344 1522 natur.
365 1503 455 1523 nemo
482 1493 595 1523 audeat
617 1499 728 1534 praeier
749 1493 892 1534 publicos
913 1505 1077 1535 sacrosque
1102 1500 1215 1524 cantus
1238 1493 1359 1535 aliquid
1383 1503 1505 1528 canere,
1529 1498 1561 1522 et
1582 1497 1695 1533 praeter

239 1547 438 1577 constitutam
457 1546 631 1587 juventutis
653 1548 793 1577 choream
820 1548 934 1578 moveri
959 1548 1118 1588 tripudio:
1159 1547 1422 1588 quemadmodum
1454 1556 1557 1587 neque
1587 1550 1696 1576 contra

240 1599 326 1640 leges
351 1600 426 1630 alias
453 1601 619 1641 quicquam
644 1601 746 1631 facere
777 1601 863 1633 licet.
888 1602 940 1642 qui
956 1608 1055 1643 paret,
1071 1601 1224 1632 indemnis
1240 1602 1331 1632 abeat
1347 1613 1352 1630 :
1378 1611 1450 1631 eum
1464 1610 1549 1636 vero,
1563 1600 1616 1640 qui
1632 1610 1697 1630 11011

239 1653 474 1694 obtemperavit,
489 1653 753 1695 quemadmodum
770 1656 864 1695 paulo
879 1664 951 1685 ante
968 1656 1083 1686 dictum
1096 1661 1154 1690 est,
1169 1657 1270 1696 legum
1284 1654 1430 1686 custodes
1441 1653 1693 1695 sacerdotesque,

239 1710 303 1736 tam
319 1707 463 1738 mulieres
476 1718 569 1749 quam
583 1708 653 1747 viri,
666 1709 807 1748 puniant.
831 1708 886 1739 scd
901 1710 967 1740 hrec
983 1709 1109 1750 quidem
1125 1710 1169 1740 ita
1183 1720 1215 1740 se
1228 1708 1372 1739 habeant.
1395 1707 1472 1738 Cu.
1494 1707 1546 1738 Ita
1559 1717 1698 1748 prorsus.

240 1759 378 1792 Arnus.
403 1761 569 1798 Quomodo
583 1767 689 1792 autem
703 1763 825 1803 legibus
841 1764 906 1793 haec
921 1764 1073 1805 quispiam
1089 1764 1132 1793 ita
1148 1764 1277 1798 sauciet,
1295 1768 1329 1792 ut
1344 1761 1494 1792 ridiculus
1508 1771 1570 1792 nou
1585 1761 1695 1791 videa-

238 1815 308 1844 tur?
332 1806 419 1855 atqui
443 1816 486 1845 ita
510 1815 751 1847 consideremus.
773 1817 944 1847 tutissimus
972 1816 1012 1846 ad
1041 1818 1106 1847 liaec
1136 1817 1208 1846 milii
1225 1816 1332 1847 modus
1345 1815 1478 1852 videtur,
1492 1820 1528 1845 ut
1541 1814 1696 1856 imagines

239 1868 389 1907 quasdam
417 1870 557 1899 oratione
584 1870 758 1910 fingamus:
785 1882 913 1912 quarum
937 1881 1032 1901 unam
1053 1872 1133 1901 113116
1164 1881 1230 1901 esse
1247 1870 1330 1901 dico.
1373 1869 1540 1900 sacrificiis
1554 1867 1643 1899 factis
1657 1872 1692 1898 et

237 1921 369 1952 victimis
393 1933 429 1952 ex
460 1923 528 1963 lege
555 1924 698 1964 perustis,
726 1925 855 1956 accedet
881 1925 1022 1965 privatim
1051 1925 1206 1966 quispiam
1223 1924 1261 1954 ad
1279 1933 1362 1954 aram
1377 1932 1533 1963 sacraque,
1548 1921 1693 1951 filiusaut

238 1973 342 2012 frater,
368 1977 421 2017 qui
444 1977 653 2008 miserabilem
676 1988 796 2019 prorsus
819 1985 850 2008 et
874 1979 997 2008 noxiam
1013 1978 1183 2009 orationem
1199 1978 1320 2013 fundat,
1336 1986 1440 2007 nonne
1456 1975 1597 2006 dicemus
1609 1976 1692 2006 hunc

239 2029 319 2067 patri
346 2035 378 2059 et
404 2031 466 2060 suis
490 2031 570 2060 10316
596 2031 764 2061 ominatum
791 2032 907 2062 fuisse?
954 2033 1030 2063 Cm.
1053 2032 1201 2063 Dicemus
1230 2042 1316 2062 sane.
1361 2030 1499 2061 Aruns.
1522 2030 1562 2060 Iu
1577 2029 1696 2060 nostris

236 2082 412 2113 civitatibus
428 2084 523 2114 fermo
539 2085 693 2120 omnibus,
707 2091 742 2114 ut
759 2086 891 2115 breviter
907 2085 1020 2120 dicam,
1046 2086 1103 2117 hoc
1127 2086 1170 2116 ita
1195 2085 1239 2116 fit.
1262 2095 1332 2115 nam
1359 2089 1565 2125 posteaquam
1579 2083 1693 2124 magis·

236 2140 332 2166 iratus
355 2137 506 2178 quispiam
531 2138 655 2178 publice
679 2149 764 2168 sacra
787 2139 872 2174 fecit,
897 2150 958 2169 11011
982 2150 1074 2174 uuus,
1098 2139 1152 2170 sed
1175 2140 1265 2169 multi
1288 2138 1389 2169 solent
1411 2137 1495 2168 chori
1510 2136 1690 2167 convenire.

237 2190 291 2230 qui
321 2202 389 2221 611111
416 2201 512 2231 propo
543 2201 609 2221 aras
636 2192 786 2227 steterint,
812 2193 993 2222 111iseruudis
1019 2193 1145 2223 vocibus
1172 2204 1233 2222 rem
1251 2202 1368 2222 sacram
1385 2194 1550 2220 temerant.
1573 2189 1692 2230 quippe

235 2243 334 2273 verbis
357 2245 553 2285 numen'sque
575 2250 607 2275 et
632 2245 834 2275 concentibus
861 2245 1013 2276 flebilibus
1035 2246 1229 2276 audientium
1254 2245 1395 2275 inficiunt
1423 2244 1565 2274 animos:
1589 2248 1622 2273 et
1637 2244 1692 2284 qui

233 2299 355 2328 1111113111
383 2300 421 2328 ad
453 2298 595 2329 lacrimas
620 2300 833 2330 vehementius
860 2306 1048 2334 commovet,
1071 2300 1206 2330 victoriae
1233 2300 1259 2329 is
1273 2298 1399 2339 praemia
1414 2297 1517 2328 refert.
1541 2298 1621 2327 hanc
1634 2306 1693 2327 nos

235 2354 337 2392 legem
365 2362 467 2382 nonne
492 2352 704 2393 abrogabimus
719 2353 728 2382 ?
753 2359 784 2382 et
812 2354 837 2382 si
861 2354 1020 2394 querulam
1036 2353 1206 2383 orationem
1223 2352 1320 2382 audiri
1337 2363 1355 2381 a
1369 2351 1487 2382 civibus
1503 2350 1690 2392 quandoque

233 2410 385 2444 oporteat,
401 2416 466 2436 non
481 2405 591 2435 faustis
606 2405 775 2436 divinarum
791 2407 1020 2437 solemnitatum
1037 2406 1157 2441 diebus,
1174 2407 1228 2437 sed
1245 2406 1375 2436 nefastis
1389 2405 1506 2446 potius,
1521 2404 1690 2436 convenire

236 2458 374 2489 dicemus
390 2458 399 2488 ?
425 2464 498 2489 tunc
523 2465 607 2495 cant,
631 2460 656 2489 si
671 2461 786 2500 placet,
801 2461 928 2501 praemio
945 2460 1090 2491 conducti
1107 2460 1191 2491 chori
1207 2460 1388 2500 externique
1404 2464 1556 2498 cantores,
1577 2467 1688 2499 quem·

235 2512 403 2542 admodum
427 2512 459 2542 iu
483 2512 640 2543 funeribus
664 2513 730 2543 fieri
756 2514 906 2549 videmus,
924 2515 975 2544 ubi
989 2514 1115 2555 quidam
1131 2513 1273 2545 mercede
1289 2512 1434 2544 conducti
1451 2511 1574 2543 Caricae
1589 2510 1692 2551 gentis

234 2565 331 2595 instar
346 2566 456 2596 misere
473 2566 650 2597 defunctum
668 2567 768 2608 ipsum
785 2567 959 2608 deplorant.
981 2569 1038 2598 hoc
1063 2575 1144 2598 certe
1169 2567 1345 2609 hujusmodi
1361 2566 1503 2597 cantibus
1520 2564 1688 2595 convenire

234 2618 376 2649 videtur:
402 2629 528 2660 eosque,
552 2630 624 2650 cnm
645 2620 765 2651 flebiles
788 2621 947 2661 moestique
972 2621 1043 2656 sint,
1068 2622 1204 2662 lugubris
1227 2630 1350 2662 quoque
1377 2619 1484 2654 vestis,
1505 2622 1541 2648 ut
1553 2617 1690 2648 breviter

233 2670 346 2706 dicam,
373 2682 433 2701 non
460 2683 582 2702 coronae
607 2683 710 2714 neque
740 2679 864 2704 ornatus
891 2674 975 2704 aurei
1001 2674 1125 2706 decent.
1148 2675 1243 2716 igitur
1268 2685 1286 2704 3
1310 2672 1398 2704 nobis
1425 2671 1501 2713 ipsis
1515 2671 1574 2702 boc
1590 2681 1692 2702 rursus

234 2725 371 2764 exquiro,
396 2731 498 2755 utrum
523 2726 652 2766 primam
684 2728 763 2758 113116
786 2727 951 2768 imaginem
968 2728 1091 2768 placeat
1105 2728 1247 2760 cantibus
1261 2725 1411 2758 adhiberi.
1457 2724 1532 2756 Cn.
1554 2723 1656 2761 Quam
1677 2723 1689 2752 ?

234 2776 371 2809 Arum.
398 2778 530 2815 Bonum,
548 2779 685 2820 inquam,
709 2791 809 2816 omen,
840 2781 1002 2823 ipsumque
1018 2788 1165 2813 cantuum
1181 2792 1277 2823 genus
1291 2789 1413 2820 semper
1429 2778 1459 2808 in
1473 2776 1690 2809 benedicendo

232 2839 266 2860 ct
280 2831 408 2861 feliciter
423 2832 589 2863 ominando
605 2841 756 2867 versetur.
782 2835 878 2876 [801]
904 2846 943 2866 an
961 2837 1037 2866 sorte
1052 2836 1128 2866 nihil
1144 2834 1400 2876 interrogandum
1415 2832 1424 2861 ἓ
1449 2831 1504 2863 sed
1520 2841 1686 2873 aspergen-

233 2884 306 2916 dum
331 2884 364 2916 id
391 2886 492 2926 potius
521 2891 551 2917 ct
579 2889 805 2921 :ant-iendum?
851 2889 926 2921 Cti.
962 2891 1062 2922 Immo
1089 2901 1159 2922 vcro
1189 2887 1391 2921 sanciendum
1411 2895 1541 2927 prorsus.
1563 2885 1687 2918 cuncti·
