1840 3225
165 215 235 266 33]
750 211 1036 251 PHILEBUS.
1587 215 1634 253 15

162 328 202 349 an
228 317 308 349 forte
334 317 547 348 disserendum
571 320 631 352 est,
654 320 792 353 rectene,
816 316 864 346 vel
890 326 967 357 non,
992 316 1052 346 ista
1079 315 1245 347 dicantur?
1292 317 1380 348 Pno.
1407 316 1631 350 Disserendum

161 372 288 414 quidem
303 383 370 403 mea
385 371 552 402 sententia.
578 369 653 413 [37]
679 370 734 401 So.
757 369 996 410 Distinguamus
1014 370 1107 411 igitur
1120 371 1308 406 evidentius,
1322 371 1406 412 quod
1421 372 1514 401 modo
1527 373 1567 403 de
1579 384 1632 403 vo-

162 427 283 468 luptate
299 432 393 468 atque
409 426 558 467 opinione
581 425 699 455 dictum
717 430 776 457 est.
824 424 921 455 Estne
945 424 1062 465 aliquid
1091 426 1175 465 apud
1193 425 1334 456 homines
1351 426 1496 467 opinari?
1542 426 1630 459 Pno.

161 480 230 513 Est.
276 481 331 513 So.
354 479 395 510 Et
412 479 531 510 laetari?
577 480 665 510 Pno.
689 479 730 510 Et
748 479 854 511 laetari,
900 479 956 509 So.
981 478 1067 515 Quin
1084 484 1116 509 et
1139 480 1288 519 opinione
1307 486 1494 522 conceptum
1511 482 1629 522 aliquid

158 535 228 566 est?
275 535 363 567 Pno.
386 535 450 566 Cui·
476 534 561 564 non?
605 534 663 565 So.
687 533 728 563 Et
754 534 814 564 hoc
841 543 904 574 quo
932 533 1071 573 gaudens
1100 533 1239 573 gaudet?
1288 534 1374 566 Pno.
1399 535 1526 566 Ethoc.
1573 537 1629 569 So.

160 589 224 626 Qui
241 589 398 630 opinatur,
417 589 480 619 sive
497 594 579 620 recte
597 599 649 618 seu
669 598 731 618 non
749 594 833 618 recte
857 587 1013 628 opinetur,
1038 587 1138 628 ipsum
1156 592 1258 618 tamen
1276 589 1360 629 quod
1378 599 1482 620 revera
1499 595 1546 620 est
1561 591 1629 631 opi-

158 642 237 680 nari,
253 653 316 672 non
335 642 446 683 perdit.
491 642 575 673 PRo.
600 641 674 678 Quo
691 641 773 672 enim
791 642 909 673 modo?
955 641 1008 672 So.
1033 640 1185 672 Gaudens
1200 641 1306 678 etiam,
1320 642 1385 673 sive
1397 649 1478 674 recte
1495 646 1631 685 gaudeat

157 697 223 728 sive
238 707 315 733 non,
341 696 444 738 ipsum
471 700 574 727 tamen
602 696 690 738 quod
717 707 822 727 revera
851 696 986 737 gaudere
1010 701 1069 737 est,
1086 696 1169 726 haud
1185 696 1310 728 amittit.
1358 697 1445 729 Pno.
1476 697 1576 729 Immo
1600 703 1633 729 et

156 751 225 782 haec
238 751 282 782 ita
299 762 330 781 se
346 751 472 782 habent.
517 751 572 782 So.
598 751 671 787 Quo
696 750 790 791 igitur
814 757 908 791 pacto
932 750 1042 792 opinio
1059 761 1130 781 vera
1145 755 1177 781 et
1198 750 1275 781 falsa
1292 751 1336 786 fit,
1353 751 1498 792 voluptas
1514 753 1630 783 solum-

158 805 252 836 modo
278 815 372 836 vera:
397 815 468 836 cum
496 810 600 836 tamen
625 805 747 846 opinari
775 816 846 835 vere
872 810 967 846 atque
996 804 1094 835 laetari
1120 810 1251 846 utraque
1275 805 1415 836 similiter
1430 807 1630 847 acceperint?

155 859 242 890 Pno.
265 859 536 890 Considerandum
553 860 612 891 hoc
627 864 686 891 est.
730 860 788 891 So.
812 859 966 900 Nunquid
982 869 1019 890 ex
1036 870 1086 896 eo,
1102 859 1186 900 quod
1201 859 1343 900 opinioni
1355 871 1458 890 verum
1470 866 1502 891 et
1517 861 1628 892 falsum

154 913 256 944 indita
273 914 366 944 sunt?
391 924 450 945 nec
466 914 566 944 solum
583 915 623 945 ob
641 915 707 946 haec
723 914 831 954 opinio
848 914 930 944 facta
946 919 1004 955 est,
1018 914 1072 944 sed
1088 913 1188 954 qualis
1200 915 1344 955 quaedam
1355 914 1462 955 opinio
1476 916 1629 956 utraque?

152 968 255 999 hocne
279 967 538 999 considerandum
567 968 694 1009 inquis?
740 968 830 1000 Pno.
854 967 916 1000 Ita.
962 968 1019 1000 So.
1046 968 1201 999 Praeterea
1225 968 1476 1010 investigandum
1503 975 1562 1006 est,
1587 980 1626 1000 an

155 1021 301 1064 voluptas
316 1027 349 1053 et
377 1022 468 1052 dolor
491 1033 528 1053 ea
556 1023 624 1063 ipsa
639 1023 793 1053 duntaxat
815 1032 887 1063 quae
914 1027 988 1052 ÷unt
1011 1027 1226 1063 permaneant,
1249 1032 1409 1064 nunquam
1434 1033 1507 1053 vero
1524 1024 1629 1064 qualia

155 1077 298 1117 quaedam
322 1076 510 1108 efficiantur.
557 1077 647 1110 Pno.
669 1077 774 1108 Patet.
820 1077 876 1107 So.
901 1076 1018 1107 Verum
1043 1077 1285 1118 haudquaquam
1308 1077 1435 1108 difficile
1458 1082 1516 1114 est,
1539 1078 1625 1120 quod

153 1130 259 1172 qualia
273 1131 417 1172 quaedam
432 1131 521 1168 fiant,
537 1131 701 1172 inspicere.
722 1130 910 1172 jampridem
927 1131 1150 1169 concessimus,
1165 1130 1341 1172 voluptates
1352 1136 1446 1172 atque
1458 1132 1627 1170 molestias,

153 1194 282 1226 magnas
297 1190 330 1216 et
345 1195 468 1226 parvas,
484 1186 683 1216 vehementes
706 1185 910 1226 remissasque
934 1185 1010 1217 fieri.
1057 1185 1144 1216 Pno.
1168 1185 1400 1218 Concessimus.
1446 1186 1502 1218 So.
1528 1187 1625 1223 Quod

151 1238 178 1269 si
194 1239 244 1270 cui
259 1249 297 1270 ex
322 1239 358 1269 iis
375 1238 510 1279 pravitas
526 1238 706 1279 adjiciatur,
723 1249 848 1280 pravam
872 1238 915 1269 sic
932 1238 1127 1279 opinionem,
1152 1249 1276 1280 pravam
1301 1239 1411 1270 itidem
1428 1240 1621 1281 voluptatem

149 1292 230 1323 effici
247 1292 476 1324 confitebimur.
522 1293 609 1324 Pno.
635 1293 721 1330 Quid
738 1292 906 1333 prohibet?
952 1292 1005 1324 So.
1032 1292 1119 1329 Quid
1137 1292 1164 1322 si
1180 1293 1346 1328 rectitudo,
1372 1293 1420 1323 vel
1437 1294 1624 1325 contrarium

148 1346 358 1388 rectitudinis,
374 1347 483 1377 horum
499 1347 645 1388 cuiquam
662 1348 877 1384 admoveatur,
894 1357 967 1377 num
984 1352 1099 1377 rectam
1117 1346 1310 1388 opinionem,
1323 1357 1393 1388 quae
1405 1347 1622 1378 rectitudinem

149 1401 258 1443 subiit,
273 1400 518 1442 acvoluptatem
535 1401 676 1432 similiter
691 1401 946 1443 appellabimus?
991 1400 1080 1432 Pno.
1105 1400 1292 1432 Necessario
1309 1401 1458 1442 sequitur.
1504 1402 1559 1434 So.
1581 1402 1624 1432 Et

148 1455 174 1486 si
190 1456 275 1497 quod
303 1454 454 1497 opinione
470 1456 746 1498 comprehenditur
761 1456 802 1487 sit
826 1456 933 1497 fallax,
948 1466 1054 1486 nonne
1078 1455 1259 1497 opinionem
1283 1455 1392 1486 falsam
1410 1456 1513 1497 potius
1529 1467 1623 1498 quam

143 1515 260 1542 rectam
278 1510 480 1541 vocabimus?
526 1510 614 1542 Pno.
639 1510 751 1543 Immo.
799 1510 855 1542 So.
878 1510 959 1542 Item
979 1510 1005 1541 si
1023 1510 1217 1551 voluptatem
1244 1509 1292 1540 vel
1311 1510 1450 1541 dolorem
1474 1511 1555 1542 circa
1579 1511 1622 1548 id,

146 1575 209 1607 quo
227 1566 398 1606 gaudemus
414 1564 462 1596 vel
477 1564 630 1606 angimur,
647 1566 786 1596 aberrare
809 1575 983 1601 cernamus,
1006 1575 1081 1595 num
1096 1570 1211 1596 rectam
1227 1570 1283 1595 aut
1299 1565 1412 1595 bonam
1429 1565 1624 1606 voluptatem

146 1619 299 1660 dicemus,
329 1624 384 1650 aut
406 1618 512 1660 aliquo
537 1619 684 1660 praeclaro
708 1620 837 1651 nomine
860 1619 1107 1650 honorabimus?
1152 1619 1242 1651 Pno.
1267 1618 1313 1649 At
1351 1619 1383 1649 id
1409 1619 1475 1649 fieri
1497 1619 1620 1660 nequit,

144 1673 171 1704 si
195 1673 324 1715 quidem
349 1673 496 1715 voluptas
518 1673 589 1716 ipsa
605 1674 782 1716 delinquat.
829 1674 885 1705 So.
908 1674 1131 1705 Verumtamen
1155 1683 1370 1715 saepenumero
1394 1674 1485 1705 nobis
1509 1674 1622 1715 volup-

145 1732 192 1758 tas
223 1738 286 1758 non
318 1738 356 1758 ex
386 1727 538 1768 opinione
560 1728 639 1759 falsa
668 1729 813 1760 exoritur.
860 1729 949 1760 Pno.
972 1728 1088 1760 Procul
1113 1728 1222 1759 dubio.
1256 1732 1394 1759 attamen
1425 1727 1622 1770 opinionem,

147 1792 166 1812 o
203 1781 358 1819 Socrates,
397 1780 473 1824 [38]
512 1781 707 1823 ejuscemodi
744 1783 853 1813 salsam
884 1783 1039 1814 dicimus:
1071 1782 1266 1824 voluptatem
1291 1792 1363 1813 vero
1395 1782 1494 1823 ipsam
1528 1793 1621 1813 nemo

144 1835 254 1877 utique
269 1836 377 1867 falsam
394 1835 622 1868 denominaret.
646 1837 703 1869 So.
721 1837 872 1879 Prompte
888 1837 1030 1873 nimium,
1047 1848 1066 1867 o
1081 1837 1265 1874 Protmclre,
1280 1836 1452 1877 voluptatis
1468 1836 1620 1867 rationem

144 1890 176 1922 in
201 1891 366 1932 praesentia
388 1891 494 1924 tueris.
539 1891 628 1922 Pno.
651 1891 810 1922 Minime:
835 1902 940 1922 verum
964 1902 1035 1933 quae
1058 1892 1165 1928 audio,
1189 1891 1309 1932 loquor.
1354 1890 1412 1920 So.
1435 1889 1577 1925 Nihilne,
1601 1901 1620 1920 ο

144 1946 257 1984 amice,
273 1946 357 1987 apud
373 1956 430 1976 nos
445 1945 551 1977 differt
580 1947 724 1987 voluptas
740 1947 779 1977 ab
806 1946 957 1988 opinione
982 1951 1067 1977 recta
1083 1945 1277 1987 scientiaque
1300 1944 1511 1986 proficiscens,
1527 1945 1566 1974 ab
1583 1955 1621 1975 ea

143 2010 214 2042 quae
230 1999 338 2031 falsam
354 2000 536 2042 opinionem
576 2005 610 2031 et
631 2000 836 2042 ignorantiam
853 2000 1016 2042 sequitur?
1063 2000 1151 2032 Pno.
1178 1999 1433 2030 Consentaneum
1457 2003 1516 2039 est,
1539 1999 1623 2029 haud

144 2053 230 2085 brevi
246 2055 382 2096 quodam
399 2055 562 2086 intervallo
579 2055 707 2087 distare.
752 2056 809 2087 So.
834 2055 951 2087 Verum
966 2055 1006 2086 ad
1023 2055 1105 2086 hanc
1120 2054 1221 2096 ipsam
1233 2053 1412 2084 distantiam
1426 2059 1619 2094 perscrutan-

143 2108 214 2139 dam
225 2108 440 2140 deveniamus.
487 2109 574 2142 Pno.
600 2109 674 2140 Duc
686 2120 830 2151 age,qua
844 2109 941 2141 lubet.
986 2109 1042 2142 So.
1065 2108 1149 2140 Ecce
1165 2109 1224 2139 hac
1236 2113 1264 2139 te
1278 2108 1373 2140 duco,
1421 2107 1508 2139 Pno.
1532 2107 1620 2143 Qua-

142 2163 238 2193 nam?
283 2162 338 2196 So.
361 2162 482 2204 Opinio
506 2164 650 2205 quaedam
668 2175 739 2195 vera
762 2169 820 2201 est,
837 2167 980 2206 quaedam
998 2164 1086 2195 falsa.
1133 2164 1220 2195 Pno.
1244 2162 1312 2195 Est.
1357 2162 1413 2194 So.
1437 2161 1505 2192 Has
1520 2171 1620 2202 saepe-

143 2227 272 2248 numero
287 2217 432 2258 voluptas
455 2217 608 2259 dolorque
633 2218 787 2260 sequitur.
832 2218 920 2251 Pno.
944 2218 1104 2259 Sequitur.
1149 2217 1206 2249 So.
1229 2216 1284 2248 An
1310 2227 1374 2247 non
1400 2227 1436 2247 ex
1461 2226 1555 2247 sensu
1582 2226 1618 2246 ae

141 2271 289 2302 memoria
305 2271 338 2302 in
353 2272 442 2303 nobis
459 2272 567 2313 opinio
584 2272 732 2310 nascitur,
746 2272 844 2314 fitque
858 2278 891 2303 nt
907 2273 1057 2314 opinione
1073 2282 1127 2314 pro
1139 2271 1265 2302 arbitrio
1278 2270 1486 2302 disseramus?
1531 2269 1622 2301 Pno.

142 2325 321 2367 Praecipue.
366 2326 424 2357 So.
447 2326 565 2357 Nonne
593 2326 636 2358 sic
662 2327 745 2358 circa
770 2327 832 2358 ista
855 2337 912 2358 nos
935 2327 1048 2358 habere
1066 2325 1268 2368 putandum?
1314 2324 1402 2356 Pno.
1426 2323 1618 2360 Quomodo?

140 2378 198 2410 So.
222 2379 393 2416 Paterisne,
417 2389 644 2421 nonnunquam
671 2381 828 2412 hominem
853 2381 961 2423 procul
986 2381 1091 2422 aliqua
1113 2380 1242 2412 confuse
1259 2379 1516 2421 prospicientem,
1538 2377 1619 2409 velle

142 2432 254 2464 clarius
281 2432 407 2474 objecta
429 2433 627 2465 discernere?
675 2435 764 2467 Pno.
787 2435 900 2466 Fateor
923 2434 1083 2476 equidem.
1127 2434 1183 2465 So.
1208 2433 1238 2464 Is
1265 2433 1359 2473 igitur
1380 2432 1425 2464 sic
1451 2442 1469 2463 a
1493 2442 1525 2463 se
1549 2432 1619 2473 ipso

140 2486 375 2528 quodammodo
391 2487 613 2519 sciscitabitur.
646 2485 733 2520 Pno.
750 2488 823 2526 Quo
839 2495 933 2530 pacto
949 2488 1077 2530 inquis?
1113 2487 1169 2519 So.
1187 2486 1347 2524 Quidnam
1363 2485 1441 2517 illud
1459 2490 1518 2522 est,
1531 2485 1618 2527 quod

137 2539 231 2581 juxta
247 2551 355 2572 saxum
373 2541 430 2571 sub
458 2542 566 2573 arbore
582 2543 690 2584 procul
705 2543 861 2585 apparet?
907 2542 962 2573 An
977 2543 1044 2573 baec
1060 2541 1115 2573 ille
1138 2541 1273 2582 proferre
1290 2549 1393 2571 secum
1412 2539 1468 2570 tibi
1483 2539 1618 2576 videtur,

137 2594 212 2625 dum
236 2594 391 2636 ejusmodi
417 2596 564 2637 quaedam
589 2597 712 2638 aspicit,
741 2597 920 2638 cujusmodi
943 2596 1003 2627 sibi
1028 2595 1219 2638 quandoque
1247 2594 1482 2635 apparuerunt?
1530 2594 1619 2626 Pno-

137 2649 259 2686 Quidni
275 2649 286 2680 ?
331 2650 389 2681 So.
413 2649 552 2686 Deinde,
570 2651 668 2682 veluti
685 2652 744 2682 sibi
761 2652 821 2693 ipsi
849 2651 1054 2693 respondens,
1071 2650 1175 2681 Homo
1191 2649 1245 2681 ille
1261 2653 1321 2686 est,
1344 2647 1458 2689 inquit,
1474 2648 1505 2678 id
1529 2647 1619 2689 quasi

137 2703 301 2735 veritatem
323 2709 496 2736 assecutus.
544 2704 631 2738 Pno.
655 2705 821 2738 Nimirum.
866 2706 922 2737 So.
946 2705 1067 2737 Rursus
1096 2705 1175 2736 forte
1204 2708 1324 2734 mutata
1353 2702 1507 2733 sententia
1537 2713 1618 2743 opus

148 2758 308 2799 quoddam
325 2769 343 2789 a
369 2759 545 2801 pastoribus
562 2759 745 2790 fabricatum
762 2771 830 2792 esse
853 2761 973 2792 asserit.
1019 2760 1108 2791 Pno.
1132 2758 1284 2790 Maxime.
1331 2757 1387 2788 So.
1410 2756 1484 2792 llic,
1500 2755 1525 2786 si
1549 2756 1618 2796 quis

141 2810 187 2841 illi
203 2812 296 2849 adsit,
312 2823 383 2854 quae
399 2812 502 2844 animo
518 2824 624 2845 secum
647 2814 716 2856 ipse
732 2815 870 2846 volverat
885 2816 918 2846 in
939 2825 1046 2846 vocem
1063 2814 1210 2854 fundens,
1225 2812 1335 2843 eadem
1353 2820 1455 2842 rursus
1471 2809 1618 2850 praesenti

137 2865 256 2897 diceret
272 2878 278 2896 ε
304 2877 342 2898 ac
357 2877 456 2897 sermo
475 2872 551 2898 tunc
569 2867 670 2910 fieret,
686 2869 772 2910 quod
788 2873 861 2900 ante
879 2868 1061 2910 opinionem
1079 2866 1268 2899 vocavimus.
1293 2865 1380 2896 Pno.
1396 2863 1614 2894 Manifestum.

137 2918 193 2950 So.
221 2919 268 2951 At
282 2919 309 2952 si
324 2920 408 2953 solus
424 2920 476 2964 sit,
493 2922 552 2955 hoc
569 2922 651 2954 idem
668 2933 772 2956 secum
797 2924 864 2967 ipse
881 2928 1036 2966 repetens,
1062 2932 1241 2964 quanquam
1265 2921 1391 2961 longum
1416 2924 1537 2958 tempus
1553 2926 1616 2948 scr-
