1840 3225
85 246 186 299 463]
218 305 223 309 ἱ
510 248 582 285 DE
612 246 919 285 REPUBLICA
951 247 1048 285 LlB.
1082 247 1128 286 V.
1483 246 1557 284 155

85 357 150 391 quo
167 353 269 390 patres
284 348 420 391 ipsorum
437 354 611 391 matresque
626 349 758 380 invicem
775 349 978 391 generabant,
995 350 1101 381 fratres
1118 356 1212 392 atque
1224 359 1354 381 sorores.
1378 354 1472 390 atque
1496 349 1551 387 ita,

83 402 272 443 quodmodo
283 404 438 441 dicebam,
450 403 537 433 nullo
549 404 641 433 modo
655 414 687 434 se
705 408 1002 444 mutuotangerent.
1018 403 1162 434 fratribus
1174 409 1277 434 autem
1287 408 1319 435 et
1330 404 1485 434 sororibus
1501 403 1551 434 lex

85 456 349 488 cohabitationem
375 457 539 492 concedet,
564 456 592 486 si
608 467 672 487 sors
687 457 810 487 dederit
837 457 998 498 ethtliia
1025 457 1113 487 simul
1131 468 1187 498 per
1201 467 1347 498 responsa
1375 457 1552 492 firmaverit.

85 508 202 541 Guu.
216 509 328 542 *Recte
341 511 523 541 admodum.
566 511 623 541 So.
646 510 730 541 Talis
746 511 855 552 utique
871 511 940 551 erit,
962 521 981 542 o
1004 510 1138 546 Glauco,
1154 511 1236 542 inter
1248 511 1384 542 civitatis
1400 511 1549 542 custodes

86 562 247 594 mulierum
257 564 462 605 -tiliorumque
475 564 666 596 communio.
689 565 774 606 quod
791 569 894 595 autem
909 570 1060 606 congruat
1075 565 1193 606 reliquo
1214 564 1351 600 civitatis
1368 565 1479 602 ordini,
1494 565 1551 595 sit-

83 625 146 657 que
161 618 329 652 admodum
355 619 486 660 optima,
502 623 626 660 oportet
648 619 798 660 deinceps
815 619 933 649 ratione
956 629 1102 650 asserere.
1125 629 1165 649 an
1180 618 1257 660 quid
1272 619 1422 659 agemus?
1446 620 1546 661 [462]

85 669 201 702 Guu.
220 671 296 703 Hoc
318 672 458 704 omnino.
502 673 558 703 So.
581 673 636 703 An
659 683 721 703 non
750 673 968 706 conventionis
993 672 1087 714 hujus
1112 673 1173 704 hoc
1197 677 1246 704 est
1268 673 1465 714 principium,
1484 678 1551 703 uta

85 724 265 766 nobisipsis
280 725 482 768 sciscitemur,
498 727 574 768 quid
594 727 758 757 maximum
777 728 892 757 bonum
916 727 955 757 ad
973 726 1108 758 civitatis
1130 726 1550 758 constitutioneminvenia-

83 787 164 814 mus,
179 778 218 808 ad
235 780 319 820 quod
336 780 503 821 respiciens
518 780 781 822 legislatorleges
805 782 940 812 condere
965 781 1072 821 debet,
1089 781 1205 822 quidve
1229 781 1393 810 maximum
1411 780 1550 810 malum?

83 831 315 864 consideremus
328 834 457 869 deinde,
473 845 512 864 an
529 844 578 871 ea,
591 845 662 876 quae
680 835 772 865 modo
789 836 990 870 narravimus,
1016 835 1055 864 ad
1073 834 1146 864 boni
1169 834 1265 875 ipsius
1279 834 1443 875 vestigium
1459 834 1550 864 nobis

81 885 281 922 conveniant,
297 897 315 917 a
329 888 399 918 mali
415 894 518 918 autem
534 889 665 929 vestigio
680 889 852 919 dissonent.
886 889 1001 922 Gaio.
1025 889 1166 919 Maxime
1180 888 1330 918 omnium.
1362 888 1418 919 So.
1443 887 1550 918 Habe-

85 947 194 970 musne
211 940 307 971 ullum
324 941 530 982 perniciosius
545 942 665 974 civitati
681 943 808 985 malum,
824 954 917 985 quam
940 944 1024 985 quod
1042 953 1110 974 eam
1133 942 1247 973 dividit
1267 947 1299 972 et
1314 952 1350 972 ex
1367 952 1430 972 una
1445 941 1551 983 plures

84 992 184 1024 facit?
206 994 256 1025 vel
272 996 380 1026 melius
396 997 562 1038 quicquam
586 1009 635 1035 eo,
652 999 737 1039 quod
762 998 859 1039 ipsam
875 998 973 1028 vincit
995 997 1087 1028 simul
1103 1003 1136 1028 et
1158 1007 1252 1027 unam
1269 996 1387 1027 efficit?
1434 995 1553 1028 Graiu.

81 1045 158 1077 Non
174 1048 333 1080 habemus-
377 1050 435 1083 So.
461 1051 578 1081 Nonne
605 1052 774 1094 voluptatis
799 1051 976 1093 dolorisque
1002 1051 1182 1082 communio
1210 1050 1289 1086 unit,
1315 1049 1443 1091 quando
1466 1049 1550 1080 cives

82 1110 191 1132 omnes
206 1103 339 1134 maxime
355 1114 391 1135 ex
407 1106 576 1136 earundem
592 1116 690 1136 rerum
715 1116 841 1136 accessu
867 1106 914 1136 vel
932 1106 1062 1137 decessu
1079 1105 1192 1146 pariter
1208 1105 1348 1146 gaudent
1361 1114 1400 1134 ac
1414 1102 1549 1134 dolent?

82 1154 196 1187 GLAu.
214 1155 263 1186 -Et
291 1158 423 1193 maxime
448 1159 587 1200 quidem.
632 1160 690 1191 So.
713 1160 834 1190 Horum
858 1170 931 1190 vero
958 1159 1118 1190 diversitas
1146 1169 1214 1189 eam
1240 1156 1394 1194 dissolvit,
1418 1157 1548 1198 quando

81 1207 198 1239 eisdem
215 1209 349 1241 civitatis
362 1217 395 1241 et
410 1222 529 1252 eorum,
544 1213 598 1254 qui
624 1213 656 1243 in
671 1212 800 1244 civitate
827 1218 910 1249 sunt,
925 1213 1047 1243 casibus
1070 1213 1122 1243 alii
1146 1213 1343 1243 veliementer
1358 1211 1478 1247 dolent,
1495 1209 1551 1241 alii

81 1261 229 1301 gestiunt.
275 1262 390 1295 Guu.
415 1265 560 1302 Quidni?
606 1266 662 1298 So.
687 1266 734 1296 Ex
760 1266 821 1297 hoc
844 1273 948 1297 autem
975 1266 1037 1296 tale
1063 1266 1138 1307 quid
1164 1266 1319 1307 provenit,
1341 1265 1469 1306 quando
1485 1274 1550 1294 non

84 1314 174 1346 simul
190 1316 223 1346 in
250 1316 378 1349 civitate
401 1319 468 1350 haec
483 1321 575 1350 verba
599 1320 776 1362 vulgantur,
793 1331 895 1351 meum
921 1320 1041 1351 scilicet
1065 1327 1097 1351 et
1113 1331 1177 1350 non
1192 1330 1315 1358 meum3
1339 1329 1376 1350 ac
1392 1320 1431 1349 de
1446 1319 1550 1349 alieno

79 1370 190 1402 eodem
215 1373 320 1403 modo.
366 1373 482 1405 Guu.
507 1374 622 1405 Valde.
667 1374 725 1405 So.
748 1374 786 1404 In
812 1384 1000 1415 quacunque
1026 1373 1121 1415 igitur
1141 1374 1267 1405 civitate
1289 1372 1486 1413 complurimi
1509 1373 1550 1402 ad

80 1422 165 1454 idem
180 1426 352 1457 secundum
376 1428 485 1458 eadem
508 1428 569 1459 hoc
596 1428 717 1464 dicunt,
745 1439 846 1459 meum
871 1434 903 1458 et
929 1438 992 1458 non
1016 1439 1129 1464 meum,
1154 1438 1192 1459 ea
1214 1428 1333 1468 optimc
1349 1427 1550 1468 gubernatur.

81 1477 197 1510 GLAU.
220 1480 358 1513 Prorsus.
403 1482 458 1514 So.
484 1482 526 1512 Et
541 1492 737 1524 quaecunque
750 1493 844 1524 quam
863 1482 1000 1523 proxime
1016 1487 1049 1512 ut
1066 1493 1144 1513 unus
1161 1482 1253 1512 horno
1266 1481 1378 1512 affecta
1391 1481 1441 1515 sit.
1452 1490 1549 1522 <porro

81 1533 228 1573 quotiens
244 1533 377 1576 alicujus
393 1541 531 1566 nostrum
548 1546 711 1577 percussus
726 1542 775 1567 est
786 1536 915 1577 digituS‚
932 1542 999 1566 tota
1013 1536 1149 1577 corporis
1165 1535 1343 1566 communio
1360 1534 1399 1565 ad
1415 1534 1550 1564 animam

83 1587 263 1629 pertingens
279 1589 310 1619 in
326 1600 420 1620 unam
436 1590 705 1621 coordinationem
721 1589 804 1631 ejus,
817 1591 900 1631 quod
917 1591 950 1620 in
962 1590 1029 1631 ipsa
1043 1590 1146 1620 anima
1162 1588 1351 1625 dominatur,
1366 1588 1464 1619 sensit
1478 1598 1551 1628 pro·

82 1639 178 1679 tinus,
196 1647 323 1683 totaque
337 1643 428 1673 simul
444 1643 558 1674 afflicta
574 1649 660 1684 parte
675 1644 850 1678 condoluit.
873 1649 968 1684 atque
982 1643 1096 1675 iccirco
1112 1643 1268 1674 hominem
1293 1641 1400 1673 dolere
1415 1640 1549 1682 digitum

87 1693 232 1726 dicimus.
255 1697 429 1737 eademque
455 1702 504 1727 est
529 1698 568 1728 de
595 1697 704 1739 quavis
732 1696 793 1728 alia
816 1703 902 1739 parte
919 1704 951 1728 et
967 1698 1110 1739 passione
1126 1697 1260 1727 hominis
1275 1696 1366 1733 ratio,
1387 1696 1428 1726 de
1443 1694 1552 1725 doloro

82 1746 239 1785 videlicet,
266 1759 336 1780 cum
364 1761 433 1791 pars
455 1751 559 1793 aliqua
585 1752 683 1788 dolet,
707 1762 744 1782 ac
767 1752 807 1782 de
828 1752 1002 1793 voluptate,
1025 1762 1095 1783 cum
1120 1752 1224 1792 aliqua
1239 1750 1286 1782 sui
1303 1755 1390 1791 parte
1404 1747 1550 1780 reficitur.

82 1799 198 1832 Gau.
220 1802 339 1835 Eadem
366 1805 444 1836 ratio
470 1811 574 1837 certe:
600 1812 644 1842 et,
672 1807 756 1847 quod
785 1806 910 1848 quaeiis,
937 1806 1059 1842 civitas,
1083 1816 1154 1846 quae
1179 1805 1298 1846 optime
1313 1804 1439 1845 regitur,
1456 1795 1549 1843 quam

82 1856 221 1896 proxime
237 1858 274 1888 ad
288 1858 351 1889 hoc
367 1859 500 1891 accedit.
544 1861 606 1891 So.
629 1860 798 1897 Quotiens,
828 1866 862 1891 ut
885 1860 1025 1896 arbitror,
1042 1859 1155 1891 civium
1179 1857 1413 1900 cuiquam-boni
1429 1856 1550 1897 aliquid

83 1908 130 1939 vel
147 1910 221 1941 mali
247 1912 422 1954 continget,
449 1914 518 1944 talis
535 1914 643 1955 utique
657 1914 767 1945 civitas
784 1925 873 1944 suum
888 1925 955 1949 esse
979 1913 1125 1945 clamabit
1144 1924 1227 1948 eum,
1251 1912 1306 1954 qui
1330 1911 1373 1942 sic
1397 1909 1549 1941 afficitur:

80 1967 174 2004 atque
189 1965 262 1996 ideo
278 1971 343 1996 tota
357 1967 405 1997 vel
416 1967 577 1998 -laetabitur
593 1978 654 1998 una
676 1968 726 1998 vel
752 1968 881 1999 dolebit.
927 1967 1043 1999 Gmm.
1068 1967 1206 1998 Necesse
1229 1971 1288 2003 est,
1315 1965 1358 1995 ita
1372 1964 1405 1995 in
1421 1963 1549 2003 civitate

81 2018 343 2060 optimislegibus
359 2022 530 2062 gubernata
544 2021 720 2062 contingat.
768 2021 823 2052 So.
847 2021 909 2052 Sed
934 2022 1008 2051 hora
1019 2020 1085 2061 jam
1110 2025 1168 2056 est,
1191 2025 1226 2050 ut
1247 2019 1289 2049 ad
1304 2018 1461 2049 civitatem
1477 2027 1550 2047 nos-

81 2076 158 2102 tram
173 2073 346 2110 redeamus,
362 2080 394 2111 et
409 2085 478 2116 quae
495 2085 580 2106 nunc
596 2074 676 2106 inter
692 2085 748 2105 nos
763 2074 982 2110 constiterunt,
999 2074 1207 2115 exquiramus,
1225 2079 1324 2103 utrum
1340 2071 1460 2103 civitati
1475 2070 1550 2102 huic

82 2126 274 2158 conveniant
290 2128 431 2165 maxime,
447 2139 487 2160 an
503 2129 591 2166 alteri
607 2129 723 2170 potius.
769 2128 884 2160 Gmu.
907 2128 1001 2160 Licet
1017 2139 1150 2169 prorsus.
1170 2126 1274 2168 [463]
1299 2126 1355 2157 So.
1379 2125 1460 2156 Sunt
1472 2130 1505 2156 et
1517 2125 1552 2156 in

79 2180 148 2212 aliis
162 2182 339 2213 civitatibus
355 2183 512 2225 principes
526 2188 558 2214 et
575 2183 722 2225 populus,
735 2183 811 2214 etin
825 2183 885 2214 ista
899 2183 1061 2214 similiter?
1109 2182 1223 2214 GLAu.
1238 2181 1329 2212 Sunt.
1374 2180 1429 2212 So.
1446 2178 1550 2221 Atqui

82 2245 190 2266 omnes
215 2236 267 2266 isti
293 2236 377 2267 cives
402 2247 435 2268 se
458 2237 639 2268 alterutrum
665 2237 895 2278 appellabunt?
942 2236 1058 2268 Gau.
1083 2235 1231 2273 Quidni?
1275 2234 1328 2265 So.
1352 2235 1414 2265 Sed
1438 2239 1551 2275 praeter

80 2289 159 2320 civis
183 2300 310 2326 nomen,
337 2292 496 2332 quomodo
519 2291 551 2322 in
577 2292 647 2322 aliis
677 2291 857 2323 civitatibus
883 2292 1020 2333 populus
1036 2291 1194 2333 principes
1211 2290 1323 2320 vocat?
1370 2288 1488 2320 Guu.
1511 2287 1551 2318 In

81 2342 221 2383 pluribus
247 2345 372 2385 quidem
397 2346 564 2377 dominos:
590 2346 622 2376 in
654 2346 799 2388 populari
825 2352 929 2377 autem
960 2346 1184 2387 gubernatione
1211 2344 1380 2386 principes.
1424 2343 1481 2373 So.
1504 2341 1551 2373 At

79 2401 192 2427 nostrae
206 2397 340 2429 civitatis
356 2399 492 2440 populus
507 2401 667 2442 quomodo
682 2401 763 2431 ultra
777 2400 855 2431 civis
871 2411 985 2437 nornen
999 2400 1155 2441 principes
1169 2397 1387 2438 nuncupabit?
1434 2396 1550 2427 GLAu.

80 2451 258 2482 servatores
273 2452 523 2494 auxiliariosque.
567 2454 623 2485 So.
640 2453 714 2492 Quo
729 2459 833 2484 autem
850 2455 944 2484 modo
961 2454 1012 2484 isti
1031 2453 1205 2494 populum?
1251 2452 1367 2482 Gna-u.
1391 2449 1552 2480 Mercedis

80 2505 244 2536 tributores
259 2516 292 2537 er
304 2506 481 2538 nutritores.
525 2508 581 2539 So.
608 2508 672 2544 Qui
686 2507 803 2538 veroin
816 2508 884 2538 aliis
901 2512 1049 2549 praesunt,
1067 2506 1243 2548 populum?
1290 2504 1404 2535 GLau.
1427 2503 1550 2534 Servos.

80 2561 136 2593 So.
161 2560 323 2602 Principes
337 2562 400 2603 ipsi
417 2572 449 2592 se
464 2561 624 2593 invicem?
661 2561 776 2594 Guv.
800 2562 1040 2604 ConprincipeS.
1074 2561 1131 2592 So.
1154 2559 1264 2590 Nostri
1281 2559 1408 2590 autem?
1432 2557 1550 2589 GLAU.

83 2614 312 2647 concustodes.
355 2615 411 2646 So.
435 2615 532 2646 Putas
559 2626 626 2647 esse
647 2615 784 2657 aliquem
811 2617 892 2647 inter
916 2616 1044 2647 aliarum
1072 2615 1233 2646 civitatum
1259 2612 1428 2655 principes,
1444 2612 1498 2654 qui
1513 2622 1551 2642 ex

83 2668 214 2710 collegis
229 2669 323 2699 alium
339 2669 398 2700 sibi
412 2669 638 2711 propinquum,
655 2671 749 2700 alium
762 2677 943 2702 extraneum
957 2675 1049 2701 vocet
1062 2669 1072 2698 ?
1112 2668 1227 2699 Gnau.
1255 2667 1412 2709 Equidem
1426 2666 1551 2696 multos.

84 2722 142 2753 So.
165 2722 382 2764 Propinquum
406 2723 501 2764 igitur
515 2729 663 2765 tanquam
685 2735 775 2755 suum
798 2730 830 2755 et
856 2730 947 2766 putat
969 2729 1001 2754 et
1024 2723 1112 2759 dicit,
1135 2728 1315 2753 extraneum
1341 2731 1412 2752 vero
1437 2726 1472 2750 ut
1488 2730 1553 2751 non

87 2785 189 2808 suum.
235 2775 350 2808 Guc.
374 2776 485 2808 Plane.
530 2777 587 2808 So.
611 2777 761 2809 Enostris
771 2784 875 2810 autem
887 2777 1068 2809 custodibus
1083 2782 1171 2808 estne
1187 2776 1280 2813 ullus,
1293 2775 1348 2817 qui
1362 2774 1552 2815 collegarum

87 2829 265 2870 quempiam
282 2836 461 2861 extraneum
485 2832 648 2862 arbitretur
674 2842 711 2863 ac
728 2833 844 2864 vocet?
891 2832 1009 2863 Guv.
1032 2831 1159 2862 Nullus.
1182 2831 1360 2871 cuicunque
1384 2829 1466 2859 enim
1483 2827 1553 2869 quis

85 2887 234 2919 occurret,
251 2884 298 2914 vel
313 2884 395 2915 fratri
413 2885 460 2916 vel
474 2885 582 2927 sorori,
600 2891 654 2916 aut
671 2886 748 2928 patri
765 2892 820 2917 aut
835 2886 936 2922 matri,
952 2891 1006 2916 aut
1024 2884 1087 2915 filio
1103 2890 1157 2915 aut
1170 2884 1254 2921 filiae,
1268 2885 1332 2915 sive
1348 2885 1458 2913 horum
1474 2880 1555 2910 natis

87 2944 141 2967 neu
167 2935 347 2976 majoribus,
372 2939 496 2979 putabit
521 2949 694 2972 occurrere.
739 2941 797 2972 So.
821 2940 974 2972 Praeclare
1005 2939 1161 2982 loqueris:
1187 2939 1241 2970 scd
1272 2938 1310 2969 ad
1342 2939 1403 2967 hoc
1432 2944 1557 2978 quoque
