1840 3225
682 502 792 552 DE
861 500 1215 552 LEGIBUS

865 646 963 684 LIB.
1007 646 1038 684 Ι.

441 809 744 841 ATHENIENSIS
777 809 957 845 HOSPES,
993 807 1177 840 CLINIAS
1207 807 1462 846 CRETENSIS,

610 862 844 895 MEGILLUS
878 862 1267 895 LACEDAEMONIUS.

226 959 323 1002 [624]
359 959 518 991 DEUMNE
544 969 584 990 an
609 960 747 1000 aliquem
768 959 944 994 hominurn,
965 969 984 989 o
1008 959 1159 1000 hospites,
1184 959 1418 990 condendarum
1436 960 1541 1001 legum
1556 970 1681 992 causam

224 1014 425 1044 existimatis?
472 1012 549 1044 Cu.
573 1012 690 1049 Deum,
715 1023 734 1043 o
759 1013 890 1053 hospes,
904 1012 1020 1048 Deum,
1033 1012 1172 1053 inquam,
1190 1018 1225 1043 ut
1239 1014 1333 1045 decet
1346 1023 1480 1045 asserere
1495 1026 1502 1044 :
1527 1014 1612 1056 apud
1625 1025 1682 1046 nos

223 1067 350 1108 quidem
371 1067 494 1103 Jovem,
518 1066 603 1108 apud
620 1066 877 1097 Lacedaemonios
895 1071 1012 1103 autem,
1030 1067 1115 1097 unde
1131 1067 1181 1098 hic
1195 1072 1252 1104 est,
1270 1067 1449 1108 Apollinem
1463 1067 1599 1100 dicturos
1611 1069 1688 1100 istos

222 1121 378 1168 existimq.
400 1121 530 1152 nonne?
577 1120 675 1151 Mne.
700 1120 805 1151 Certe.
850 1119 988 1151 Arnim.
1012 1118 1065 1151 An
1082 1119 1253 1151 Homerum
1268 1126 1392 1151 secutus
1406 1121 1451 1152 ita
1466 1120 1572 1153 dicis?
1595 1123 1687 1163 quasi

219 1174 332 1206 Minos
345 1185 468 1216 semper
479 1186 535 1217 per
550 1174 739 1205 novennium
755 1173 851 1216 patris
864 1174 1107 1205 collocutionem
1124 1175 1261 1215 petierit,
1288 1174 1418 1216 ejusque
1435 1176 1561 1207 monitis
1575 1176 1687 1208 civita-

220 1229 303 1259 tibus
329 1230 439 1259 vestris
464 1229 549 1270 leges
575 1228 725 1270 posuerit.
770 1227 848 1259 Cn.
869 1228 920 1259 Sic
947 1229 1045 1259 nostri
1069 1228 1182 1259 ferunt.
1196 1228 1317 1259 fratrem
1333 1239 1458 1270 quoque
1473 1229 1542 1272 ejus
1555 1228 1686 1261 Rhada-

222 1283 383 1313 manthum
391 1282 595 1324 justissimum
603 1282 698 1313 fuisse
710 1282 837 1313 auditis.
850 1282 946 1323 [625]
959 1293 1092 1323 eumque
1104 1293 1162 1313 nos
1177 1281 1356 1319 Cretenses,
1369 1283 1443 1324 quia
1455 1288 1531 1314 tunc
1544 1290 1628 1315 recte
1633 1284 1686 1326 jus

222 1335 393 1377 unicuique
408 1335 608 1372 distribuerit,
624 1336 704 1366 hanc
716 1335 844 1366 laudem
857 1343 1060 1366 consecutum
1068 1336 1164 1366 fuisse
1179 1347 1355 1367 censemus.
1389 1337 1526 1368 Arnen.
1549 1337 1684 1380 Egregia

223 1389 365 1430 profecto
389 1389 467 1425 laus,
486 1390 686 1430 maximeque
702 1389 767 1419 filio
781 1388 801 1421 J
805 1389 873 1420 ovis
891 1390 1095 1420 conveniens.
1107 1400 1213 1421 verum
1225 1391 1300 1432 quia
1314 1391 1346 1421 in
1358 1390 1536 1432 hujusmodi
1546 1392 1683 1423 moribus

225 1449 317 1485 atque
329 1443 450 1485 legibus
462 1443 552 1474 ambo
569 1442 695 1475 educati
709 1443 795 1479 estis,
811 1449 843 1473 tu
859 1443 982 1473 scilicet
996 1449 1090 1484 atque
1103 1443 1174 1479 iste,
1192 1454 1282 1485 spero
1297 1444 1388 1475 nobis
1403 1455 1465 1475 non
1476 1445 1683 1488 injucundum

225 1497 301 1533 fore,
323 1499 349 1528 si
363 1498 444 1528 inter
466 1498 602 1528 eundum
619 1497 658 1527 de
674 1496 901 1527 constituendis
915 1496 1094 1527 civitatibus
1107 1507 1142 1528 ac
1158 1498 1281 1538 legibus
1295 1497 1493 1529 disseramus.
1515 1506 1563 1530 est
1577 1505 1683 1530 autem

224 1561 244 1582 a
259 1552 363 1583 Cnoso
377 1551 410 1582 in
426 1556 549 1582 antrum
562 1551 774 1592 templumque
788 1551 808 1582 J
812 1551 878 1581 ovis
893 1551 942 1581 via
956 1551 1040 1586 satis,
1056 1556 1092 1581 ut
1104 1551 1292 1588 audivimus,
1310 1552 1404 1593 longa
1421 1564 1428 1582 :
1454 1552 1684 1596 diversoriaque

224 1615 282 1647 per
293 1605 392 1647 ipsam
407 1605 462 1636 snb
476 1605 548 1636 altis
563 1605 732 1641 arboribus,
746 1605 825 1635 utin
838 1610 915 1635 aestu
931 1606 1092 1641 convenit,
1107 1606 1250 1637 umbrosa
1264 1612 1346 1637 sunt.
1361 1611 1473 1637 nostrae
1488 1607 1584 1648 igitur
1599 1608 1683 1639 aetati

224 1659 414 1691 conveniens
445 1659 505 1689 erit
526 1659 708 1700 frequenter
736 1658 769 1689 in
786 1659 833 1688 his
859 1658 1066 1700 requiescere,
1091 1665 1266 1700 mutuoque
1291 1660 1439 1691 orationis
1451 1661 1601 1692 solamine
1617 1661 1685 1692 siue

225 1714 370 1744 molestia
393 1714 452 1744 iter
477 1714 536 1744 hoc
561 1723 653 1744 omne
679 1713 861 1754 transigere.
907 1712 984 1743 CLr.
1008 1712 1109 1754 Atqui
1131 1724 1202 1744 cum
1230 1714 1367 1755 progessi
1382 1713 1544 1751 fuerimus,
1559 1715 1685 1756 hospes,

224 1777 387 1809 cupressos
401 1766 597 1798 offendemus
609 1767 643 1797 in
659 1766 738 1798 lucis
756 1766 942 1807 proceritate
958 1766 1126 1807 specieque
1142 1766 1288 1801 mirabili,
1309 1773 1398 1808 prata
1412 1778 1537 1809 quoque
1552 1778 1684 1805 arnoena,

225 1822 259 1852 in
274 1822 386 1863 quibus
405 1822 636 1863 requiescentes
653 1821 785 1852 libenter
796 1820 1064 1851 commorabimur.
1107 1820 1246 1852 Aruns.
1269 1820 1371 1852 Recte
1388 1821 1520 1852 nimium
1536 1822 1683 1864 loqueris.

226 1886 332 1907 verum
346 1877 412 1907 haec
424 1876 524 1917 magis
531 1875 762 1916 affirmabimus,
774 1885 846 1906 cum
858 1874 1039 1905 viderimus.
1062 1875 1116 1905 sed
1133 1885 1240 1905 eamus
1249 1875 1314 1916 jam
1330 1874 1411 1906 bona
1425 1875 1547 1906 fortuna
1562 1877 1687 1908 comite.

228 1929 305 1960 Cu.
327 1929 408 1961 Fiat.
442 1929 582 1961 Arnen.
607 1928 670 1960 Sed
683 1929 734 1960 dic
745 1929 832 1965 mihi,
846 1939 911 1964 oro,
922 1928 1122 1970 quamobrem
1136 1929 1280 1959 convivia
1293 1929 1502 1961 exercitantes
1516 1940 1684 1961 armorum-

226 1993 288 2024 que
315 1989 414 2014 artem
439 1984 492 2014 lex
515 1983 603 2014 vobis
625 1983 786 2013 instituit?
833 1982 910 2014 Cu.
941 1982 1083 2013 Arbitror
1106 1983 1265 2024 equidem,
1293 1994 1311 2014 ο
1336 1984 1461 2024 hospeS,
1489 1988 1594 2014 nostra
1617 1985 1684 2016 haec

227 2048 296 2068 esse
311 2037 460 2068 facillima
475 2038 614 2078 cognitu.
636 2042 778 2067 naturam
795 2037 878 2067 enirn
894 2037 1032 2078 regionis
1048 2037 1136 2079 hujus
1150 2037 1328 2068 universam
1347 2037 1462 2068 videtis
1477 2047 1540 2068 non
1555 2047 1636 2074 esse,
1653 2043 1688 2068 ut

226 2091 412 2127 Thessaliae,
438 2092 576 2132 planam.
598 2091 711 2122 iccirco
735 2091 826 2131 equis
849 2091 897 2121 illi
911 2091 1019 2132 magis,
1037 2101 1094 2121 nos
1109 2091 1249 2122 cursibus
1262 2091 1390 2122 utimur.
1407 2091 1604 2133 inaequalibus
1618 2092 1686 2122 haec

225 2146 365 2176 locorum
377 2146 416 2176 ad
431 2145 611 2187 pedestrem
622 2144 878 2176 exercitationem
892 2155 1079 2185 cursumque
1096 2150 1145 2175 est
1160 2145 1271 2185 aptior.
1295 2151 1484 2185 quapropter
1498 2150 1682 2175 armaturam

227 2209 353 2240 quoque
376 2199 521 2230 leviorem
549 2209 616 2230 esse
643 2209 772 2229 necesse
793 2204 851 2235 est,
868 2209 907 2229 ne
926 2198 1063 2240 pondere
1076 2209 1132 2228 suo
1149 2209 1271 2229 cursum
1284 2198 1446 2240 impediat.
1467 2208 1594 2229 arcuum
1610 2208 1684 2240 ergo

227 2254 469 2294 sagittarumque
490 2253 601 2284 levitas
624 2252 759 2283 maxime
785 2252 939 2293 congruit.
962 2253 1028 2282 haec
1045 2252 1137 2292 igitur
1151 2252 1257 2283 omnia
1271 2251 1312 2283 ad
1326 2253 1440 2283 bellum
1456 2252 1547 2283 nobis
1562 2262 1686 2283 accom-

228 2306 355 2338 modata
380 2313 453 2338 sunt
467 2319 473 2337 :
498 2306 539 2338 ad
565 2307 661 2349 idque
691 2306 862 2348 respiciens
888 2306 1050 2347 legislator
1076 2311 1200 2342 cuncta,
1225 2312 1260 2337 ut
1287 2307 1362 2337 mihi
1387 2307 1522 2342 videtur,
1542 2306 1689 2337 instituit.

227 2361 346 2402 quippe
369 2361 460 2404 hujus
482 2362 580 2402 gratia
604 2361 703 2403 ipsam
725 2362 820 2392 etiam
842 2360 1030 2392 convivendi
1059 2360 1159 2401 legem
1174 2361 1313 2392 sanxisse
1325 2360 1469 2391 videtur:
1493 2371 1564 2391 cum
1580 2369 1688 2391 omnes

230 2414 351 2446 videret
374 2415 407 2446 in
432 2415 555 2451 militia,
576 2426 609 2447 re
624 2416 695 2457 ipsa
708 2420 843 2451 coactos,
858 2415 1008 2446 custodiae
1024 2425 1087 2445 suae
1100 2415 1199 2456 gratia
1214 2415 1357 2445 convivia
1370 2415 1484 2446 habere
1499 2414 1686 2446 communia.

228 2470 261 2500 in
289 2480 351 2510 quo
381 2479 456 2500 sane
484 2470 612 2501 arbitror
641 2480 713 2500 eum
738 2469 880 2500 stultitia*
911 2470 1038 2500 crimine
1067 2476 1187 2500 ceteros
1202 2469 1438 2506 condemnasse,
1454 2468 1540 2511 quod
1554 2467 1684 2499 minime

226 2522 406 2564 intelligant
424 2524 539 2555 bellum
555 2535 678 2569 semper
692 2524 793 2554 inesse
809 2524 988 2554 civitatibus
1003 2524 1146 2554 omnibus
1162 2524 1201 2554 nd
1218 2534 1326 2554 omnes
1335 2524 1412 2566 juge
1426 2528 1520 2564 atque
1534 2527 1686 2564 perpetu·

229 2586 293 2606 um.
315 2586 388 2606 nam
413 2577 450 2613 si,
466 2578 543 2608 dum
557 2583 606 2609 est
617 2579 746 2614 bellum,
760 2577 909 2609 custodire
925 2588 1017 2608 causa
1033 2578 1174 2609 convivia
1191 2578 1357 2613 celebrare,
1383 2576 1481 2619 [626]
1502 2576 1683 2618 praefectos-

229 2639 291 2671 que
307 2630 428 2671 aliquos
445 2641 508 2662 una
523 2643 592 2662 cum
609 2632 758 2673 subJectis
774 2632 836 2663 suis
851 2638 986 2662 armatos
1002 2632 1080 2662 tueri
1098 2633 1187 2662 urbes
1201 2636 1333 2673 oportet,
1348 2631 1379 2661 id
1405 2631 1506 2671 ipsum
1529 2637 1577 2660 est
1598 2630 1685 2671 pacis

227 2683 323 2713 etiam
348 2689 490 2725 tempore
516 2685 709 2717 faciundum.
730 2697 822 2728 quam
848 2686 932 2716 enim
957 2687 1098 2727 plerique
1122 2696 1231 2727 pacem
1247 2685 1420 2720 nominant,
1435 2684 1468 2715 id
1483 2693 1553 2714 eme
1569 2693 1685 2714 nomen

227 2736 423 2767 solummodo
445 2738 686 2770 existimandum
702 2751 709 2770 :
734 2750 767 2771 re
789 2750 861 2770 vero
878 2740 945 2781 ipsa
955 2740 1097 2770 omnibus
1110 2739 1290 2771 civitatibus
1304 2739 1343 2769 ad
1359 2748 1467 2769 omnes
1479 2737 1600 2768 bellum
1615 2747 1685 2768 esse

227 2795 349 2825 natura,
365 2800 405 2820 ne
426 2791 578 2823 indictum
593 2793 732 2835 quidem.
754 2794 889 2835 reperies
905 2794 1024 2836 utique,
1040 2794 1066 2825 si
1078 2794 1123 2824 ita
1136 2793 1323 2829 consideres,
1347 2791 1546 2824 Cretensium
1559 2791 1680 2833 legum-

228 2845 359 2875 latorem
375 2854 483 2876 omnes
496 2846 589 2877 sermo
619 2848 714 2888 leges,
742 2854 802 2879 tam
821 2848 962 2889 privatim
988 2859 1082 2890 «piam
1106 2848 1242 2889 publice,
1267 2847 1311 2877 ita
1338 2845 1425 2876 nobis
1449 2845 1684 2887 conscripsisse,

230 2898 318 2939 quasi
335 2898 374 2930 ad
387 2898 499 2931 bellum
527 2902 716 2942 respiceret:
742 2908 835 2943 atque
853 2902 897 2935 ita
910 2902 973 2934 illis
996 2913 1104 2944 parc-rc
1123 2902 1262 2944 jussisse,
1279 2900 1366 2943 quasi
1383 2904 1557 2932 ceterarum
1584 2907 1685 2930 rerum
