1840 3225
199 205 298 255 681]
652 204 725 242 DE
755 201 984 241 LEGIBUS
1017 202 1114 242 LIB.
1146 203 1219 241 ΙΙΙ.
1575 204 1652 241 313

192 307 247 349 qui
260 314 333 339 anto
359 306 515 338 diluvium
541 306 679 342 fuerunt,
694 315 787 348 quam
815 304 976 336 hodiernis
990 304 1165 335 hominibus
1179 304 1333 336 minorem
1347 303 1489 346 peritiam
1506 302 1654 336 habuisse

191 372 265 393 cum
279 367 451 393 ceterarum
477 361 589 394 artium
616 366 681 391 tum
697 359 889 394 bellicarum,
906 368 976 399 quoe
1007 359 1056 389 vel
1072 364 1154 389 terra
1180 360 1230 389 vel
1255 359 1334 389 mari
1350 358 1442 389 hodie
1458 363 1655 394 exercentur,
1699 386 1707 394 ,

187 415 376 458 judiciorum
392 426 514 457 quoque
532 420 564 446 et
589 414 789 450 seditionum,
805 424 876 454 quae
905 413 939 443 in
967 413 1094 444 civitate
1125 420 1157 443 et
1182 413 1285 443 verbis
1312 419 1345 444 et
1371 413 1516 454 operibus
1542 412 1653 444 sedulo

190 469 388 501 contendunt
413 469 454 500 ad
482 469 628 510 injuriam
652 468 721 499 aliis
745 467 968 499 inferendam:
993 468 1201 509 simpliciores
1231 473 1334 498 autem
1350 468 1446 498 fuisse
1463 473 1496 497 et
1511 467 1656 498 fortiores

192 533 230 555 ac
247 525 340 555 simul
355 523 570 559 modestiores,
584 528 617 553 et
633 523 664 552 in
691 522 836 552 omnibus
858 521 1020 563 justiores.
1052 522 1162 552 horum
1187 531 1261 552 vero
1288 531 1410 552 causam
1423 521 1492 562 jam
1508 521 1654 552 diximus.

191 577 268 609 Cu.
313 577 414 608 Recte
431 577 575 618 loqueriS.
621 576 757 607 Arm-:s-
780 576 879 607 Dicta
894 576 989 617 igitur
1013 575 1057 606 ita
1081 576 1148 606 haec
1161 575 1251 606 nobis
1263 576 1349 606 siut:
1373 580 1416 612 et,
1434 586 1502 616 quae
1516 586 1652 616 sequun-

187 636 248 667 tur,
263 632 377 662 iccirco
401 636 600 672 exponantur
613 630 729 666 omnia,
745 636 780 661 ut
803 631 1029 671 intelligamuS,
1045 630 1142 671 [680]
1167 640 1222 661 cur
1237 629 1299 660 illis
1326 640 1405 671 opus
1421 630 1542 670 legibus
1559 630 1656 660 suerit

188 691 222 716 et
245 685 314 726 quis
338 685 424 726 leges
451 685 497 715 eis
525 684 714 716 condiderit.
739 684 815 716 Cu.
838 685 940 716 Probe
969 685 1086 716 dixisti.
1136 684 1272 716 Arnen.
1317 684 1372 715 An
1399 684 1494 726 igitur
1521 683 1568 714 illi
1592 694 1652 715 nec

187 739 441 781 legumlatoribus
476 738 671 780 indigebant,
704 749 807 780 neque
849 738 923 769 dum
954 739 1017 769 illis
1044 739 1238 779 temporibus
1266 738 1299 769 id
1328 738 1394 769 fieri
1423 738 1653 769 consueverat?

185 793 292 824 literas
321 793 407 824 enim
432 794 574 824 nondum
602 793 762 823 habebant
784 793 869 824 illius
895 793 1045 834 temporis
1072 793 1226 828 homines,
1242 792 1300 823 sed
1329 792 1592 823 consuetudinem
1623 797 1656 822 et

186 857 289 878 mores
302 847 452 888 majorum
481 852 648 890 sequentes
673 847 831 878 vivebant.
875 847 953 878 Cm.
975 848 1154 879 Verisimile
1182 852 1241 878 est.
1264 846 1321 878 sed
1353 847 1454 878 civilis
1476 846 1655 887 disciplinae

185 901 255 942 quis
282 901 396 933 modus
422 902 504 933 fuit?
549 902 687 933 Aruns.
710 902 784 932 Hic.
829 901 906 933 Cnr.
930 903 1037 939 Quis?
1083 902 1223 933 Arnen.
1248 902 1370 933 Omnes
1398 901 1475 932 mihi
1507 900 1654 931 videntur

185 956 387 998 disciplinam
411 956 538 987 vivendi
563 957 690 987 civilem
702 956 790 987 illius
804 956 952 997 temporis
966 956 1133 997 imperium
1148 956 1310 997 appellare
1327 967 1335 985 ς
1360 954 1445 997 quod
1460 955 1555 993 etiarn
1569 965 1655 986 nunc

185 1011 292 1042 multis
306 1011 340 1042 in
355 1011 433 1043 locis
447 1016 479 1041 et
494 1011 579 1052 apud
610 1011 740 1042 Graecos
755 1015 788 1042 et
802 1011 888 1052 apud
917 1010 1061 1042 barbaros
1086 1010 1183 1052 viget.
1207 1011 1290 1051 quod
1314 1010 1443 1051 quidem
1456 1009 1490 1046 in
1506 1009 1654 1039 habitati-

187 1075 248 1096 one
265 1065 438 1108 Cyclopum
455 1065 606 1101 existisse,
622 1066 668 1096 ita
691 1070 824 1097 testatur
850 1065 1006 1097 Homerus
1023 1077 1029 1095 :
1056 1065 1124 1096 His
1146 1065 1335 1096 consiliaria?
1350 1064 1446 1096 nullae
1461 1067 1536 1096 sunt
1550 1064 1654 1095 conci-

185 1129 270 1155 ones,
286 1130 384 1161 neque
413 1123 517 1152 rostra
540 1119 734 1160 judiciorum
749 1132 759 1152 .·
782 1121 838 1152 sed
866 1121 901 1151 in
929 1120 1005 1152 altis
1034 1119 1194 1151 montibus
1222 1130 1301 1151 cava
1327 1122 1422 1150 antra
1447 1117 1655 1155 inhabitant,-

184 1173 358 1216 spretisque
370 1174 518 1215 publicis,
532 1174 686 1215 privatim
713 1175 826 1215 quique
842 1175 994 1206 uxoribus
1010 1173 1151 1218 filiisque
1166 1173 1342 1212 dantjura.
1390 1172 1468 1205 Cn.
1491 1171 1657 1204 Jocundus

183 1228 236 1259 hic
252 1228 350 1270 poe'ta
377 1228 464 1259 vobis
492 1229 587 1260 fuisse
612 1228 746 1260 videtur.
770 1229 858 1270 atqui
880 1233 913 1259 et
928 1228 990 1259 alia
1018 1229 1171 1258 nonnulla
1194 1228 1293 1269 ipsius
1316 1227 1536 1268 percurrimus,
1561 1226 1655 1257 valde

182 1281 241 1313 illa
253 1283 381 1324 quidem
399 1283 526 1319 urbana,
543 1293 607 1313 non
622 1284 720 1314 multa
734 1288 852 1314 tamen.
874 1293 932 1314 nos
946 1283 1062 1324 quippe
1083 1283 1252 1314 Cretenses
1267 1282 1370 1312 alieno
1383 1281 1532 1322 poelmate
1546 1291 1655 1322 pamm

184 1336 308 1367 utimur.
351 1337 448 1367 Meo.
471 1337 538 1368 Nos
553 1343 658 1368 autem
673 1338 799 1368 utimur.
824 1337 1006 1378 videturque
1033 1337 1125 1367 nobis
1148 1337 1261 1378 poetas
1286 1336 1463 1378 hujusmodi
1479 1345 1654 1377 superasse,

183 1390 325 1431 quamvis
337 1401 401 1422 non
426 1391 628 1428 Laconicam,
644 1391 701 1422 sed
728 1392 871 1423 Ionicam
898 1392 992 1422 vitam
1023 1392 1128 1432 potius
1156 1391 1271 1432 ubique
1297 1390 1418 1421 doceat.
1440 1389 1521 1420 bene
1547 1395 1653 1420 autem

182 1445 279 1476 modo
293 1445 393 1476 verbis
406 1446 457 1476 hic
472 1446 533 1476 tuis
551 1447 692 1478 attestari
720 1446 857 1483 videtur,
873 1457 945 1478 cum
974 1446 1195 1487 antiquitatem
1224 1445 1387 1476 hominum
1400 1454 1456 1485 per
1472 1443 1595 1474 fabulas
1612 1443 1653 1474 ad

181 1499 358 1530 silvestrem
381 1500 510 1531 vivendi
535 1502 662 1532 modum
685 1500 855 1532 reduxerit.
903 1501 1043 1532 Arnen.
1067 1501 1244 1531 Attestann·
1269 1498 1427 1530 nimirum.
1465 1503 1656 1539 quapropter

183 1553 362 1585 testimonio
379 1554 462 1585 illius
476 1555 599 1586 inducti
613 1555 778 1587 credamus
792 1556 1036 1597 gubernationes
1052 1554 1229 1597 hujusmodi
1242 1553 1412 1594 aliquando
1434 1552 1513 1584 fieri.
1557 1550 1595 1581 Μ
1601 1562 1657 1583 m.

184 1606 298 1638 Recte.
337 1608 472 1640 Arnen.
517 1609 635 1640 Nonne
666 1610 908 1651 gubernationes
938 1611 986 1640 hae
1016 1610 1095 1640 fiunt
1122 1619 1159 1639 ex
1186 1608 1365 1639 hominibus
1395 1607 1484 1648 ipsiS,
1513 1606 1567 1647 qui
1596 1616 1654 1648 per

184 1662 397 1693 habitationes
410 1663 549 1704 singulas
568 1664 755 1706 singulaque
782 1675 900 1706 genera
925 1670 1051 1705 propter
1079 1667 1254 1704 egestatem
1283 1673 1322 1693 ex
1348 1661 1572 1692 vastationibus
1584 1660 1651 1691 fac-

182 1720 246 1747 tam
270 1715 403 1758 dispersi
427 1718 561 1748 vivunt?
585 1718 618 1749 in
641 1719 754 1760 quibus
780 1729 906 1760 semper
930 1718 1089 1760 antiquior
1114 1717 1301 1760 dominatur,
1324 1726 1362 1746 ex
1388 1725 1426 1746 eo
1453 1714 1538 1756 quod
1566 1714 1654 1755 prin-

184 1770 303 1811 cipium
317 1782 356 1802 ex
382 1777 470 1813 patre
495 1778 657 1814 matreque
688 1761 909 1814 sumpserunt:
935 1783 1010 1814 quos
1037 1771 1164 1813 quidem
1191 1772 1280 1813 quasi
1311 1779 1384 1800 ares
1411 1769 1512 1800 secuti
1527 1778 1652 1810 gregem

183 1835 283 1856 unum
298 1826 482 1862 conficiunt,
498 1828 598 1868 patris
626 1828 790 1858 voluntate
815 1838 872 1868 pro
899 1827 970 1868 lege
997 1831 1123 1856 utentes
1152 1832 1184 1855 et
1210 1835 1308 1866 regno
1323 1824 1464 1855 omnium
1481 1822 1654 1864 justissimo

183 1879 359 1920 gubernati.
402 1880 499 1911 Meo.
521 1881 574 1911 Ita.
601 1892 737 1922 prorsus.
781 1880 920 1912 Arnen.
943 1880 1058 1910 Postea
1071 1890 1145 1910 vero
1174 1878 1379 1909 communiter
1393 1878 1561 1918 pluresque
1576 1887 1652 1908 con-

183 1933 327 1970 fluentes,
351 1935 483 1976 majores
509 1935 652 1966 civitates
681 1935 888 1978 constituunt,
920 1939 1014 1974 atque
1041 1933 1082 1964 ad
1109 1933 1310 1974 agriculturas
1338 1932 1475 1973 primum
1503 1931 1536 1961 in
1562 1941 1653 1962 mon-

183 1987 261 2018 tium
279 1987 435 2019 radicibus
465 1989 607 2019 conversi
636 1990 826 2020 maceriosos
853 1988 997 2024 ambitus,
1025 1987 1122 2029 [681]
1148 1986 1236 2028 quasi
1266 1996 1371 2017 muros
1385 1985 1507 2016 urbium
1522 1984 1655 2016 ferarum

184 2052 279 2073 causa
307 2043 457 2079 condunt,
495 2053 590 2074 unam
629 2044 754 2074 domum
776 2044 914 2085 amplam
935 2051 1194 2082 communemque
1217 2040 1400 2071 condentes.
1443 2039 1540 2070 Mne.
1587 2039 1656 2070 Ve-

181 2096 312 2127 risimile
355 2096 388 2127 id
427 2096 555 2138 quidem
597 2098 732 2128 videtur.
789 2098 929 2128 Arnen.
975 2096 1060 2133 Quid
1096 2101 1200 2126 autem
1251 2094 1342 2125 hoc?
1397 2104 1501 2125 nonne
1555 2094 1653 2125 etiam

182 2150 348 2181 verisimile
373 2151 384 2180 ?
430 2151 527 2184 Mne.
573 2151 734 2188 Quidnam
758 2152 769 2181 ?
817 2151 955 2182 Arnen.
1002 2151 1080 2183 Cum
1121 2150 1329 2181 habitationes
1364 2149 1434 2179 ists
1466 2147 1605 2189 majores
1635 2159 1652 2180 e

181 2205 350 2236 minoribus
361 2205 530 2248 primisque
547 2206 609 2236 sint
620 2206 722 2243 factae,
736 2207 925 2238 conveniens
940 2210 987 2236 est
999 2206 1109 2236 adesse
1125 2214 1291 2245 parvarum
1311 2203 1451 2244 singulas
1466 2202 1653 2243 generatim,

183 2259 334 2291 habentes
365 2261 523 2302 sigillatim
552 2261 689 2292 seniores
713 2261 870 2302 principes
888 2261 1091 2301 propriosque
1119 2269 1232 2295 mores,
1265 2269 1304 2289 ex
1331 2268 1380 2293 eo,
1407 2257 1491 2298 quod
1516 2266 1653 2287 seorsum

185 2314 329 2350 vixerint,
360 2319 393 2345 et
416 2315 529 2346 iccirco
554 2315 632 2346 alios
659 2315 697 2346 ab
727 2315 794 2346 aliis
822 2315 1000 2356 parentibus
1025 2313 1307 2354 educatoribusque
1327 2322 1429 2343 mores
1444 2311 1655 2352 susceperint,

185 2368 299 2409 quibus
324 2368 439 2398 assueti
464 2373 536 2399 sunt
561 2370 676 2411 singuli
706 2368 747 2400 ad
773 2369 863 2400 Deos
884 2368 1034 2403 colendos
1059 2378 1154 2409 seque
1171 2369 1256 2409 ipsos
1271 2366 1435 2402 curandos,
1450 2364 1655 2396 modestiores

188 2422 320 2463 quidem
344 2432 363 2452 a
388 2423 552 2459 modestis,
567 2433 584 2453 a
599 2423 776 2454 fortioribus
789 2424 941 2460 fortiores,
953 2428 986 2454 et
1001 2423 1032 2454 in
1045 2423 1158 2454 ceteris
1173 2422 1327 2457 omnibus,
1342 2426 1430 2461 prout
1446 2420 1557 2459 singuli
1574 2419 1654 2450 tilios

186 2482 241 2507 aut
264 2481 398 2517 nepotes
413 2477 603 2513 erudierunt,
616 2488 750 2518 quorum
763 2479 840 2509 ritus
855 2479 942 2520 quasi
956 2479 1043 2519 leges
1058 2477 1197 2518 proprias
1209 2476 1249 2507 ad
1267 2474 1414 2516 majorem
1430 2473 1654 2504 habitationem

185 2530 301 2561 ferunt.
345 2530 442 2561 Mac.
466 2531 554 2567 Quid
580 2531 748 2572 prohibet?
795 2532 933 2563 Aruns.
957 2532 1056 2573 Atqui
1079 2541 1207 2562 necesse
1235 2535 1294 2565 est,
1324 2530 1410 2570 leges
1439 2538 1510 2559 suas
1539 2527 1654 2568 cuique.

187 2583 340 2626 imprimis
368 2585 504 2626 placere,
527 2584 657 2616 aliorum
672 2596 746 2617 vero
761 2586 847 2627 leges
860 2587 928 2618 loco
944 2586 1094 2617 secundo.
1140 2585 1236 2615 Meo.
1261 2584 1309 2614 Ita
1324 2589 1383 2614 est.
1428 2582 1564 2613 Aruns.
1589 2582 1654 2612 Sed

183 2638 328 2670 videmur
355 2639 423 2680 jam
454 2640 485 2670 in
516 2639 616 2680 ipsam
642 2639 732 2681 quasi
756 2641 862 2682 legum
884 2642 1035 2672 lationem
1064 2641 1146 2672 clam
1173 2638 1330 2670 incidisse.
1390 2637 1487 2667 Mm.
1521 2635 1654 2676 Utique.

185 2692 324 2724 Arnen.
348 2693 426 2724 Post
450 2693 518 2724 haec
544 2704 670 2725 necesse
695 2700 753 2732 est,
773 2700 809 2725 ut
835 2696 886 2737 qui
897 2696 1102 2729 conveniunt,
1118 2693 1237 2734 aliquos
1253 2703 1289 2723 ex
1307 2703 1338 2723 se
1354 2692 1431 2732 ipsis
1447 2690 1652 2722 communiter

186 2746 317 2788 eligant,
342 2747 395 2788 qui
413 2748 548 2778 omniurn
563 2748 705 2779 instituta
720 2748 874 2787 noverint,
889 2755 922 2781 et
936 2760 1006 2791 quae
1020 2749 1154 2780 maxime
1171 2758 1207 2778 ex
1229 2747 1277 2777 his
1291 2746 1499 2788 probaverint,
1512 2743 1551 2774 ad
1563 2753 1653 2775 com·

186 2810 296 2830 munes
323 2801 476 2842 quosdam
505 2802 614 2843 populi
644 2803 750 2839 duces,
778 2804 866 2844 quasi
896 2813 994 2845 reges,
1026 2803 1178 2834 deserant.
1205 2811 1308 2833 earum
1339 2811 1410 2831 vero
1436 2800 1552 2841 legum,
1584 2806 1654 2838 quae

184 2855 395 2895 comprobatae
403 2856 529 2896 fuerint,
543 2856 602 2897 ipsi
618 2856 730 2888 latores
745 2857 988 2888 nominabuntur
1004 2869 1010 2888 z
1035 2856 1324 2897 constituentesque
1341 2854 1526 2896 optimatum
1543 2851 1651 2892 guber-

188 2907 344 2938 nationem
372 2919 409 2940 ex
437 2910 588 2951 imperiis,
616 2916 668 2942 aut
691 2922 820 2953 regnum
852 2912 990 2954 aliquod,
1022 2912 1052 2942 in
1078 2912 1142 2950 vhac
1169 2911 1269 2943 civilis
1293 2908 1467 2950 disciplinae
1482 2905 1653 2937 mutatione

279 2961 367 2994 Plal.
403 2963 456 2994 Tr.
974 2966 1020 2998 II,
1498 2963 1517 2992 2
1536 2958 1565 2989 R
