1840 3225
227 199 277 234 70·
840 196 1108 235 PLATONIS
1597 198 1695 250 [290

226 303 393 330 contentus
408 309 461 329 ero
477 309 483 328 :
502 302 535 329 tu
553 308 635 335 vero,
646 303 810 340 postquam
824 300 947 337 abieris,
961 300 1053 331 facile
1068 300 1218 331 invenies.
1235 300 1260 330 si
1276 305 1380 331 tamen
1397 311 1478 332 nunc
1488 300 1695 336 inveniamus,

226 353 311 384 haud
335 353 468 395 amplius
484 352 541 384 tibi
557 352 706 384 molestus
720 363 785 391 ero,
800 354 876 395 quid
903 359 1006 386 tecum
1029 355 1098 396 ipse
1113 354 1348 395 excogitaveris,
1364 355 1519 396 flagitans.
1561 353 1602 386 In
1617 364 1697 395 prae-

225 405 327 437 sentia
343 416 414 437 vero
440 406 614 442 considera,
630 417 704 437 num
721 407 778 438 tibi
800 407 833 438 id
860 407 1022 449 pulchrum
1047 419 1113 439 esse
1138 408 1290 440 videatur.
1313 409 1453 445 attende,
1468 409 1609 445 obsecro,
1625 407 1698 439 dili-

227 465 348 502 genter,
361 470 400 491 ne
416 460 555 492 delirem.
599 461 671 493 Hoc
695 461 803 503 utique
826 462 990 504 pulchrum
1018 468 1098 499 esto,
1112 463 1196 504 quod
1223 462 1299 494 utile
1323 468 1378 494 est.
1405 462 1496 504 cujus
1510 462 1637 504 quidem
1654 459 1698 492 rei

226 514 300 545 hinc
315 514 448 545 maxime
469 514 682 556 conjecturam
698 516 780 547 facio
795 528 802 546 ι
835 517 957 557 pulchri
972 517 1055 547 oculi
1071 522 1155 558 sunt,
1169 527 1233 548 non
1256 517 1311 558 qui
1325 517 1461 559 impotes
1482 515 1627 557 videndi,
1643 513 1697 545 sed

225 568 281 610 qui
298 573 443 609 potentes
465 574 498 600 et
520 569 613 600 utiles
635 571 675 601 ad
698 570 881 601 videndum.
926 570 1008 603 Hip.
1034 571 1138 602 Certe.
1182 571 1239 603 So.
1263 571 1304 602 Et
1320 571 1498 602 universum
1514 579 1630 611 corpus
1654 568 1698 599 ita

224 622 390 664 pulchrum
405 622 550 661 dicimus,
566 624 650 656 aliud
675 625 715 656 ad
738 635 872 662 cursum,
897 625 982 656 aliud
1004 626 1044 656 ad
1061 625 1188 658 luctam.
1203 626 1342 668 itemque
1364 625 1512 657 animalia
1531 623 1648 658 omnia,
1663 626 1699 652 nt

225 675 390 717 pulchrum
406 687 522 718 equum
537 678 716 720 gallumque
731 684 763 709 et
790 679 1003 710 coturnicem:
1029 685 1062 711 et
1088 685 1256 722 apparatus
1280 690 1400 717 omnes,
1423 684 1518 722 atque
1540 675 1698 710 vehicula,

228 733 294 760 turn
310 731 463 762 terrestria
478 736 544 762 tum
556 731 723 774 maritima,
736 743 830 763 naves
853 738 946 774 atque
964 733 1099 764 triremes
1115 745 1122 763 ι
1147 734 1354 765 instrumenta
1375 742 1501 775 quoque
1516 731 1622 763 omnia
1635 735 1698 760 tam

226 783 267 814 ad
284 783 433 815 musicam
448 795 542 827 quam
564 786 603 816 ad
620 792 699 817 artes
722 786 797 817 alias
814 786 1001 828 pertinentia
1018 799 1024 817 :
1050 787 1136 824 item,
1152 788 1178 818 si
1201 788 1260 829 vis,
1275 787 1382 818 studia
1393 792 1487 830 atque
1502 786 1587 827 leges
1602 796 1610 815 ι
1635 784 1699 814 sin-

225 837 300 879 gula
314 839 382 869 haec
397 839 506 870 eadem
521 839 617 869 ferme
632 840 751 870 ratione
769 840 899 880 pulchra
915 838 1072 877 vocamuS,
1084 840 1286 882 respicientes
1298 841 1428 877 scilicet,
1441 849 1504 882 qua
1515 837 1698 871 conditione

224 892 474 933 unumquodque
489 896 596 922 natum
620 892 669 922 vel
684 892 868 923 fabricatum
893 893 942 923 vel
966 894 1103 923 locatum
1121 900 1181 933 est,
1205 895 1330 934 quodve
1354 894 1431 925 utile
1452 898 1512 930 est,
1528 897 1638 934 etqua
1653 901 1701 923 ra-

224 945 311 977 tione
326 945 412 983 utile,
428 951 460 976 et
474 946 514 976 ad
538 945 615 986 quid
634 946 724 986 utile,
746 952 777 976 et
794 947 920 987 quando
945 946 1033 986 utile,
1053 947 1216 988 pulchrum
1239 958 1305 979 esse
1328 948 1490 979 dicentes:
1515 947 1600 989 quod
1626 955 1698 976 vero

224 1000 398 1031 secundum
412 1000 479 1030 haec
494 999 617 1036 inutile,
633 1005 735 1041 turpe.
778 1000 830 1030 An
845 1010 908 1030 non
924 1000 1009 1030 idem
1027 1000 1083 1030 tibi
1098 1011 1223 1042 quoque
1241 1002 1375 1038 videtur,
1388 1012 1406 1032 o
1423 1000 1568 1042 Hippia?
1614 999 1696 1031 Hir.

221 1053 308 1084 Mihi
330 1064 414 1084 vero.
460 1053 516 1084 So.
540 1053 642 1084 Probe
667 1053 761 1093 igitur
782 1063 866 1083 nunc
891 1053 1034 1089 dicimus,
1052 1064 1115 1094 prae
1138 1055 1249 1086 ceteris
1273 1056 1418 1086 omnibus
1439 1055 1525 1097 quod
1550 1053 1627 1085 utile
1650 1057 1698 1084 est

224 1107 341 1148 ipsum,
363 1107 526 1148 pulchrum
552 1117 631 1139 esse.
676 1106 758 1137 Hm.
790 1106 893 1138 Probe
917 1108 1100 1148 admodum,
1128 1119 1146 1138 o
1174 1110 1326 1140 Socrates.
1370 1109 1424 1142 So.
1456 1107 1587 1149 Nonne,
1609 1106 1695 1149 quod

226 1161 347 1193 efficere
362 1161 481 1203 aliquid
497 1165 613 1203 potest,
629 1161 668 1191 ad
685 1161 716 1191 id
735 1160 810 1192 utile
828 1166 886 1202 est,
901 1161 940 1191 ad
957 1162 1042 1202 quod
1057 1167 1090 1193 et
1105 1163 1237 1203 potens?
1266 1163 1423 1205 impotens
1437 1167 1547 1194 contra
1561 1160 1672 1192 inutile
1686 1160 1696 1190 ?

226 1214 311 1247 Hn’.
334 1216 475 1247 Prorsus.
521 1215 576 1247 So.
608 1214 756 1246 Potentia
779 1225 852 1256 ergo
880 1214 1055 1255 pulchrum,
1080 1215 1269 1257 impotentia
1294 1222 1395 1258 turpe.
1439 1215 1522 1246 ΗΠ».
1544 1213 1697 1245 Maxime.

221 1279 294 1299 nam
311 1274 343 1300 et
357 1269 417 1301 alia
433 1269 523 1300 nobis
538 1268 642 1300 omnia
657 1268 702 1300 sic
717 1279 784 1300 esse
805 1273 969 1305 testantur,
997 1268 1094 1312 [296]
1117 1275 1150 1301 et
1171 1269 1277 1302 civilia
1292 1271 1451 1312 praecipue
1466 1281 1474 1300 ι
1499 1268 1646 1311 quoniam
1662 1266 1696 1297 in

222 1322 352 1354 civitate
368 1334 423 1354 sua
439 1328 533 1365 atque
547 1334 577 1354 re
594 1323 721 1364 publica
737 1328 897 1364 potentem
912 1333 980 1354 esse
994 1325 1131 1355 omnium
1146 1329 1196 1355 est
1211 1323 1452 1366 pulcherrimum
1466 1335 1475 1363 3
1491 1323 1696 1365 impotentem

222 1387 294 1408 vero
319 1378 540 1419 turpissimum.
585 1378 642 1409 So.
666 1377 817 1408 Praeclare
843 1377 990 1419 loqueris.
1006 1379 1061 1409 sed
1084 1378 1228 1421 nunquid
1253 1380 1294 1410 ob
1317 1379 1398 1410 hanc
1421 1379 1520 1420 ipsam
1544 1377 1695 1408 rationem

223 1431 379 1472 sapientia
396 1432 637 1473 pulcherrimum
661 1431 813 1468 omnium,
830 1432 1013 1474 insipientia
1034 1438 1141 1465 contra
1165 1433 1399 1475 turpissimum?
1445 1433 1528 1464 Hu».
1550 1431 1600 1462 Tu
1624 1440 1695 1461 vero

222 1484 298 1526 quid
317 1486 432 1526 putas?
477 1486 534 1518 So.
557 1486 638 1517 Siste
662 1496 838 1528 parumper,
856 1497 874 1517 ο
890 1487 991 1518 dulcis
1005 1488 1116 1520 amice.
1133 1498 1204 1519 nam
1228 1489 1269 1519 de
1289 1499 1340 1526 eo,
1361 1489 1446 1529 quod
1469 1486 1614 1527 dicimus,
1629 1494 1694 1515 sus-

222 1538 311 1579 picor
327 1544 422 1581 atque
438 1539 545 1572 timeo.
583 1540 665 1571 Hu’.
689 1540 775 1577 Quid
793 1541 914 1577 metuis,
929 1540 1095 1572 Socrates?
1118 1552 1223 1572 nonne
1238 1541 1316 1573 scite
1330 1541 1415 1573 dicta
1429 1542 1496 1572 haec
1510 1539 1606 1571 sunt?
1637 1539 1695 1570 So.

223 1592 328 1623 Velim
353 1594 522 1635 equidem:
547 1594 602 1625 sed
628 1604 748 1625 mecum
771 1595 831 1625 hoc
854 1595 1079 1632 animadverte,
1101 1600 1203 1626 utrum
1228 1596 1298 1637 quis
1321 1606 1470 1636 unquam,
1484 1594 1570 1636 quod
1591 1602 1694 1634 neque

222 1646 283 1677 scit
299 1657 402 1688 neque
418 1652 533 1689 potest,
549 1648 674 1679 efficiat.
701 1648 783 1680 Hm.
799 1641 1022 1690 Nequaquam.
1037 1659 1100 1690 quo
1116 1650 1199 1680 enim
1215 1655 1320 1691 pacto,
1331 1650 1417 1690 quod
1428 1648 1550 1690 nequit,
1567 1646 1696 1689 ageret?

223 1699 279 1731 So.
302 1701 367 1738 Qui
383 1701 571 1743 delinquunt
586 1707 619 1732 et
641 1702 721 1733 mala
744 1707 842 1743 agunt
864 1702 1066 1744 efficiuntque
1081 1703 1194 1745 ignari,
1210 1703 1235 1734 si
1251 1704 1318 1734 liaec
1333 1713 1396 1733 non
1413 1701 1598 1744 potuissent,
1613 1710 1694 1731 uun-

223 1754 300 1796 quid
317 1755 478 1796 egissent?
524 1756 606 1788 Hm.
631 1756 778 1787 Minime.
822 1756 876 1787 So.
901 1756 946 1787 At
961 1768 1033 1788 vcro
1049 1758 1191 1799 potentia
1205 1762 1344 1799 possunt,
1356 1757 1537 1799 quicunque
1551 1759 1694 1796 possunt.

226 1817 291 1839 non
308 1809 390 1840 enim
415 1810 612 1851 impotentia.
659 1810 741 1840 Hm».
764 1809 839 1841 Non
856 1815 951 1841 certe.
995 1811 1049 1842 So.
1072 1811 1211 1842 Possunt
1232 1817 1336 1842 autem
1359 1821 1466 1842 omnes
1489 1811 1604 1846 facere,
1622 1817 1693 1850 quoe

222 1861 367 1893 faciunt?
412 1863 494 1895 Hir.
518 1864 632 1895 Procul
657 1864 767 1896 dubio.
813 1864 869 1896 So.
892 1865 982 1896 Mala
1009 1877 1081 1896 vero
1103 1867 1201 1897 multo
1227 1867 1326 1908 plura,
1351 1876 1444 1908 quam
1468 1865 1562 1901 bona,
1585 1874 1693 1894 omnes

222 1916 364 1947 homines
379 1918 482 1948 statim
499 1919 538 1948 ab
553 1917 682 1949 ineunte
699 1923 790 1950 aetate
806 1929 861 1960 per
875 1929 999 1951 omnem
1016 1920 1109 1952 vitam
1122 1927 1230 1962 agunt,
1248 1931 1350 1962 neque
1366 1924 1477 1962 sponte
1493 1919 1695 1960 delinquunt.

222 1969 307 2002 ΗΠ).
331 1971 415 2003 Vera
430 1972 578 2013 loqueris.
623 1973 678 2006 So.
704 1973 790 2010 Quid
815 1984 905 2015 porro
920 1974 931 2005 ?
954 1975 1034 2006 hanc
1052 1975 1237 2017 potentiam,
1251 1981 1345 2017 atque
1360 1975 1427 2006 hoec
1443 1973 1544 2012 utilia,
1558 1983 1629 2014 quae
1652 1971 1692 2002 ad

220 2025 371 2055 malorum
387 2027 616 2057 exsecutionem
632 2028 830 2068 conducunt,
846 2039 919 2059 num
940 2029 1066 2070 pulchra
1081 2030 1284 2060 vocabimus?
1308 2040 1348 2060 an
1364 2029 1456 2070 longe
1472 2029 1583 2060 aliter?
1611 2027 1693 2058 ΗιΡ.

220 2076 331 2120 Longe
347 2080 461 2111 absunt
476 2092 494 2111 a
508 2081 650 2122 pulclir0,
667 2093 685 2112 o
702 2082 856 2114 Socrates.
886 2083 941 2116 So.
957 2083 1032 2115 Non
1048 2095 1120 2125 ergo
1134 2091 1245 2126 potens
1260 2085 1352 2116 nobis
1364 2090 1397 2115 et
1410 2084 1498 2120 utile,
1511 2088 1544 2114 ut
1558 2083 1692 2119 videtur,

220 2133 322 2173 ipsum
341 2135 501 2175 pulchrum
517 2134 650 2167 exsistit.
681 2135 763 2167 1111».
787 2136 899 2174 Immo,
913 2138 937 2167 si
955 2138 1048 2168 modo
1065 2137 1146 2168 bona
1164 2138 1273 2179 possit,
1288 2139 1328 2169 ad
1343 2148 1443 2179 eaque
1459 2137 1610 2168 conferat.
1633 2137 1691 2168 So.

219 2188 304 2219 Illud
322 2189 414 2230 igitur
430 2190 624 2230 reprobatum
641 2196 698 2229 est,
715 2191 801 2231 quod
827 2196 938 2232 potens
953 2196 984 2222 et
1001 2191 1076 2222 utile
1099 2191 1280 2232 simpliciter
1296 2191 1458 2232 pulchrum
1473 2191 1523 2222 sit.
1539 2191 1595 2221 sed
1609 2201 1690 2221 nnn-

219 2243 296 2284 quid
314 2243 373 2274 hoc
396 2249 472 2283 crat,
488 2255 506 2273 υ
523 2243 654 2285 Hippia,
671 2245 709 2275 ad
736 2245 820 2286 quod
837 2246 959 2276 animus
975 2250 1079 2276 noster
1093 2245 1301 2286 respiciebat?
1325 2246 1428 2287 ipsum
1444 2245 1565 2276 scilicet
1580 2250 1692 2286 potens

217 2301 251 2327 et
266 2297 343 2328 utile
359 2297 398 2328 ad
415 2298 529 2328 bonum
546 2298 775 2329 conficiendum
794 2298 956 2340 pulchrum
980 2309 1059 2330 esse.
1105 2299 1188 2331 Hir».
1212 2299 1294 2330 Mihi
1310 2300 1437 2340 quidem
1452 2299 1588 2330 videtur.
1633 2298 1690 2331 So.

219 2350 291 2382 Hoc
316 2351 514 2382 conducibile
539 2357 598 2388 est,
624 2362 662 2382 an
688 2353 777 2383 non?
823 2352 904 2384 Hu‘.
930 2353 1045 2384 Valde.
1092 2353 1147 2386 So.
1178 2353 1230 2384 Sic
1258 2353 1366 2395 utique
1395 2352 1525 2394 pulchra
1547 2363 1689 2394 corpora.

220 2405 350 2445 pulchra
366 2405 508 2436 instituta
531 2405 647 2447 legum,
663 2412 695 2436 et
718 2407 881 2448 sapientia,
897 2413 930 2438 et
952 2407 1024 2442 alia,
1039 2417 1109 2448 quae
1134 2407 1228 2448 paulo
1244 2413 1316 2438 ante
1340 2407 1511 2443 retulimus,
1526 2407 1632 2437 omnia
1652 2417 1690 2438 ex

219 2469 257 2488 eo
283 2459 410 2499 pulchra
433 2465 516 2496 sunt,
532 2471 595 2501 quo
616 2461 826 2492 conducibilia
850 2466 933 2492 sunt.
980 2461 1061 2492 Hir.
1086 2461 1228 2493 Constat.
1273 2461 1328 2495 So.
1352 2461 1560 2493 conducibile
1582 2461 1690 2502 itaque

218 2511 320 2552 ipsum
338 2513 426 2544 nobis
450 2513 613 2555 pulchrum
635 2525 702 2546 esse
726 2515 858 2546 videtur.
904 2514 987 2546 ΙῙιΡ.
1013 2514 1152 2545 Maxime
1176 2516 1327 2546 omnium.
1372 2515 1428 2547 SO.
1453 2514 1553 2557 Atqui
1569 2515 1689 2546 condu-

217 2564 311 2596 cibile
334 2572 391 2603 est,
405 2568 489 2607 quod
517 2568 631 2599 bonum
656 2569 760 2600 efficit.
806 2569 887 2601 Hn’.
913 2568 950 2599 ld
974 2569 1089 2610 ipsum.
1135 2569 1190 2600 So.
1214 2569 1360 2600 Etiiciens
1383 2575 1486 2599 autem
1510 2568 1585 2598 nihil
1601 2567 1688 2598 alind

216 2623 265 2648 est
285 2629 378 2659 quam
399 2630 503 2652 causa.
550 2622 630 2654 Hm.
654 2623 754 2654 Nihil.
799 2623 854 2655 So.
881 2623 961 2665 Ergo
979 2623 1159 2654 bonicausa
1186 2624 1346 2664 pulchrum
1369 2627 1428 2654 est.
1476 2621 1573 2663 [29⁷]
1604 2621 1689 2654 1119.

219 2672 274 2702 Est
300 2673 451 2713 profecto.
497 2675 552 2706 So.
579 2676 674 2707 Aliud
700 2688 771 2708 vero
795 2683 842 2709 est
864 2688 968 2713 causa,
984 2677 1067 2707 aliud
1096 2677 1139 2717 id,
1163 2677 1253 2719 cujus
1277 2686 1372 2708 causa
1395 2681 1452 2707 est.
1478 2685 1580 2716 neque
1603 2674 1686 2705 enim

215 2736 308 2756 causa
325 2726 422 2767 ipsius
439 2738 540 2758 causoe
556 2740 649 2760 causa
670 2741 737 2762 esse
761 2737 876 2773 potest.
902 2732 986 2773 quod
1012 2732 1083 2762 lninc
1101 2732 1230 2762 maxime
1252 2730 1429 2772 conjectare
1444 2729 1517 2760 licet
1533 2741 1540 2759 ε
1570 2728 1685 2759 Nonne

213 2790 337 2810 causam
354 2780 537 2812 efficientem
562 2794 628 2813 esse
644 2785 807 2815 constitit?
853 2784 934 2815 Ilm.
961 2785 1071 2817 Plane.
1114 2786 1170 2816 So.
1198 2785 1250 2816 Ab
1273 2784 1427 2816 efficiente
1448 2793 1520 2814 vero
1535 2782 1682 2814 etl'ectum

211 2833 258 2869 fit·
283 2844 344 2864 non
368 2834 516 2866 efficiens.
565 2836 645 2868 1111·.
672 2838 787 2869 Verum
807 2844 864 2871 est.
911 2840 966 2870 So.
990 2839 1087 2870 Aliud
1113 2840 1262 2876 ciliciens,
1279 2838 1364 2869 aliud
1393 2837 1551 2868 effectum.
1599 2834 1679 2865 Hie.

210 2886 307 2918 Aliud
324 2893 416 2920 certe.
462 2888 518 2921 So.
542 2889 616 2921 Non
634 2901 705 2932 ergo
722 2903 814 2924 cansa
831 2893 927 2934 ipsius
944 2904 1035 2925 causa
1053 2900 1110 2934 cst,
1125 2895 1178 2925 scd
1196 2893 1274 2933 ejus,
1292 2892 1376 2934 quod
1393 2891 1432 2921 ab
1456 2890 1523 2932 ipsa
1539 2889 1680 2921 eflicitur.
