1840 3225
217 225 313 277 372]
796 226 1092 265 AxlocHUS.
1591 225 1666 262 507

215 328 275 359 erit
289 329 443 366 molestia,
459 330 548 361 nulla
562 329 740 366 solicitudo,
754 330 842 361 nulla
855 335 884 360 te
900 335 1046 360 senectus
1063 328 1177 370 poterit
1188 328 1336 369 affligere.
1379 326 1429 357 Ibi
1454 330 1559 357 autem
1581 331 1666 356 tran-

215 382 314 424 quilla
327 383 402 420 vita,
417 384 554 415 omnium
572 385 724 415 malorum
736 383 854 419 nescia,
872 383 1025 413 immobili
1040 383 1175 423 quadam
1190 387 1222 412 et
1231 381 1421 422 sempiterna
1432 382 1537 422 quiete
1549 389 1672 415 serena,

213 445 318 466 rerum
345 441 378 467 et
406 442 523 468 naturae
552 437 816 476 contemplatione
844 436 1000 467 cumulate
1030 436 1204 476 perfruens,
1234 445 1299 465 non
1325 445 1398 465 vero
1427 434 1468 464 ad
1487 434 1669 475 popularem

215 499 322 520 auram
344 495 377 521 et
401 492 567 527 theatrum,
591 492 646 521 sed
671 491 712 521 ad
738 490 872 521 solidam
892 489 1054 520 veritatem
1071 489 1307 530 philosophans,
1321 487 1504 518 traducitur.
1547 487 1672 524 Quibus

215 543 340 580 auditis,
354 544 400 574 Tu
415 555 465 575 me
480 545 614 586 (inquit)
633 545 771 575 oratione
786 549 840 574 tua
855 543 888 573 in
905 543 1087 574 contrariam
1103 547 1224 583 partem
1240 551 1316 572 sane
1332 532 1497 571 traduxisti
1513 552 1518 569 :
1544 551 1602 571 nec
1619 552 1667 571 me

211 595 279 636 jam
300 597 409 628 mortis
442 603 546 629 metus
573 604 672 634 tenet,
699 599 753 628 sed
780 597 981 631 desiderium,
1005 602 1111 637 atque,
1136 601 1172 626 ut
1200 606 1259 636 ego
1286 604 1412 636 quoque
1447 594 1487 624 ad
1516 600 1671 624 oratorum

215 650 424 682 imitationem
446 652 595 682 eximium
609 652 729 693 aliquid
750 657 782 682 et
797 651 953 692 singulare
970 650 1083 687 dicam,
1096 650 1283 691 jampridem
1298 648 1425 679 sublimi
1440 648 1543 678 animo
1556 647 1672 688 cog-ito,

215 709 248 733 et
270 705 496 745 sempiternum
521 706 600 736 illud
624 706 826 746 divinumque
849 705 1039 736 curriculum
1063 703 1250 745 permelior:
1275 712 1390 744 meque
1413 712 1450 732 ex
1467 702 1526 732 hac
1541 701 1672 732 infirmi-

215 762 280 788 tate
293 758 416 800 collegi,
433 764 470 790 ut
483 770 583 790 novus
595 760 687 790 homo
704 759 779 790 mihi
788 760 883 800 plane
894 769 962 789 esse
975 757 1096 788 videar.
1108 757 1210 798 Atqui
1224 756 1386 797 (inquam)
1402 755 1428 786 si
1437 760 1469 785 et
1483 755 1579 785 alium
1593 765 1671 796 quo-

214 822 277 852 que
289 822 464 843 sermonem
475 813 581 844 audire
596 813 687 850 velis,
704 824 798 854 quem
815 813 887 843 mihi
907 812 1003 853 [371]
1029 812 1170 854 Gobryas
1186 811 1262 842 olim
1277 810 1445 845 referebat,
1461 809 1507 839 vir
1522 819 1593 839 cum
1607 808 1672 849 pri-

215 865 277 895 mis
287 865 425 897 eruditus
440 872 472 897 et
483 867 575 909 Magi
588 868 683 898 etiam
695 867 821 898 nomine
834 866 978 903 illustris,
994 866 1039 897 ita
1055 866 1182 897 habeto.
1213 865 1247 895 Is
1262 875 1357 895 avum
1367 874 1455 894 suum
1471 868 1502 893 et
1512 861 1672 903 cognomi-

215 929 288 950 nem
301 919 436 956 dicebat,
450 921 481 951 in
493 921 587 952 Xerxi
601 921 790 952 memorabili
802 921 898 952 illain
915 920 1070 952 Graeciam
1087 919 1302 960 expeditione,
1317 919 1350 948 in
1367 917 1484 948 Delum
1495 917 1623 947 missum
1640 921 1675 946 ut

213 973 347 1005 insulam
363 980 500 1006 tueretur
518 987 524 1004 :
549 986 618 1016 quae
647 976 775 1017 quidem
790 975 893 1005 insula
909 975 1043 1006 duorum
1058 974 1189 1005 deorum
1201 972 1358 1003 natalibus
1372 971 1505 1003 celebris
1519 976 1577 1001 est.
1622 970 1673 1000 Ibi

214 1037 256 1057 ex
282 1028 376 1058 aeneis
397 1029 585 1070 quibusdam
610 1030 735 1066 tabulis,
765 1039 843 1070 quas
873 1039 910 1059 ex
935 1028 1153 1070 Hyperboreis
1174 1027 1332 1058 montibus
1362 1026 1442 1067 Opis
1457 1030 1490 1056 et
1505 1025 1677 1065 Heeaergus

216 1080 419 1119 detulissent,
436 1083 502 1113 haec
518 1093 552 1113 se
566 1082 761 1114 intellexisse
779 1082 1043 1113 commemorabat
1057 1094 1064 1112 :
1089 1083 1196 1119 Quum
1217 1081 1368 1111 videlicet
1380 1079 1476 1110 animi
1488 1084 1522 1110 et
1536 1078 1677 1120 corporis

215 1134 299 1166 facta
313 1141 397 1167 esset
411 1137 536 1173 solutio,
553 1138 692 1168 animum
707 1138 746 1168 ad
758 1136 1039 1178 inconspicabilem
1052 1136 1208 1178 quendam
1222 1136 1325 1166 locum
1339 1133 1507 1176 proficisci,
1522 1133 1677 1163 subterra-

215 1199 311 1220 neum
331 1191 455 1231 quidem
480 1191 570 1222 illum
583 1203 590 1222 :
616 1192 649 1222 in
676 1202 737 1232 quo
762 1191 908 1222 Plutonis
922 1191 1010 1232 regia
1023 1201 1086 1221 non
1101 1191 1202 1220 minor
1217 1190 1237 1222 J
1240 1190 1307 1220 ovis
1322 1188 1392 1220 aula
1405 1187 1445 1218 sit
1457 1188 1518 1218 sita
1532 1199 1538 1217 :
1563 1192 1677 1217 terram

215 1243 324 1274 mundi
350 1244 487 1275 universi
514 1245 652 1276 medium
676 1245 817 1276 obtinere
833 1257 839 1274 z
865 1246 976 1276 coelum
1001 1245 1165 1286 globosum
1179 1254 1258 1279 esse,
1275 1243 1363 1285 cujus
1378 1241 1539 1273 dimidiam
1555 1246 1677 1283 partem

215 1297 360 1328 coelestes
383 1298 600 1341 majorumque
628 1301 769 1341 gentium
796 1299 842 1330 dii
868 1305 1027 1330 tenerent:
1053 1300 1182 1330 alteram
1205 1297 1307 1334 inferi,
1334 1306 1464 1338 quorum
1486 1296 1540 1326 alii
1569 1295 1679 1325 fratres

216 1356 333 1388 essent,
358 1352 413 1383 alii
441 1363 546 1384 eorum
577 1353 680 1384 liberi.
725 1353 924 1384 Vestibulum
954 1358 1057 1384 autem
1087 1363 1149 1394 quo
1176 1352 1278 1383 aditus
1307 1356 1395 1392 patet
1423 1350 1462 1381 ad
1495 1349 1678 1381 Plutoniam

214 1405 344 1446 regiam,
369 1406 509 1437 claustris
536 1407 644 1438 ferreis
675 1407 786 1438 firmari
813 1412 907 1448 atque
943 1407 1039 1449 sepiri
1054 1419 1060 1436 z
1100 1413 1167 1437 turn
1202 1416 1278 1437 vero
1306 1405 1433 1435 fluvium
1464 1404 1678 1435 Acherontem

216 1469 389 1497 occurrere,
402 1460 516 1491 deinde
533 1461 686 1503 Cocytum
701 1472 708 1490 :
733 1461 846 1504 quibus
860 1461 996 1503 trajectis
1012 1461 1053 1492 ad
1069 1460 1213 1491 Minoem
1228 1465 1261 1490 et
1272 1459 1551 1490 Rhadamanthum
1563 1456 1681 1488 deduci

216 1518 371 1554 oporteat,
386 1513 420 1544 in
435 1525 509 1545 eum
523 1516 629 1546 locum
644 1515 700 1558 qui
715 1515 852 1556 Campus
867 1515 1005 1546 veritatis
1021 1514 1205 1556 appellatur.
1252 1513 1303 1543 Ibi
1326 1513 1452 1554 judices
1473 1512 1598 1548 sedent,
1625 1510 1680 1552 qui

217 1577 310 1607 quam
326 1568 460 1609 quisque
472 1569 569 1599 vitam
584 1570 685 1610 egerit
697 1580 800 1600 eorum
818 1569 872 1610 qui
886 1569 960 1600 illuc
975 1568 1118 1604 veniunt,
1134 1569 1286 1609 quibusve
1299 1567 1333 1597 in
1349 1566 1461 1597 studiis
1482 1570 1622 1597 versatus
1637 1565 1680 1595 sit

217 1621 292 1652 dum
308 1622 342 1652 in
354 1632 482 1663 corpore
498 1628 591 1660 esset,
607 1623 813 1663 quaestionem
829 1623 958 1653 habent.
978 1628 1011 1653 at
1026 1622 1130 1652 nullus
1143 1622 1189 1652 ibi
1203 1621 1367 1652 mendacio
1381 1620 1510 1651 relictus
1524 1625 1571 1650 est
1583 1619 1682 1650 locus.

215 1675 297 1706 Illos
321 1686 393 1706 vero
420 1676 474 1718 qui
500 1676 575 1707 boni
600 1677 751 1707 daemonis
775 1677 905 1707 ductum
921 1676 1161 1717 auspiciumque
1185 1675 1310 1716 sequuti
1335 1674 1431 1704 vitam
1447 1678 1554 1704 essent
1566 1671 1683 1703 imitati

218 1721 358 1768 deorum,
371 1731 534 1761 beatorum
549 1731 732 1772 piorumque
748 1730 839 1761 sedes
853 1731 1004 1761 incolere.
1047 1730 1098 1760 Ibi
1120 1733 1325 1770 tempestates
1350 1728 1423 1758 anni
1439 1727 1560 1768 frugum
1576 1726 1681 1757 omnis

217 1784 342 1824 generis
356 1784 447 1825 copia
461 1789 494 1815 et
509 1784 651 1814 ubertate
666 1783 835 1820 abundare,
850 1784 955 1814 fontes
971 1783 1060 1824 aquis
1075 1782 1308 1824 limpidissimis
1324 1786 1454 1818 scatere,
1470 1780 1573 1812 herbis
1584 1780 1682 1810 variis

215 1842 307 1879 prata
331 1838 508 1868 convestiri.
530 1838 597 1869 illic
624 1838 882 1879 philosophorum
899 1838 1022 1869 scholas
1038 1847 1121 1877 esse,
1136 1838 1259 1868 theatra
1274 1836 1448 1878 poetarum,
1465 1840 1498 1866 et
1510 1835 1681 1866 circulares

217 1891 339 1928 choros,
359 1891 492 1922 musicas
514 1891 704 1928 auditiones,
726 1897 902 1933 opportune
927 1892 1104 1933 composita
1129 1891 1285 1927 convivia,
1299 1896 1331 1921 et
1346 1890 1445 1931 dapes
1460 1899 1529 1930 quae
1543 1889 1624 1919 ultro
1640 1898 1679 1918 ex

216 1944 285 1986 ipso
301 1944 371 1976 loco
388 1946 644 1987 suppeditantur,
659 1951 692 1977 et
705 1946 910 1977 immortalem
926 1946 1082 1983 laetitiam,
1108 1945 1194 1976 omni
1211 1945 1349 1986 denique
1357 1943 1558 1984 jucunditate
1573 1942 1679 1984 perfu-

220 2009 288 2029 sam
313 1999 420 2030 vitam.
442 2010 506 2030 non
534 1999 619 2030 enim
643 2000 690 2030 vel
706 2000 849 2041 iniquum
866 2000 963 2042 frigus
977 2000 1027 2030 vel
1044 2000 1288 2041 intemperatum
1305 1999 1441 2029 calorem
1456 1997 1496 2027 ibi
1514 1996 1680 2032 dominari,

218 2052 276 2083 sed
298 2053 379 2084 bene
403 2058 610 2094 temperatum
627 2064 734 2084 aerem
748 2054 896 2090 diffundi,
915 2054 1080 2085 subtilibus
1093 2054 1168 2084 solis
1184 2053 1281 2083 radiis
1295 2052 1495 2082 illustratum.
1539 2050 1589 2081 Ibi
1605 2061 1680 2080 vero

218 2106 298 2148 ipsis
321 2107 453 2138 initiatis
467 2107 624 2148 quendam
642 2117 713 2138 esse
726 2107 949 2149 principatum,
966 2113 997 2139 et
1011 2118 1098 2139 sacra
1113 2107 1174 2138 diis
1190 2107 1249 2137 rite
1265 2106 1344 2137 fieri.
1390 2104 1476 2142 Quid
1488 2114 1562 2146 ergo
1575 2114 1679 2135 causae

221 2165 270 2191 est
284 2171 339 2192 cur
354 2166 387 2191 tu
404 2161 521 2202 primus
536 2162 621 2193 liu-nc
636 2163 788 2193 honorem
814 2162 942 2193 minime
969 2171 1173 2203 consequare,
1189 2171 1288 2202 quum
1302 2161 1345 2190 sis
1360 2159 1451 2201 stirps
1467 2164 1501 2190 et
1515 2158 1682 2200 progenies

220 2215 348 2245 deorum
361 2215 371 2244 ?
426 2215 597 2246 Herculem
625 2216 707 2246 enim
735 2216 842 2247 ferunt
868 2222 901 2247 et
929 2216 1076 2247 Liberum
1107 2220 1229 2257 patrem
1258 2214 1344 2255 prius
1374 2223 1467 2255 quam
1496 2213 1537 2243 ad
1564 2212 1682 2242 inferos

219 2267 462 2305 descenderent,
487 2269 538 2300 hic
565 2269 704 2300 initiatos
728 2280 808 2306 esse,
823 2270 973 2312 illiusque
988 2269 1108 2300 itineris
1126 2268 1319 2309 suscipiendi
1334 2267 1481 2297 fiduciam
1495 2267 1528 2296 in
1544 2266 1682 2307 ipsorum

220 2321 342 2352 animos
367 2322 406 2352 ab
431 2323 592 2353 Eleusinia
621 2324 814 2355 instillatam.
860 2324 1119 2361 Quorummutem
1136 2323 1201 2353 vita
1215 2332 1271 2362 per
1287 2321 1406 2352 scelera
1427 2320 1574 2351 traducta
1588 2324 1682 2356 esset,

220 2375 339 2416 raptari
353 2385 372 2406 a
394 2375 498 2406 Furiis
513 2377 553 2406 ad
579 2376 716 2407 Erebum
731 2383 765 2408 et
780 2378 886 2409 Chaos
901 2388 956 2418 per
969 2382 1129 2408 tartarum.
1163 2376 1234 2406 Illic
1250 2375 1411 2416 impiorum
1437 2374 1684 2415 profligatorum-

220 2439 281 2470 que
297 2429 402 2460 sedem
418 2439 486 2460 esse
500 2430 701 2461 destinatam.
744 2431 792 2461 Ibi
820 2431 1003 2462 Danaidum
1029 2435 1197 2472 perpetuas
1212 2440 1281 2461 esse
1296 2429 1490 2470 aquationes,
1508 2432 1542 2458 et
1556 2426 1685 2457 Tantali

219 2483 317 2519 sitim,
347 2488 380 2513 et
405 2483 494 2525 Tityi
518 2484 649 2521 viscera,
680 2490 713 2515 et
736 2485 904 2527 Sisyphum
936 2496 1046 2516 saxum
1074 2495 1208 2521 versare,
1238 2483 1406 2514 sudantem
1422 2481 1561 2517 nitendo,
1577 2490 1684 2521 neque

221 2537 378 2578 proficere
391 2537 488 2568 hilum
503 2550 510 2568 :
536 2538 625 2580 cujus
640 2538 786 2569 nimirum
804 2539 908 2570 exitus
919 2540 959 2570 sit
977 2539 1074 2581 [372]
1091 2548 1244 2569 novorum
1255 2538 1396 2568 laborum
1406 2534 1620 2577 primordium.
1635 2533 1686 2564 Ibi

221 2601 277 2622 eos
286 2590 420 2621 ferarum
439 2591 567 2628 laniatu,
583 2597 615 2622 et
627 2592 707 2633 ignis
722 2593 854 2624 flammis
868 2594 1040 2635 perpetuis,
1056 2594 1141 2624 omni
1155 2592 1310 2634 supplicio
1327 2591 1468 2626 affectos,
1479 2589 1603 2620 aeternis
1618 2598 1683 2629 poe-

226 2645 276 2679 nis
292 2645 545 2686 cruciatibusque
573 2647 688 2676 vexari.
734 2647 839 2688 Atque
863 2648 932 2679 haec
959 2648 1085 2689 quidem
1103 2657 1161 2688 ego
1177 2656 1196 2676 a
1211 2645 1340 2686 Gobrya
1370 2643 1494 2675 audivi:
1518 2647 1553 2673 tu
1568 2647 1686 2676 autem,

226 2698 379 2733 Axiocbe,
406 2698 445 2728 de
472 2699 520 2728 his
541 2700 714 2740 prudenter
736 2701 896 2732 statueris.
943 2701 1100 2742 Equidem
1116 2701 1205 2731 istius
1220 2699 1346 2730 rationis
1357 2698 1389 2728 vi
1403 2698 1449 2728 ita
1463 2696 1634 2738 pertrahor,
1652 2699 1687 2724 ut

223 2752 283 2783 hoc
299 2763 393 2783 unum
409 2758 514 2783 ratum
529 2752 688 2794 fixumque
700 2755 779 2785 mihi
790 2755 843 2791 sit,
856 2755 1006 2785 Hominis
1019 2755 1161 2786 animum
1175 2763 1246 2784 esse
1257 2752 1478 2787 immortalem,
1491 2750 1544 2791 qui
1557 2749 1687 2791 quidem

225 2815 265 2836 ex
279 2806 338 2836 hoc
357 2807 427 2837 loco
443 2807 575 2848 emigrat
589 2815 626 2837 ut
638 2808 671 2838 in
687 2809 748 2839 alio
763 2810 833 2840 loco
849 2810 888 2839 ab
903 2808 988 2840 omni
1005 2809 1111 2839 dolore
1128 2808 1208 2838 liber
1222 2812 1254 2837 et
1268 2806 1416 2837 immunis
1431 2803 1566 2835 feliciter
1579 2802 1664 2832 vivat
1679 2812 1686 2830 :

227 2859 291 2889 sive
316 2861 405 2891 locus
430 2861 485 2891 ille
511 2861 544 2891 in
575 2861 650 2893 locis
670 2862 849 2894 coelestibus
863 2863 903 2893 sit
917 2862 982 2894 sive
999 2862 1116 2892 inferis.
1137 2866 1258 2891 tantum
1275 2860 1401 2895 videris,
1419 2857 1570 2891 Axioche,
1587 2860 1622 2885 ut
1636 2854 1688 2895 pie

228 2911 326 2950 vivas,
343 2923 405 2954 quo
422 2913 486 2945 vita
500 2915 582 2946 hunc
599 2915 632 2946 in
647 2914 777 2947 modum
792 2916 948 2953 traducta,
965 2915 1152 2947 felicitatem
1166 2923 1369 2956 consequare.
1412 2910 1492 2941 Tum
1503 2909 1566 2945 ille.
