1840 3225
189 215 211 249 4
801 209 1066 249 PLAToms
1587 215 1656 266 [17

190 313 632 355 dirputationerejiciendam,
650 324 685 345 ac
702 313 783 343 vlam
809 314 966 355 quandam
989 314 1021 344 in
1045 313 1195 344 rationem
1219 318 1314 355 atque
1332 323 1502 345 sermonem
1518 325 1657 347 commo-

192 368 309 398 diorem
326 368 554 409 reperiendam,
570 367 636 408 ipse
660 367 692 398 id
717 367 877 404 meditare,
893 378 949 398 nos
966 377 1037 398 vero
1065 378 1118 409 pro
1136 367 1251 398 viribus
1278 373 1308 398 te
1335 367 1532 402 sectabimur.
1555 379 1658 410 neque

193 422 276 455 enim
293 422 424 463 exiguus
441 427 487 452 cst
503 432 602 452 sermo
630 431 777 462 praesenS,
794 433 812 452 o
836 422 990 452 Socrates.
1036 421 1091 452 So.
1115 421 1189 452 Non
1215 427 1310 461 certe,
1327 433 1345 452 o
1370 422 1479 462 pueri:
1505 422 1550 453 sic
1575 423 1657 453 enim

192 475 342 506 Philebus
359 487 413 506 vos
429 475 611 517 appellavit.
637 476 721 506 nulla
734 480 837 506 tamen
853 482 900 506 est
916 476 964 505 via
983 475 1150 517 pulchrior,
1167 485 1269 517 neque
1285 486 1352 506 esse
1368 481 1483 517 potest,
1500 486 1592 517 quam
1605 475 1660 507 itta

192 540 284 570 quam
301 540 422 571 semper
436 541 494 570 ego
511 529 619 562 dilexi.
666 530 708 559 At
724 530 777 560 illa
793 541 841 560 me
856 540 939 570 saepe
955 530 1088 570 fugiens,
1105 530 1260 560 desertum
1287 530 1477 571 inopemque
1503 529 1673 570 destituit.-

192 583 277 614 Pno.
303 585 455 620 Quaenam
473 584 556 614 ista?
579 584 630 615 dic
659 584 763 616 modo.
809 584 864 615 So.
889 584 991 620 Quam
1017 584 1172 615 declarare
1199 572 1282 614 hauh
1309 584 1438 614 nimium
1453 583 1580 615 difficile
1600 589 1658 620 est,

193 638 240 667 uti
259 649 328 668 vero
341 637 568 669 difficillimum.
615 639 823 678 Quaecunque
838 639 920 668 enim
937 648 992 679 per
1007 643 1103 669 artem
1129 638 1298 669 adinventa
1314 644 1398 678 sunt,
1417 639 1475 669 hac
1499 638 1531 668 in
1555 637 1657 669 lucem

192 691 371 722 hominibus
387 692 581 732 prodierunt.
627 691 853 723 Animadverte
869 702 988 733 quaeso,
1003 703 1096 734 quam
1114 693 1198 723 dico.
1244 693 1330 724 Pno.
1353 692 1417 723 Dic
1440 698 1555 724 tamen.
1600 692 1658 723 So.

192 744 321 775 Donum
337 746 476 786 profecto
493 746 621 776 deorum
647 747 685 776 atl
710 747 864 786 homines,
879 752 913 776 ut
936 746 1013 776 mihi
1030 747 1163 782 videtur,
1179 757 1234 788 per
1256 746 1476 777 Prometheum
1499 746 1656 787 quendam

192 809 252 829 una
277 810 347 830 cum
371 799 563 831 lucidissimo
589 801 726 842 quodam
752 800 824 842 igne
847 801 1022 832 descendit.
1048 801 1162 831 etenim
1178 801 1271 842 prisci
1299 801 1389 831 nobis
1414 792 1656 842 praestantiores,

190 853 314 894 diisque
351 854 600 895 propinquiores,
630 856 696 885 haec
725 856 815 885 nob's
845 855 970 885 oracula
993 855 1186 885 tradiderunt
1201 867 1207 884 :
1240 855 1325 896 quod
1354 865 1425 885 cum
1454 865 1491 885 ex
1524 864 1585 884 nno
1623 859 1656 884 et

191 906 295 937 rnultis
310 913 454 938 constent
470 909 622 944 universa,
639 919 709 949 quae
725 919 845 949 semper
859 920 925 939 esse
941 910 1099 944 dicuntur,
1118 908 1344 949 terminumque
1356 913 1388 938 et
1399 907 1554 938 infinitum
1568 907 1657 937 inna-

190 965 256 991 tum
273 962 420 999 habeant,
439 968 581 1003 oportere
597 973 653 992 nos
668 963 699 993 in
718 963 764 992 his
779 963 821 993 sic
837 974 868 993 se
883 962 1070 993 habentibus
1087 973 1179 993 unam
1203 973 1324 1003 semper
1339 961 1441 992 ideam
1463 962 1503 992 de
1517 960 1661 1003 quolibet

190 1014 360 1055 generatim
378 1022 530 1056 ponentes
545 1017 699 1057 inquirere
714 1027 721 1048 :
745 1027 813 1048 eam
829 1017 953 1047 insitam
970 1018 1160 1048 inventuros.
1185 1027 1277 1057 quam
1305 1016 1330 1046 si
1347 1015 1658 1056 comprehendamus,

190 1076 262 1109 post
274 1080 380 1106 unam,
396 1069 422 1100 si
439 1081 501 1110 quo
519 1071 611 1100 modo
629 1071 699 1100 duae
713 1071 786 1106 sint,
805 1071 986 1111 perscrutari
1003 1083 1009 1100 τ
1035 1072 1082 1101 sin
1098 1071 1200 1102 minus
1216 1071 1248 1101 id
1265 1076 1383 1112 pateat,
1406 1075 1478 1106 tres,
1494 1075 1549 1100 aut
1561 1069 1657 1101 alium

191 1133 351 1153 numerum
367 1134 502 1164 quaerere
518 1135 525 1153 ε
543 1128 575 1154 et
586 1124 750 1164 quodlibet
760 1134 864 1154 eorum
876 1133 946 1164 quae
960 1129 1031 1154 sunt
1042 1135 1150 1162 unum,
1165 1134 1268 1154 rursus
1279 1123 1391 1154 eodem
1401 1128 1493 1164 pacto
1506 1122 1657 1160 dividere,

189 1186 353 1217 quousque
369 1177 469 1217 ipsum
485 1177 516 1207 in
534 1177 688 1218 principio
706 1188 813 1213 unum,
838 1188 900 1207 non
917 1178 1010 1208 modo
1026 1179 1111 1219 quod
1137 1189 1231 1208 unum
1248 1177 1406 1218 multaque
1421 1182 1453 1208 et
1467 1176 1590 1207 infinita
1605 1177 1657 1214 sit,

190 1240 294 1260 verum
310 1229 404 1260 etiam
421 1236 498 1271 quot
513 1231 562 1267 sit,
576 1231 690 1272 aliquis
701 1237 810 1262 noscat
826 1243 831 1260 :
848 1231 959 1260 infiniti
974 1237 1077 1261 autem
1090 1232 1191 1262 ideam
1204 1242 1267 1262 non
1280 1231 1362 1272 prius
1373 1231 1412 1261 ad
1425 1230 1656 1261 multitudinem

190 1283 349 1321 adhibere,
379 1295 472 1326 quam
502 1285 571 1326 quis
602 1295 763 1315 numerum
794 1296 929 1321 omnem,
957 1286 1038 1316 inter
1066 1285 1221 1315 infinitum
1251 1290 1282 1315 et
1313 1295 1406 1314 unum
1438 1284 1575 1314 medium
1603 1294 1657 1315 ca-

190 1338 329 1374 dentem,
356 1338 507 1379 percipit:
534 1343 610 1369 tunc
635 1339 760 1368 demum
786 1349 880 1368 unum
904 1338 1072 1379 quodlibet
1094 1339 1230 1369 omnium
1254 1339 1435 1369 abeuntium
1451 1338 1482 1368 in
1499 1338 1655 1368 infinitum

190 1391 358 1423 dimittere.
383 1392 441 1422 Dii
457 1403 543 1433 ergo,
559 1398 594 1422 ut
609 1392 756 1432 diximus,
779 1392 821 1422 sic
838 1392 928 1422 nobis
944 1393 1142 1433 investigare,
1158 1393 1289 1433 discere,
1306 1398 1337 1424 et
1352 1392 1530 1423 alterutrum
1544 1393 1657 1423 docere

190 1445 356 1477 dederunt.
403 1445 467 1483 Qui
495 1456 565 1476 vero
582 1456 665 1476 nunc
681 1452 803 1476 exstant
826 1457 862 1477 ex
880 1447 1058 1477 hominibus
1082 1447 1156 1489 [17]
1181 1447 1350 1488 sapientes,
1367 1457 1462 1478 unum
1477 1447 1604 1488 quidem
1620 1457 1656 1478 ac

191 1499 301 1539 multa,
324 1505 483 1541 utcunque
502 1500 667 1541 contingit,
693 1500 830 1531 velocius
857 1506 952 1542 atque
977 1502 1094 1532 tardius
1117 1512 1209 1543 quam
1226 1503 1328 1538 decet,
1344 1501 1513 1540 inducunt,
1536 1506 1570 1532 et
1587 1506 1658 1542 post

190 1563 288 1583 unum
306 1552 428 1584 infinita
443 1553 592 1584 continuo
609 1567 615 1584 :
642 1555 745 1585 media
761 1566 831 1585 vero
847 1555 918 1586 illos
935 1556 1102 1596 effugiunt.
1148 1555 1271 1593 Quibus
1286 1554 1469 1596 disputandi
1485 1555 1574 1592 ratio,
1590 1561 1655 1586 tum

191 1607 369 1644 dialectica,
388 1613 452 1638 tum
469 1608 561 1639 etiam
588 1609 732 1649 litigiosa,
749 1609 882 1640 discreta
905 1615 962 1642 est.
1008 1610 1095 1641 Pno.
1120 1612 1200 1647 Quae
1225 1611 1318 1641 modo
1334 1610 1451 1647 dixisti,
1466 1621 1485 1641 o
1501 1610 1658 1647 Socrates,

190 1661 303 1701 partim
319 1661 491 1703 intelligere
508 1663 583 1693 mihi
599 1664 715 1700 videor,
733 1664 843 1704 partim
859 1664 969 1695 clarius
985 1665 1090 1695 audire
1107 1665 1260 1696 desidero.
1304 1665 1358 1695 So.
1378 1664 1581 1706 Perspicuum
1596 1665 1656 1695 hoc

189 1719 314 1745 constat
329 1715 359 1745 in
377 1715 484 1753 literis,
501 1727 519 1747 o
535 1717 715 1756 Protarcho,
731 1719 816 1760 quod
833 1718 978 1749 diximus.
1001 1719 1108 1760 itaque
1125 1720 1156 1749 in
1173 1719 1219 1750 his
1232 1730 1308 1760 quas
1325 1718 1475 1756 didicisti,
1487 1719 1519 1749 id
1534 1719 1654 1760 accipe.

190 1767 278 1799 Pno.
302 1770 447 1806 Quonam
465 1772 579 1811 pacto?
625 1772 678 1803 So.
704 1772 786 1807 Vox,
803 1773 940 1814 inquam,
965 1784 1002 1804 ex
1026 1785 1077 1805 ore
1095 1775 1183 1804 nobis
1206 1784 1370 1814 erumpens
1387 1784 1448 1804 una
1464 1779 1532 1804 est:
1559 1779 1591 1804 et
1606 1774 1656 1804 in·

189 1822 286 1853 finitae
302 1834 401 1854 rursus
419 1835 509 1856 voces
525 1836 664 1862 numero,
680 1832 712 1857 et
727 1832 909 1857 cunctorum
930 1828 1041 1868 pariter
1056 1833 1088 1859 et
1104 1828 1267 1870 cujusque.
1306 1828 1393 1860 Pno.
1418 1828 1561 1865 Quidni?
1599 1828 1654 1859 So.

190 1876 311 1907 Neutro
328 1882 431 1909 tamen
447 1879 553 1909 horum
571 1879 726 1921 sapientes
743 1881 903 1918 efficimur,
920 1892 978 1912 nec
994 1883 1078 1923 quod
1096 1882 1164 1922 ejus
1177 1883 1346 1919 infinitum,
1360 1893 1418 1913 nec
1431 1882 1557 1922 iterum,
1568 1884 1654 1924 quod

190 1931 259 1971 ejus
277 1942 371 1962 unum
388 1934 603 1973 cognoscimus
619 1945 627 1972 3
644 1935 697 1965 scd
715 1935 789 1975 quia
803 1941 836 1966 et
850 1942 927 1976 quot
942 1941 974 1967 et
989 1937 1097 1977 quales
1110 1942 1194 1972 sunt,
1211 1941 1361 1967 tenemus.
1377 1937 1436 1968 hoc
1448 1936 1529 1967 enim
1543 1948 1654 1967 unum-

190 1995 346 2026 quemque
385 1992 522 2016 nostrum
553 1988 785 2028 grannnaticum
816 1990 928 2021 reddit.
973 1990 1060 2021 Pno.
1086 1990 1256 2021 Verissima
1292 1990 1436 2032 loqueris.
1483 1990 1539 2022 So.
1563 1990 1654 2022 Idem

190 2049 317 2080 qnoque
334 2040 486 2070 musicum
504 2041 658 2072 hominem
675 2043 762 2074 facit.
807 2043 895 2075 Puo.
923 2045 995 2080 Qua
1010 2044 1130 2074 ratione
1148 2045 1159 2074 ?
1205 2045 1259 2077 So.
1285 2044 1358 2075 Una
1375 2045 1607 2086 quodammodo
1622 2049 1655 2076 et

189 2093 222 2123 in
241 2094 298 2124 hac
316 2101 379 2124 arte
397 2105 453 2124 vox
470 2101 527 2126 est.
559 2094 645 2127 Pno.
663 2097 806 2133 Quidni?
844 2098 899 2129 So.
917 2098 992 2129 Duo
1009 2099 1081 2129 item
1100 2099 1247 2140 ponenda
1261 2104 1344 2135 sunt,
1361 2109 1452 2140 grave
1469 2104 1501 2129 et
1514 2104 1653 2136 acutum,

190 2158 225 2178 ac
244 2148 365 2178 tertium
382 2153 475 2179 tonus
502 2150 632 2181 medius.
658 2161 762 2182 nonne
788 2151 855 2181 ita?
902 2152 990 2183 Pno.
1013 2153 1074 2183 Ita.
1120 2153 1175 2183 So.
1200 2152 1423 2183 Verumtamen
1450 2152 1590 2182 nondum
1606 2163 1655 2183 sa-

191 2201 282 2243 piens
298 2202 431 2233 musicus
447 2203 519 2241 eris,
536 2204 559 2233 si
576 2204 642 2235 liaec
659 2205 723 2234 sola
740 2206 927 2246 cognoveris
942 2217 951 2238 ε
976 2212 1007 2237 et
1022 2206 1080 2237 ista
1103 2207 1260 2247 ignorans,
1276 2212 1311 2236 ut
1337 2207 1380 2236 ita
1397 2205 1515 2248 loquar,
1538 2205 1654 2236 nullius

190 2255 250 2285 eris
267 2256 295 2285 in
312 2257 430 2286 musica
446 2257 546 2298 pretii.
591 2258 678 2290 Pno.
702 2258 841 2290 Nullius.
888 2260 945 2291 So.
968 2260 1028 2291 Sed
1049 2266 1224 2302 postquam,
1242 2272 1260 2291 υ
1275 2260 1385 2297 amice,
1397 2260 1566 2301 acceperis,
1576 2265 1654 2302 quot

191 2308 353 2340 intervalla
373 2311 456 2341 vocis
472 2322 600 2342 numero
628 2318 699 2343 sunt
714 2314 796 2345 circa
812 2325 903 2355 grave
920 2320 1013 2356 atque
1029 2321 1166 2351 acutum,
1182 2321 1214 2346 et
1228 2315 1343 2357 qualia,
1358 2325 1416 2346 nec
1432 2325 1494 2345 non
1511 2314 1657 2346 interval-

190 2362 288 2393 lorum
308 2364 441 2400 termini,
457 2370 487 2395 ct
513 2372 714 2408 quotcunque
731 2379 767 2398 ex
784 2369 831 2398 his
847 2370 1090 2410 compositiones
1106 2369 1306 2411 proveniunt.
1329 2379 1398 2410 qua:
1414 2368 1546 2410 majores
1560 2368 1657 2400 nostri

191 2418 434 2459 conspicientes,
453 2419 542 2449 nobis
559 2431 664 2450 eurum
690 2423 905 2460 sectatoribus,
929 2429 964 2453 ut
986 2423 1163 2464 hujusmodi
1189 2424 1333 2464 quaedam
1356 2423 1530 2453 harmonias
1545 2423 1655 2464 appel-

191 2470 334 2506 laremus,
352 2472 544 2503 tradiderunt
560 2485 566 2503 z
592 2474 624 2504 in
643 2476 776 2506 motibus
793 2483 939 2518 pra-terea
964 2478 1162 2519 gestibusque
1186 2478 1322 2518 corporis
1345 2477 1405 2507 alia
1421 2477 1565 2519 quaedam
1580 2477 1655 2508 talia

190 2525 292 2555 inesse
308 2533 527 2563 monstrarunt,
554 2539 623 2569 quae
642 2539 696 2569 per
713 2540 856 2561 numeros
873 2537 1058 2567 mensurata,
1081 2532 1242 2574 rhythmos
1265 2536 1359 2572 atque
1375 2541 1531 2562 mensuras
1550 2531 1655 2562 vocari

186 2578 307 2619 jussere
323 2591 329 2608 ι
347 2579 482 2620 cogitare
500 2587 659 2621 praeterea,
675 2585 760 2624 quod
777 2585 887 2615 eadem
905 2585 1024 2616 ratione
1039 2586 1080 2616 de
1096 2596 1285 2627 unoquoque
1298 2585 1383 2626 quod
1395 2595 1491 2616 unum
1507 2590 1541 2616 et
1556 2585 1653 2616 multa

190 2637 249 2668 est,
265 2633 460 2664 considerare
477 2635 638 2667 debemus.
662 2648 731 2667 nam
758 2640 885 2680 quando
902 2639 960 2669 ista
983 2640 1025 2670 sic
1049 2639 1179 2680 accipis,
1195 2639 1319 2680 sapiens
1341 2644 1416 2670 tunc
1439 2639 1558 2671 evadis.
1579 2649 1651 2670 cum

191 2697 263 2717 vero
279 2691 311 2717 et
326 2687 409 2718 aliud
427 2689 592 2730 quicquam
607 2690 651 2721 ita
666 2694 914 2733 comprehendis,
931 2694 1055 2734 sapiens
1070 2705 1170 2724 rursus
1186 2694 1267 2725 circa
1282 2694 1361 2724 illud
1377 2692 1528 2724 efficieris.
1574 2693 1650 2724 Infi-

190 2741 257 2771 nita
272 2747 375 2772 autem
392 2742 583 2784 singulorum
600 2750 632 2776 et
647 2745 678 2776 in
695 2747 824 2788 siugulis
841 2747 1007 2778 multitudo
1024 2753 1054 2779 tc
1072 2748 1245 2790 sapientire,
1261 2747 1400 2783 rationis,
1415 2747 1534 2778 numeri
1549 2747 1653 2778 reddit

190 2801 360 2836 expertem,
377 2802 487 2838 utpote
504 2798 534 2827 in
552 2809 711 2830 numerum
728 2801 848 2831 nullum
865 2801 998 2842 alicujus
1013 2802 1204 2844 quandoque
1218 2801 1445 2843 respicientem.
1466 2801 1551 2832 Pno.
1566 2800 1652 2831 Prae-

190 2848 271 2879 clare
288 2850 365 2885 haec,
383 2860 402 2880 ο
418 2850 563 2892 Philebe‚
578 2852 722 2884 Socrates
741 2855 815 2885 mihi
831 2855 944 2886 dixisse
961 2856 1095 2886 videtur.
1142 2856 1222 2887 Pur.
1246 2855 1326 2885 Mihi
1343 2864 1479 2896 quoque.
1503 2855 1557 2885 scd
1574 2855 1650 2896 quid

190 2901 266 2945 [18]
291 2904 329 2935 ad
347 2914 407 2935 rem
433 2905 482 2936 hic
499 2915 596 2938 sermo
611 2907 630 2937 ?'
646 2908 761 2949 quidve
779 2909 838 2940 sibi
855 2909 944 2940 vult?
990 2910 1046 2941 So.
1073 2909 1174 2942 Recte
1198 2909 1244 2946 id,
1268 2919 1286 2939 ο
1303 2908 1483 2947 Protarcbe,
1500 2908 1649 2941 Philebus
