<?xml version="1.0" encoding="UTF-8"?>
<!DOCTYPE html PUBLIC "-//W3C//DTD XHTML 1.0 Transitional//EN"
    "http://www.w3.org/TR/xhtml1/DTD/xhtml1-transitional.dtd">
<html xmlns="http://www.w3.org/1999/xhtml" xml:lang="en" lang="en">
 <head>
  <title>
</title>
<meta http-equiv="Content-Type" content="text/html;charset=utf-8" />
  <meta name='ocr-system' content='tesseract 3.04.00' />
  <meta name='ocr-capabilities' content='ocr_page ocr_carea ocr_par ocr_line ocrx_word'/>
</head>
<body>
  <div class='ocr_page' id='page_1' title='image "./platonisetquaeve11plat_0399.png"; bbox 0 0 1840 3225; ppageno 0'>
   <div class='ocr_carea' id='block_1_1' title="bbox 174 203 1624 257">
    <p class='ocr_par' dir='ltr' id='par_1_1' title="bbox 174 203 1624 257">
     <span class='ocr_line' id='line_1_1' title="bbox 174 203 1624 257; baseline 0.003 -11"><span class='ocrx_word' id='word_1_1' title='bbox 174 207 269 257; x_wconf 78' lang='lat'>830]</span> <span class='ocrx_word' id='word_1_2' title='bbox 607 206 679 245; x_wconf 90' lang='lat' dir='ltr'><strong>DE</strong></span> <span class='ocrx_word' id='word_1_3' title='bbox 709 203 937 243; x_wconf 88' lang='lat' dir='ltr'>LEGIBUS</span> <span class='ocrx_word' id='word_1_4' title='bbox 968 205 1067 246; x_wconf 87' lang='lat' dir='ltr'><strong>LIB.</strong></span> <span class='ocrx_word' id='word_1_5' title='bbox 1096 206 1207 246; x_wconf 90' lang='lat' dir='ltr'>VIII.</span> <span class='ocrx_word' id='word_1_6' title='bbox 1547 213 1624 250; x_wconf 80' lang='lat'><strong>383</strong></span> 
     </span>
    </p>
   </div>
   <div class='ocr_carea' id='block_1_2' title="bbox 158 305 1665 2947">
    <p class='ocr_par' dir='ltr' id='par_1_2' title="bbox 158 305 1665 2947">
     <span class='ocr_line' id='line_1_2' title="bbox 171 305 1619 352; baseline 0 -11"><span class='ocrx_word' id='word_1_7' title='bbox 171 311 262 352; x_wconf 88' lang='lat' dir='ltr'><strong>copia</strong></span> <span class='ocrx_word' id='word_1_8' title='bbox 279 315 311 342; x_wconf 87' lang='lat' dir='ltr'><strong>et</strong></span> <span class='ocrx_word' id='word_1_9' title='bbox 326 311 468 342; x_wconf 85' lang='lat' dir='ltr'><strong>libertate</strong></span> <span class='ocrx_word' id='word_1_10' title='bbox 484 305 611 352; x_wconf 75' lang='lat' dir='ltr'><strong>reperiri</strong></span> <span class='ocrx_word' id='word_1_11' title='bbox 624 321 686 341; x_wconf 86' lang='lat' dir='ltr'><strong>non</strong></span> <span class='ocrx_word' id='word_1_12' title='bbox 697 310 804 351; x_wconf 85' lang='lat' dir='ltr'><strong>possit.</strong></span> <span class='ocrx_word' id='word_1_13' title='bbox 828 319 936 339; x_wconf 88' lang='lat' dir='ltr'><strong>verum</strong></span> <span class='ocrx_word' id='word_1_14' title='bbox 949 315 1070 350; x_wconf 83' lang='lat' dir='ltr'><strong>oportet</strong></span> <span class='ocrx_word' id='word_1_15' title='bbox 1082 310 1193 351; x_wconf 81' lang='lat' dir='ltr'><strong>ipsam,</strong></span> <span class='ocrx_word' id='word_1_16' title='bbox 1209 311 1339 352; x_wconf 75' lang='lat' dir='ltr'><strong>perinde</strong></span> <span class='ocrx_word' id='word_1_17' title='bbox 1355 315 1447 352; x_wconf 83' lang='lat' dir='ltr'><strong>alque</strong></span> <span class='ocrx_word' id='word_1_18' title='bbox 1463 311 1619 342; x_wconf 90' lang='lat' dir='ltr'><strong>hominem</strong></span> 
     </span>
     <span class='ocr_line' id='line_1_3' title="bbox 172 363 1622 406; baseline 0 -12"><span class='ocrx_word' id='word_1_19' title='bbox 172 375 279 401; x_wconf 85' lang='lat' dir='ltr'><strong>unum,</strong></span> <span class='ocrx_word' id='word_1_20' title='bbox 295 365 374 396; x_wconf 82' lang='lat' dir='ltr'><strong>bene</strong></span> <span class='ocrx_word' id='word_1_21' title='bbox 389 366 503 396; x_wconf 82' lang='lat' dir='ltr'><strong>vivere.</strong></span> <span class='ocrx_word' id='word_1_22' title='bbox 529 364 626 406; x_wconf 78' lang='lat'>[829]</span> <span class='ocrx_word' id='word_1_23' title='bbox 651 364 783 395; x_wconf 81' lang='lat' dir='ltr'><strong>feliciter</strong></span> <span class='ocrx_word' id='word_1_24' title='bbox 797 368 899 393; x_wconf 80' lang='lat' dir='ltr'><strong>autem</strong></span> <span class='ocrx_word' id='word_1_25' title='bbox 917 363 1091 394; x_wconf 82' lang='lat' dir='ltr'><strong>viventibus</strong></span> <span class='ocrx_word' id='word_1_26' title='bbox 1106 367 1162 394; x_wconf 90' lang='lat' dir='ltr'><strong>hoc</strong></span> <span class='ocrx_word' id='word_1_27' title='bbox 1175 366 1349 396; x_wconf 81' lang='lat' dir='ltr'><strong>necessario</strong></span> <span class='ocrx_word' id='word_1_28' title='bbox 1364 366 1466 396; x_wconf 80' lang='lat' dir='ltr'><strong>inesse</strong></span> <span class='ocrx_word' id='word_1_29' title='bbox 1481 365 1622 406; x_wconf 82' lang='lat' dir='ltr'><strong>inprimis</strong></span> 
     </span>
     <span class='ocr_line' id='line_1_4' title="bbox 170 416 1623 460; baseline 0.001 -12"><span class='ocrx_word' id='word_1_30' title='bbox 170 424 303 459; x_wconf 79' lang='lat' dir='ltr'><strong>oportet,</strong></span> <span class='ocrx_word' id='word_1_31' title='bbox 327 424 360 449; x_wconf 93' lang='lat' dir='ltr'><strong>ut</strong></span> <span class='ocrx_word' id='word_1_32' title='bbox 375 429 432 450; x_wconf 86' lang='lat' dir='ltr'><strong>nec</strong></span> <span class='ocrx_word' id='word_1_33' title='bbox 449 419 509 460; x_wconf 88' lang='lat' dir='ltr'><strong>ipsi</strong></span> <span class='ocrx_word' id='word_1_34' title='bbox 524 418 593 448; x_wconf 84' lang='lat' dir='ltr'><strong>aliis</strong></span> <span class='ocrx_word' id='word_1_35' title='bbox 609 428 667 448; x_wconf 88' lang='lat' dir='ltr'><strong>nee</strong></span> <span class='ocrx_word' id='word_1_36' title='bbox 683 418 735 447; x_wconf 85' lang='lat' dir='ltr'><strong>alii</strong></span> <span class='ocrx_word' id='word_1_37' title='bbox 758 417 835 458; x_wconf 89' lang='lat' dir='ltr'><strong>ipsis</strong></span> <span class='ocrx_word' id='word_1_38' title='bbox 859 416 1003 457; x_wconf 87' lang='lat' dir='ltr'><strong>injuriam</strong></span> <span class='ocrx_word' id='word_1_39' title='bbox 1028 417 1172 448; x_wconf 85' lang='lat' dir='ltr'><strong>inferant.</strong></span> <span class='ocrx_word' id='word_1_40' title='bbox 1195 429 1321 458; x_wconf 88' lang='lat' dir='ltr'><strong>quorum</strong></span> <span class='ocrx_word' id='word_1_41' title='bbox 1335 421 1464 449; x_wconf 88' lang='lat' dir='ltr'><strong>alterum</strong></span> <span class='ocrx_word' id='word_1_42' title='bbox 1480 429 1544 449; x_wconf 88' lang='lat' dir='ltr'><strong>non</strong></span> <span class='ocrx_word' id='word_1_43' title='bbox 1573 424 1623 448; x_wconf 86' lang='lat' dir='ltr'><strong>est</strong></span> 
     </span>
     <span class='ocr_line' id='line_1_5' title="bbox 169 470 1624 513; baseline 0 -11"><span class='ocrx_word' id='word_1_44' title='bbox 169 472 339 503; x_wconf 84' lang='lat' dir='ltr'>admodum</span> <span class='ocrx_word' id='word_1_45' title='bbox 352 472 489 508; x_wconf 80' lang='lat' dir='ltr'><strong>difficile,</strong></span> <span class='ocrx_word' id='word_1_46' title='bbox 503 473 633 502; x_wconf 84' lang='lat' dir='ltr'><strong>alterum</strong></span> <span class='ocrx_word' id='word_1_47' title='bbox 646 481 731 506; x_wconf 75' lang='lat' dir='ltr'><strong>vero,</strong></span> <span class='ocrx_word' id='word_1_48' title='bbox 745 477 779 501; x_wconf 86' lang='lat' dir='ltr'><strong>ut</strong></span> <span class='ocrx_word' id='word_1_49' title='bbox 792 470 877 500; x_wconf 89' lang='lat' dir='ltr'><strong>nulla</strong></span> <span class='ocrx_word' id='word_1_50' title='bbox 893 470 990 511; x_wconf 84' lang='lat' dir='ltr'><strong>possis</strong></span> <span class='ocrx_word' id='word_1_51' title='bbox 1005 470 1119 511; x_wconf 88' lang='lat' dir='ltr'><strong>injuria</strong></span> <span class='ocrx_word' id='word_1_52' title='bbox 1133 471 1215 507; x_wconf 84' lang='lat' dir='ltr'><strong>laedi,</strong></span> <span class='ocrx_word' id='word_1_53' title='bbox 1231 471 1448 503; x_wconf 84' lang='lat' dir='ltr'><strong>difficillimum</strong></span> <span class='ocrx_word' id='word_1_54' title='bbox 1461 485 1466 502; x_wconf 91' lang='lat'>:</span> <span class='ocrx_word' id='word_1_55' title='bbox 1484 483 1542 504; x_wconf 90' lang='lat' dir='ltr'><strong>nec</strong></span> <span class='ocrx_word' id='word_1_56' title='bbox 1553 482 1624 513; x_wconf 89' lang='lat' dir='ltr'><strong>per-</strong></span> 
     </span>
     <span class='ocr_line' id='line_1_6' title="bbox 170 524 1622 568; baseline 0.001 -13"><span class='ocrx_word' id='word_1_57' title='bbox 170 526 252 557; x_wconf 81' lang='lat' dir='ltr'><strong>fecte</strong></span> <span class='ocrx_word' id='word_1_58' title='bbox 274 526 307 557; x_wconf 84' lang='lat' dir='ltr'><strong>id</strong></span> <span class='ocrx_word' id='word_1_59' title='bbox 323 527 483 568; x_wconf 89' lang='lat' dir='ltr'><strong>quisquam</strong></span> <span class='ocrx_word' id='word_1_60' title='bbox 499 526 590 556; x_wconf 81' lang='lat' dir='ltr'><strong>aliter</strong></span> <span class='ocrx_word' id='word_1_61' title='bbox 605 525 728 565; x_wconf 80' lang='lat' dir='ltr'><strong>assequi</strong></span> <span class='ocrx_word' id='word_1_62' title='bbox 743 530 857 565; x_wconf 86' lang='lat' dir='ltr'><strong>potest,</strong></span> <span class='ocrx_word' id='word_1_63' title='bbox 872 534 964 565; x_wconf 89' lang='lat' dir='ltr'><strong>quarn</strong></span> <span class='ocrx_word' id='word_1_64' title='bbox 981 530 1015 554; x_wconf 89' lang='lat' dir='ltr'><strong>ut</strong></span> <span class='ocrx_word' id='word_1_65' title='bbox 1030 524 1168 565; x_wconf 82' lang='lat' dir='ltr'><strong>perfecte</strong></span> <span class='ocrx_word' id='word_1_66' title='bbox 1183 525 1282 556; x_wconf 85' lang='lat' dir='ltr'><strong>bonus</strong></span> <span class='ocrx_word' id='word_1_67' title='bbox 1296 526 1457 556; x_wconf 88' lang='lat' dir='ltr'><strong>efficiatur.</strong></span> <span class='ocrx_word' id='word_1_68' title='bbox 1473 527 1558 556; x_wconf 90' lang='lat' dir='ltr'><strong>idem</strong></span> <span class='ocrx_word' id='word_1_69' title='bbox 1572 530 1622 556; x_wconf 84' lang='lat' dir='ltr'><strong>est</strong></span> 
     </span>
     <span class='ocr_line' id='line_1_7' title="bbox 170 578 1622 620; baseline 0.001 -11"><span class='ocrx_word' id='word_1_70' title='bbox 170 585 202 609; x_wconf 84' lang='lat' dir='ltr'><strong>et</strong></span> <span class='ocrx_word' id='word_1_71' title='bbox 216 581 247 610; x_wconf 88' lang='lat' dir='ltr'><strong>iu</strong></span> <span class='ocrx_word' id='word_1_72' title='bbox 263 581 398 611; x_wconf 84' lang='lat' dir='ltr'><strong>civitate.</strong></span> <span class='ocrx_word' id='word_1_73' title='bbox 419 590 492 610; x_wconf 86' lang='lat' dir='ltr'><strong>nam</strong></span> <span class='ocrx_word' id='word_1_74' title='bbox 508 579 534 609; x_wconf 84' lang='lat' dir='ltr'><strong>si</strong></span> <span class='ocrx_word' id='word_1_75' title='bbox 551 579 632 609; x_wconf 91' lang='lat' dir='ltr'><strong>bona</strong></span> <span class='ocrx_word' id='word_1_76' title='bbox 647 579 716 613; x_wconf 87' lang='lat' dir='ltr'><strong>erit,</strong></span> <span class='ocrx_word' id='word_1_77' title='bbox 731 579 763 608; x_wconf 90' lang='lat' dir='ltr'><strong>in</strong></span> <span class='ocrx_word' id='word_1_78' title='bbox 780 589 857 619; x_wconf 88' lang='lat' dir='ltr'><strong>pace</strong></span> <span class='ocrx_word' id='word_1_79' title='bbox 875 578 970 608; x_wconf 88' lang='lat' dir='ltr'><strong>vitam</strong></span> <span class='ocrx_word' id='word_1_80' title='bbox 995 583 1067 619; x_wconf 80' lang='lat' dir='ltr'><strong>aget</strong></span> <span class='ocrx_word' id='word_1_81' title='bbox 1085 589 1091 607; x_wconf 75' lang='lat' dir='ltr'>z</span> <span class='ocrx_word' id='word_1_82' title='bbox 1116 579 1164 609; x_wconf 84' lang='lat' dir='ltr'><strong>sin</strong></span> <span class='ocrx_word' id='word_1_83' title='bbox 1179 584 1282 610; x_wconf 84' lang='lat' dir='ltr'><strong>autem</strong></span> <span class='ocrx_word' id='word_1_84' title='bbox 1297 591 1403 620; x_wconf 83' lang='lat' dir='ltr'><strong>prava,</strong></span> <span class='ocrx_word' id='word_1_85' title='bbox 1419 585 1451 610; x_wconf 86' lang='lat' dir='ltr'><strong>et</strong></span> <span class='ocrx_word' id='word_1_86' title='bbox 1465 581 1622 610; x_wconf 72' lang='lat' dir='ltr'><strong>intestinis</strong></span> 
     </span>
     <span class='ocr_line' id='line_1_8' title="bbox 169 631 1624 674; baseline 0.001 -11"><span class='ocrx_word' id='word_1_87' title='bbox 169 633 372 664; x_wconf 87' lang='lat' dir='ltr'><strong>seditionibus</strong></span> <span class='ocrx_word' id='word_1_88' title='bbox 393 637 426 663; x_wconf 88' lang='lat' dir='ltr'><strong>et</strong></span> <span class='ocrx_word' id='word_1_89' title='bbox 446 632 583 662; x_wconf 87' lang='lat' dir='ltr'><strong>externis</strong></span> <span class='ocrx_word' id='word_1_90' title='bbox 612 632 700 661; x_wconf 85' lang='lat' dir='ltr'><strong>bellis</strong></span> <span class='ocrx_word' id='word_1_91' title='bbox 729 631 850 661; x_wconf 84' lang='lat' dir='ltr'><strong>assidue</strong></span> <span class='ocrx_word' id='word_1_92' title='bbox 867 631 1073 662; x_wconf 86' lang='lat' dir='ltr'><strong>infestabitur.</strong></span> <span class='ocrx_word' id='word_1_93' title='bbox 1094 643 1165 662; x_wconf 84' lang='lat' dir='ltr'><strong>cum</strong></span> <span class='ocrx_word' id='word_1_94' title='bbox 1177 633 1243 663; x_wconf 72' lang='lat' dir='ltr'><strong>hmc</strong></span> <span class='ocrx_word' id='word_1_95' title='bbox 1260 634 1303 663; x_wconf 85' lang='lat' dir='ltr'><strong>ita</strong></span> <span class='ocrx_word' id='word_1_96' title='bbox 1317 634 1412 664; x_wconf 81' lang='lat' dir='ltr'><strong>ferme</strong></span> <span class='ocrx_word' id='word_1_97' title='bbox 1427 645 1460 664; x_wconf 85' lang='lat' dir='ltr'><strong>se</strong></span> <span class='ocrx_word' id='word_1_98' title='bbox 1476 635 1624 674; x_wconf 80' lang='lat' dir='ltr'><strong>habeant,</strong></span> 
     </span>
     <span class='ocr_line' id='line_1_9' title="bbox 167 685 1623 727; baseline 0.001 -11"><span class='ocrx_word' id='word_1_99' title='bbox 167 696 231 717; x_wconf 89' lang='lat' dir='ltr'><strong>non</strong></span> <span class='ocrx_word' id='word_1_100' title='bbox 246 687 320 718; x_wconf 85' lang='lat' dir='ltr'><strong>belli</strong></span> <span class='ocrx_word' id='word_1_101' title='bbox 334 693 458 727; x_wconf 87' lang='lat' dir='ltr'><strong>tempus</strong></span> <span class='ocrx_word' id='word_1_102' title='bbox 473 687 729 727; x_wconf 77' lang='lat' dir='ltr'><strong>exspectandum,</strong></span> <span class='ocrx_word' id='word_1_103' title='bbox 745 685 846 726; x_wconf 31' lang='lat' dir='ltr'><strong>sed-in</strong></span> <span class='ocrx_word' id='word_1_104' title='bbox 863 686 931 727; x_wconf 89' lang='lat' dir='ltr'><strong>ipsa</strong></span> <span class='ocrx_word' id='word_1_105' title='bbox 946 696 1023 727; x_wconf 86' lang='lat' dir='ltr'><strong>pace</strong></span> <span class='ocrx_word' id='word_1_106' title='bbox 1036 686 1120 716; x_wconf 88' lang='lat' dir='ltr'><strong>cives</strong></span> <span class='ocrx_word' id='word_1_107' title='bbox 1135 687 1174 717; x_wconf 84' lang='lat' dir='ltr'><strong>ad</strong></span> <span class='ocrx_word' id='word_1_108' title='bbox 1197 697 1263 717; x_wconf 82' lang='lat' dir='ltr'><strong>rem</strong></span> <span class='ocrx_word' id='word_1_109' title='bbox 1282 687 1427 718; x_wconf 84' lang='lat' dir='ltr'><strong>bellicam</strong></span> <span class='ocrx_word' id='word_1_110' title='bbox 1443 688 1623 718; x_wconf 82' lang='lat' dir='ltr'><strong>exercendi.</strong></span> 
     </span>
     <span class='ocr_line' id='line_1_10' title="bbox 166 739 1621 783; baseline 0.001 -12"><span class='ocrx_word' id='word_1_111' title='bbox 166 751 240 781; x_wconf 85' lang='lat' dir='ltr'><strong>ergo</strong></span> <span class='ocrx_word' id='word_1_112' title='bbox 266 740 376 771; x_wconf 78' lang='lat' dir='ltr'><strong>civitas</strong></span> <span class='ocrx_word' id='word_1_113' title='bbox 403 740 462 770; x_wconf 88' lang='lat' dir='ltr'><strong>nisi</strong></span> <span class='ocrx_word' id='word_1_114' title='bbox 488 745 590 769; x_wconf 87' lang='lat' dir='ltr'><strong>mente</strong></span> <span class='ocrx_word' id='word_1_115' title='bbox 616 745 709 780; x_wconf 88' lang='lat' dir='ltr'><strong>capta</strong></span> <span class='ocrx_word' id='word_1_116' title='bbox 731 739 782 775; x_wconf 84' lang='lat' dir='ltr'><strong>sit,</strong></span> <span class='ocrx_word' id='word_1_117' title='bbox 800 739 929 780; x_wconf 83' lang='lat' dir='ltr'><strong>singulis</strong></span> <span class='ocrx_word' id='word_1_118' title='bbox 943 739 1101 770; x_wconf 87' lang='lat' dir='ltr'><strong>mensibus</strong></span> <span class='ocrx_word' id='word_1_119' title='bbox 1116 740 1246 771; x_wconf 83' lang='lat' dir='ltr'><strong>bellicas</strong></span> <span class='ocrx_word' id='word_1_120' title='bbox 1261 741 1340 771; x_wconf 87' lang='lat' dir='ltr'><strong>vires</strong></span> <span class='ocrx_word' id='word_1_121' title='bbox 1355 743 1542 783; x_wconf 79' lang='lat' dir='ltr'><strong>experietur,</strong></span> <span class='ocrx_word' id='word_1_122' title='bbox 1555 752 1621 772; x_wconf 86' lang='lat' dir='ltr'><strong>nou</strong></span> 
     </span>
     <span class='ocr_line' id='line_1_11' title="bbox 165 793 1665 844; baseline 0.001 -20"><span class='ocrx_word' id='word_1_123' title='bbox 165 795 268 825; x_wconf 88' lang='lat' dir='ltr'><strong>minus</strong></span> <span class='ocrx_word' id='word_1_124' title='bbox 281 805 343 825; x_wconf 85' lang='lat' dir='ltr'><strong>uno</strong></span> <span class='ocrx_word' id='word_1_125' title='bbox 361 794 422 830; x_wconf 88' lang='lat' dir='ltr'><strong>die,</strong></span> <span class='ocrx_word' id='word_1_126' title='bbox 438 794 494 824; x_wconf 84' lang='lat' dir='ltr'><strong>sed</strong></span> <span class='ocrx_word' id='word_1_127' title='bbox 511 793 650 835; x_wconf 74' lang='lat' dir='ltr'><strong>pluribus</strong></span> <span class='ocrx_word' id='word_1_128' title='bbox 663 793 770 830; x_wconf 81' lang='lat' dir='ltr'><strong>etiam&#39;,</strong></span> <span class='ocrx_word' id='word_1_129' title='bbox 787 801 880 834; x_wconf 78' lang='lat' dir='ltr'><strong>prout</strong></span> <span class='ocrx_word' id='word_1_130' title='bbox 895 794 1121 834; x_wconf 82' lang='lat' dir='ltr'><strong>magistratibus</strong></span> <span class='ocrx_word' id='word_1_131' title='bbox 1138 794 1212 835; x_wconf 90' lang='lat' dir='ltr'><strong>ipsis</strong></span> <span class='ocrx_word' id='word_1_132' title='bbox 1226 794 1392 831; x_wconf 83' lang='lat' dir='ltr'><strong>videbitur,</strong></span> <span class='ocrx_word' id='word_1_133' title='bbox 1409 796 1465 826; x_wconf 82' lang='lat' dir='ltr'><strong>viri</strong></span> <span class='ocrx_word' id='word_1_134' title='bbox 1481 797 1570 826; x_wconf 87' lang='lat' dir='ltr'><strong>simul</strong></span> <span class='ocrx_word' id='word_1_135' title='bbox 1587 802 1620 826; x_wconf 86' lang='lat' dir='ltr'><strong>et</strong></span> <span class='ocrx_word' id='word_1_136' title='bbox 1656 834 1665 844; x_wconf 42' lang='grc' dir='ltr'>ι</span> 
     </span>
     <span class='ocr_line' id='line_1_12' title="bbox 163 848 1618 891; baseline 0.001 -13"><span class='ocrx_word' id='word_1_137' title='bbox 163 848 311 879; x_wconf 87' lang='lat' dir='ltr'><strong>mulieres</strong></span> <span class='ocrx_word' id='word_1_138' title='bbox 336 854 369 879; x_wconf 88' lang='lat' dir='ltr'><strong>et</strong></span> <span class='ocrx_word' id='word_1_139' title='bbox 390 848 489 889; x_wconf 87' lang='lat' dir='ltr'><strong>pueri,</strong></span> <span class='ocrx_word' id='word_1_140' title='bbox 509 858 567 878; x_wconf 85' lang='lat' dir='ltr'><strong>nec</strong></span> <span class='ocrx_word' id='word_1_141' title='bbox 593 848 696 878; x_wconf 65' lang='lat' dir='ltr'><strong>hieme</strong></span> <span class='ocrx_word' id='word_1_142' title='bbox 713 858 771 878; x_wconf 83' lang='lat' dir='ltr'><strong>nec</strong></span> <span class='ocrx_word' id='word_1_143' title='bbox 785 856 862 878; x_wconf 82' lang='lat' dir='ltr'><strong>aestu</strong></span> <span class='ocrx_word' id='word_1_144' title='bbox 878 848 986 883; x_wconf 86' lang='lat' dir='ltr'><strong>vitato,</strong></span> <span class='ocrx_word' id='word_1_145' title='bbox 999 853 1034 878; x_wconf 86' lang='lat' dir='ltr'><strong>ut</strong></span> <span class='ocrx_word' id='word_1_146' title='bbox 1050 849 1149 889; x_wconf 81' lang='lat' dir='ltr'><strong>parati</strong></span> <span class='ocrx_word' id='word_1_147' title='bbox 1164 848 1226 880; x_wconf 91' lang='lat' dir='ltr'><strong>sint</strong></span> <span class='ocrx_word' id='word_1_148' title='bbox 1239 860 1356 885; x_wconf 86' lang='lat' dir='ltr'><strong>omnes,</strong></span> <span class='ocrx_word' id='word_1_149' title='bbox 1371 850 1618 891; x_wconf 78' lang='lat' dir='ltr'><strong>quandocunque</strong></span> 
     </span>
     <span class='ocr_line' id='line_1_13' title="bbox 162 900 1624 945; baseline 0.002 -13"><span class='ocrx_word' id='word_1_150' title='bbox 162 903 340 933; x_wconf 87' lang='lat' dir='ltr'><strong>universum</strong></span> <span class='ocrx_word' id='word_1_151' title='bbox 356 902 585 943; x_wconf 84' lang='lat' dir='ltr'><strong>quodammodo</strong></span> <span class='ocrx_word' id='word_1_152' title='bbox 599 901 733 932; x_wconf 79' lang='lat' dir='ltr'><strong>educere</strong></span> <span class='ocrx_word' id='word_1_153' title='bbox 749 902 898 943; x_wconf 88' lang='lat' dir='ltr'><strong>populum</strong></span> <span class='ocrx_word' id='word_1_154' title='bbox 910 902 1141 943; x_wconf 83' lang='lat' dir='ltr'><strong>magistratibus</strong></span> <span class='ocrx_word' id='word_1_155' title='bbox 1152 903 1248 933; x_wconf 87' lang='lat' dir='ltr'><strong>visum</strong></span> <span class='ocrx_word' id='word_1_156' title='bbox 1260 904 1367 934; x_wconf 82' lang='lat' dir='ltr'><strong>fuerit:</strong></span> <span class='ocrx_word' id='word_1_157' title='bbox 1392 904 1432 934; x_wconf 88' lang='lat' dir='ltr'><strong>ad</strong></span> <span class='ocrx_word' id='word_1_158' title='bbox 1447 905 1541 945; x_wconf 90' lang='lat' dir='ltr'><strong>idque</strong></span> <span class='ocrx_word' id='word_1_159' title='bbox 1554 900 1624 935; x_wconf 83' lang='lat' dir='ltr'><strong>ludi</strong></span> 
     </span>
     <span class='ocr_line' id='line_1_14' title="bbox 163 956 1624 999; baseline 0.001 -12"><span class='ocrx_word' id='word_1_160' title='bbox 163 958 255 988; x_wconf 80' lang='lat' dir='ltr'><strong>etiam</strong></span> <span class='ocrx_word' id='word_1_161' title='bbox 288 957 508 988; x_wconf 83' lang='lat' dir='ltr'><strong>convenientes</strong></span> <span class='ocrx_word' id='word_1_162' title='bbox 529 966 591 986; x_wconf 85' lang='lat' dir='ltr'><strong>una</strong></span> <span class='ocrx_word' id='word_1_163' title='bbox 614 966 684 986; x_wconf 87' lang='lat' dir='ltr'><strong>cum</strong></span> <span class='ocrx_word' id='word_1_164' title='bbox 711 957 869 986; x_wconf 79' lang='lat' dir='ltr'><strong>sacrificiis</strong></span> <span class='ocrx_word' id='word_1_165' title='bbox 892 956 1101 996; x_wconf 82' lang='lat' dir='ltr'><strong>excogitandi,</strong></span> <span class='ocrx_word' id='word_1_166' title='bbox 1123 962 1158 986; x_wconf 88' lang='lat' dir='ltr'><strong>ut</strong></span> <span class='ocrx_word' id='word_1_167' title='bbox 1180 968 1294 999; x_wconf 79' lang='lat' dir='ltr'><strong>pugnae</strong></span> <span class='ocrx_word' id='word_1_168' title='bbox 1310 958 1452 999; x_wconf 86' lang='lat' dir='ltr'><strong>quaedam</strong></span> <span class='ocrx_word' id='word_1_169' title='bbox 1468 959 1624 989; x_wconf 84' lang='lat' dir='ltr'><strong>solemnes</strong></span> 
     </span>
     <span class='ocr_line' id='line_1_15' title="bbox 162 1010 1622 1053; baseline 0.001 -12"><span class='ocrx_word' id='word_1_170' title='bbox 162 1011 345 1052; x_wconf 76' lang='lat' dir='ltr'><strong>sestivaeqne</strong></span> <span class='ocrx_word' id='word_1_171' title='bbox 373 1011 460 1047; x_wconf 84' lang='lat' dir='ltr'><strong>fiant,</strong></span> <span class='ocrx_word' id='word_1_172' title='bbox 486 1010 614 1040; x_wconf 80' lang='lat' dir='ltr'><strong>bellicas</strong></span> <span class='ocrx_word' id='word_1_173' title='bbox 637 1020 757 1051; x_wconf 83' lang='lat' dir='ltr'><strong>pugnas</strong></span> <span class='ocrx_word' id='word_1_174' title='bbox 783 1020 874 1051; x_wconf 85' lang='lat' dir='ltr'><strong>quam</strong></span> <span class='ocrx_word' id='word_1_175' title='bbox 902 1010 1035 1040; x_wconf 78' lang='lat' dir='ltr'><strong>maxime</strong></span> <span class='ocrx_word' id='word_1_176' title='bbox 1061 1010 1231 1042; x_wconf 83' lang='lat' dir='ltr'><strong>imitantes.</strong></span> <span class='ocrx_word' id='word_1_177' title='bbox 1252 1017 1284 1042; x_wconf 87' lang='lat' dir='ltr'><strong>et</strong></span> <span class='ocrx_word' id='word_1_178' title='bbox 1299 1012 1467 1043; x_wconf 85' lang='lat' dir='ltr'><strong>victoribus</strong></span> <span class='ocrx_word' id='word_1_179' title='bbox 1480 1012 1622 1053; x_wconf 76' lang='lat' dir='ltr'><strong>praemia,</strong></span> 
     </span>
     <span class='ocr_line' id='line_1_16' title="bbox 161 1064 1621 1105; baseline 0.002 -11"><span class='ocrx_word' id='word_1_180' title='bbox 161 1065 294 1103; x_wconf 88' lang='lat' dir='ltr'><strong>laudes;</strong></span> <span class='ocrx_word' id='word_1_181' title='bbox 317 1065 407 1095; x_wconf 87' lang='lat' dir='ltr'><strong>victis</strong></span> <span class='ocrx_word' id='word_1_182' title='bbox 434 1069 541 1095; x_wconf 84' lang='lat' dir='ltr'><strong>contra</strong></span> <span class='ocrx_word' id='word_1_183' title='bbox 565 1064 810 1105; x_wconf 87' lang='lat' dir='ltr'><strong>vituperationes</strong></span> <span class='ocrx_word' id='word_1_184' title='bbox 839 1065 925 1100; x_wconf 83' lang='lat' dir='ltr'><strong>fiant,</strong></span> <span class='ocrx_word' id='word_1_185' title='bbox 953 1069 1044 1105; x_wconf 88' lang='lat' dir='ltr'><strong>prout</strong></span> <span class='ocrx_word' id='word_1_186' title='bbox 1068 1066 1181 1105; x_wconf 79' lang='lat' dir='ltr'><strong>singuli</strong></span> <span class='ocrx_word' id='word_1_187' title='bbox 1203 1071 1235 1096; x_wconf 87' lang='lat' dir='ltr'><strong>et</strong></span> <span class='ocrx_word' id='word_1_188' title='bbox 1259 1067 1292 1096; x_wconf 92' lang='lat' dir='ltr'><strong>in</strong></span> <span class='ocrx_word' id='word_1_189' title='bbox 1309 1067 1527 1097; x_wconf 62' lang='lat' dir='ltr'><strong>certaminibus</strong></span> <span class='ocrx_word' id='word_1_190' title='bbox 1542 1066 1621 1097; x_wconf 81' lang='lat' dir='ltr'><strong>etin</strong></span> 
     </span>
     <span class='ocr_line' id='line_1_17' title="bbox 161 1118 1620 1162; baseline 0.001 -13"><span class='ocrx_word' id='word_1_191' title='bbox 161 1119 246 1149; x_wconf 91' lang='lat' dir='ltr'><strong>omni</strong></span> <span class='ocrx_word' id='word_1_192' title='bbox 260 1119 323 1149; x_wconf 85' lang='lat' dir='ltr'><strong>vita</strong></span> <span class='ocrx_word' id='word_1_193' title='bbox 338 1129 371 1148; x_wconf 81' lang='lat' dir='ltr'><strong>se</strong></span> <span class='ocrx_word' id='word_1_194' title='bbox 388 1123 559 1159; x_wconf 86' lang='lat' dir='ltr'><strong>gesserunt.</strong></span> <span class='ocrx_word' id='word_1_195' title='bbox 582 1118 625 1148; x_wconf 86' lang='lat' dir='ltr'><strong>sic</strong></span> <span class='ocrx_word' id='word_1_196' title='bbox 639 1119 775 1159; x_wconf 82' lang='lat' dir='ltr'><strong>optimus</strong></span> <span class='ocrx_word' id='word_1_197' title='bbox 790 1119 920 1160; x_wconf 85' lang='lat' dir='ltr'><strong>quisque</strong></span> <span class='ocrx_word' id='word_1_198' title='bbox 936 1119 1076 1150; x_wconf 75' lang='lat' dir='ltr'><strong>laudibus</strong></span> <span class='ocrx_word' id='word_1_199' title='bbox 1091 1119 1248 1158; x_wconf 73' lang='lat' dir='ltr'><strong>efferatur,</strong></span> <span class='ocrx_word' id='word_1_200' title='bbox 1262 1125 1294 1151; x_wconf 89' lang='lat' dir='ltr'><strong>et</strong></span> <span class='ocrx_word' id='word_1_201' title='bbox 1306 1121 1530 1162; x_wconf 84' lang='lat' dir='ltr'><strong>vituperatione</strong></span> <span class='ocrx_word' id='word_1_202' title='bbox 1545 1131 1620 1151; x_wconf 86' lang='lat' dir='ltr'><strong>con—</strong></span> 
     </span>
     <span class='ocr_line' id='line_1_18' title="bbox 159 1172 1620 1216; baseline 0.001 -13"><span class='ocrx_word' id='word_1_203' title='bbox 159 1173 269 1203; x_wconf 78' lang='lat' dir='ltr'><strong>trarius</strong></span> <span class='ocrx_word' id='word_1_204' title='bbox 295 1172 497 1214; x_wconf 81' lang='lat' dir='ltr'><strong>deprimatur.</strong></span> <span class='ocrx_word' id='word_1_205' title='bbox 518 1183 577 1202; x_wconf 89' lang='lat' dir='ltr'><strong>nec</strong></span> <span class='ocrx_word' id='word_1_206' title='bbox 606 1183 715 1202; x_wconf 88' lang='lat' dir='ltr'><strong>omnes</strong></span> <span class='ocrx_word' id='word_1_207' title='bbox 745 1174 851 1203; x_wconf 81' lang='lat' dir='ltr'><strong>harum</strong></span> <span class='ocrx_word' id='word_1_208' title='bbox 877 1184 979 1203; x_wconf 85' lang='lat' dir='ltr'><strong>rerum</strong></span> <span class='ocrx_word' id='word_1_209' title='bbox 1002 1173 1106 1214; x_wconf 77' lang='lat' dir='ltr'><strong>po&#39;etae</strong></span> <span class='ocrx_word' id='word_1_210' title='bbox 1133 1174 1195 1204; x_wconf 88' lang='lat' dir='ltr'><strong>sint</strong></span> <span class='ocrx_word' id='word_1_211' title='bbox 1209 1186 1214 1203; x_wconf 73' lang='grc' dir='ltr'><strong>ε</strong></span> <span class='ocrx_word' id='word_1_212' title='bbox 1240 1174 1297 1205; x_wconf 89' lang='lat' dir='ltr'><strong>sed</strong></span> <span class='ocrx_word' id='word_1_213' title='bbox 1320 1176 1461 1216; x_wconf 88' lang='lat' dir='ltr'><strong>primum,</strong></span> <span class='ocrx_word' id='word_1_214' title='bbox 1488 1176 1540 1215; x_wconf 91' lang='lat' dir='ltr'><strong>qui</strong></span> <span class='ocrx_word' id='word_1_215' title='bbox 1555 1186 1620 1205; x_wconf 83' lang='lat' dir='ltr'><strong>non</strong></span> 
     </span>
     <span class='ocr_line' id='line_1_19' title="bbox 161 1226 1617 1271; baseline 0.002 -15"><span class='ocrx_word' id='word_1_216' title='bbox 161 1227 322 1267; x_wconf 84' lang='lat' dir='ltr'><strong>pauciores</strong></span> <span class='ocrx_word' id='word_1_217' title='bbox 344 1237 437 1267; x_wconf 83' lang='lat' dir='ltr'><strong>quam</strong></span> <span class='ocrx_word' id='word_1_218' title='bbox 460 1226 687 1268; x_wconf 84' lang='lat' dir='ltr'><strong>quinquaginta</strong></span> <span class='ocrx_word' id='word_1_219' title='bbox 711 1237 810 1257; x_wconf 90' lang='lat' dir='ltr'><strong>annos</strong></span> <span class='ocrx_word' id='word_1_220' title='bbox 836 1232 928 1257; x_wconf 84' lang='lat' dir='ltr'><strong>natus</strong></span> <span class='ocrx_word' id='word_1_221' title='bbox 955 1227 1015 1258; x_wconf 87' lang='lat' dir='ltr'><strong>sit:</strong></span> <span class='ocrx_word' id='word_1_222' title='bbox 1042 1228 1170 1266; x_wconf 87' lang='lat' dir='ltr'><strong>deinde,</strong></span> <span class='ocrx_word' id='word_1_223' title='bbox 1200 1230 1330 1269; x_wconf 86' lang='lat' dir='ltr'><strong>quinon</strong></span> <span class='ocrx_word' id='word_1_224' title='bbox 1347 1230 1444 1260; x_wconf 87' lang='lat' dir='ltr'><strong>solum</strong></span> <span class='ocrx_word' id='word_1_225' title='bbox 1462 1229 1617 1271; x_wconf 71' lang='lat' dir='ltr'><strong>poeticam</strong></span> 
     </span>
     <span class='ocr_line' id='line_1_20' title="bbox 162 1280 1620 1324; baseline 0.002 -13"><span class='ocrx_word' id='word_1_226' title='bbox 162 1281 289 1311; x_wconf 84' lang='lat' dir='ltr'><strong>Musam</strong></span> <span class='ocrx_word' id='word_1_227' title='bbox 314 1281 501 1312; x_wconf 80' lang='lat' dir='ltr'><strong>sufficienter</strong></span> <span class='ocrx_word' id='word_1_228' title='bbox 524 1280 715 1322; x_wconf 82' lang='lat' dir='ltr'><strong>possideant,</strong></span> <span class='ocrx_word' id='word_1_229' title='bbox 731 1292 836 1312; x_wconf 90' lang='lat' dir='ltr'><strong>verum</strong></span> <span class='ocrx_word' id='word_1_230' title='bbox 852 1281 946 1312; x_wconf 87' lang='lat' dir='ltr'><strong>etiam</strong></span> <span class='ocrx_word' id='word_1_231' title='bbox 964 1283 1142 1322; x_wconf 70' lang='lat' dir='ltr'><strong>praeclarum</strong></span> <span class='ocrx_word' id='word_1_232' title='bbox 1161 1288 1193 1313; x_wconf 86' lang='lat' dir='ltr'><strong>et</strong></span> <span class='ocrx_word' id='word_1_233' title='bbox 1207 1283 1328 1324; x_wconf 82' lang='lat' dir='ltr'><strong>insigne</strong></span> <span class='ocrx_word' id='word_1_234' title='bbox 1344 1284 1462 1324; x_wconf 87' lang='lat' dir='ltr'><strong>aliquid</strong></span> <span class='ocrx_word' id='word_1_235' title='bbox 1478 1284 1620 1314; x_wconf 83' lang='lat' dir='ltr'><strong>fecerint.</strong></span> 
     </span>
     <span class='ocr_line' id='line_1_21' title="bbox 160 1335 1621 1378; baseline 0.002 -14"><span class='ocrx_word' id='word_1_236' title='bbox 160 1344 265 1365; x_wconf 90' lang='lat' dir='ltr'><strong>eornm</strong></span> <span class='ocrx_word' id='word_1_237' title='bbox 282 1344 365 1376; x_wconf 83' lang='lat' dir='ltr'><strong>ergo,</strong></span> <span class='ocrx_word' id='word_1_238' title='bbox 381 1336 432 1376; x_wconf 89' lang='lat' dir='ltr'><strong>qui</strong></span> <span class='ocrx_word' id='word_1_239' title='bbox 445 1335 519 1366; x_wconf 86' lang='lat' dir='ltr'><strong>boni</strong></span> <span class='ocrx_word' id='word_1_240' title='bbox 536 1335 591 1364; x_wconf 88' lang='lat' dir='ltr'><strong>viri</strong></span> <span class='ocrx_word' id='word_1_241' title='bbox 607 1335 784 1376; x_wconf 87' lang='lat' dir='ltr'><strong>honoreque</strong></span> <span class='ocrx_word' id='word_1_242' title='bbox 797 1335 884 1376; x_wconf 85' lang='lat' dir='ltr'><strong>digni</strong></span> <span class='ocrx_word' id='word_1_243' title='bbox 900 1340 972 1365; x_wconf 87' lang='lat' dir='ltr'><strong>sunt</strong></span> <span class='ocrx_word' id='word_1_244' title='bbox 985 1336 1018 1366; x_wconf 88' lang='lat' dir='ltr'><strong>in</strong></span> <span class='ocrx_word' id='word_1_245' title='bbox 1031 1336 1155 1367; x_wconf 85' lang='lat' dir='ltr'><strong>civitate</strong></span> <span class='ocrx_word' id='word_1_246' title='bbox 1169 1342 1201 1367; x_wconf 86' lang='lat' dir='ltr'><strong>et</strong></span> <span class='ocrx_word' id='word_1_247' title='bbox 1213 1348 1261 1367; x_wconf 89' lang='lat' dir='ltr'><strong>res</strong></span> <span class='ocrx_word' id='word_1_248' title='bbox 1273 1338 1437 1378; x_wconf 72' lang='lat' dir='ltr'><strong>praeclaras</strong></span> <span class='ocrx_word' id='word_1_249' title='bbox 1448 1342 1621 1378; x_wconf 83' lang='lat' dir='ltr'><strong>gesserunt,</strong></span> 
     </span>
     <span class='ocr_line' id='line_1_22' title="bbox 159 1388 1619 1432; baseline 0.003 -14"><span class='ocrx_word' id='word_1_250' title='bbox 159 1388 319 1429; x_wconf 69' lang='lat' dir='ltr'><strong>poemata,</strong></span> <span class='ocrx_word' id='word_1_251' title='bbox 343 1389 465 1419; x_wconf 88' lang='lat' dir='ltr'><strong>etiamsi</strong></span> <span class='ocrx_word' id='word_1_252' title='bbox 489 1389 591 1419; x_wconf 81' lang='lat' dir='ltr'><strong>minus</strong></span> <span class='ocrx_word' id='word_1_253' title='bbox 606 1389 725 1419; x_wconf 82' lang='lat' dir='ltr'><strong>musica</strong></span> <span class='ocrx_word' id='word_1_254' title='bbox 741 1394 825 1429; x_wconf 83' lang='lat' dir='ltr'><strong>sunt,</strong></span> <span class='ocrx_word' id='word_1_255' title='bbox 841 1389 1060 1421; x_wconf 85' lang='lat' dir='ltr'><strong>decantentur.</strong></span> <span class='ocrx_word' id='word_1_256' title='bbox 1084 1390 1170 1432; x_wconf 86' lang='lat' dir='ltr'><strong>cujus</strong></span> <span class='ocrx_word' id='word_1_257' title='bbox 1184 1391 1228 1421; x_wconf 84' lang='lat' dir='ltr'><strong>rei</strong></span> <span class='ocrx_word' id='word_1_258' title='bbox 1248 1391 1403 1432; x_wconf 85' lang='lat' dir='ltr'><strong>judicium</strong></span> <span class='ocrx_word' id='word_1_259' title='bbox 1417 1392 1528 1432; x_wconf 87' lang='lat' dir='ltr'><strong>puerili</strong></span> <span class='ocrx_word' id='word_1_260' title='bbox 1543 1392 1619 1423; x_wconf 87' lang='lat' dir='ltr'><strong>doc-</strong></span> 
     </span>
     <span class='ocr_line' id='line_1_23' title="bbox 159 1442 1618 1486; baseline 0.003 -14"><span class='ocrx_word' id='word_1_261' title='bbox 159 1442 248 1472; x_wconf 84' lang='lat' dir='ltr'><strong>trinae</strong></span> <span class='ocrx_word' id='word_1_262' title='bbox 273 1443 458 1484; x_wconf 62' lang='lat' dir='ltr'><strong>praepositus</strong></span> <span class='ocrx_word' id='word_1_263' title='bbox 480 1443 639 1484; x_wconf 84' lang='lat' dir='ltr'><strong>ceterique</strong></span> <span class='ocrx_word' id='word_1_264' title='bbox 662 1443 807 1474; x_wconf 82' lang='lat' dir='ltr'><strong>custodes</strong></span> <span class='ocrx_word' id='word_1_265' title='bbox 831 1444 967 1474; x_wconf 85' lang='lat' dir='ltr'><strong>habeant</strong></span> <span class='ocrx_word' id='word_1_266' title='bbox 978 1445 1094 1485; x_wconf 84' lang='lat' dir='ltr'><strong>legum.</strong></span> <span class='ocrx_word' id='word_1_267' title='bbox 1117 1445 1150 1476; x_wconf 92' lang='lat' dir='ltr'><strong>hi</strong></span> <span class='ocrx_word' id='word_1_268' title='bbox 1167 1445 1270 1486; x_wconf 84' lang='lat' dir='ltr'><strong>probis</strong></span> <span class='ocrx_word' id='word_1_269' title='bbox 1284 1445 1359 1476; x_wconf 84' lang='lat' dir='ltr'><strong>viris</strong></span> <span class='ocrx_word' id='word_1_270' title='bbox 1373 1446 1519 1476; x_wconf 86' lang='lat' dir='ltr'><strong>honorem</strong></span> <span class='ocrx_word' id='word_1_271' title='bbox 1535 1447 1618 1477; x_wconf 87' lang='lat' dir='ltr'><strong>hunc</strong></span> 
     </span>
     <span class='ocr_line' id='line_1_24' title="bbox 160 1486 1620 1540; baseline 0.003 -14"><span class='ocrx_word' id='word_1_272' title='bbox 160 1496 310 1532; x_wconf 78' lang='lat' dir='ltr'><strong>tribuant,</strong></span> <span class='ocrx_word' id='word_1_273' title='bbox 334 1502 369 1527; x_wconf 91' lang='lat' dir='ltr'><strong>ut</strong></span> <span class='ocrx_word' id='word_1_274' title='bbox 391 1498 466 1528; x_wconf 85' lang='lat' dir='ltr'><strong>solis</strong></span> <span class='ocrx_word' id='word_1_275' title='bbox 489 1497 666 1527; x_wconf 84' lang='lat' dir='ltr'><strong>libertatem</strong></span> <span class='ocrx_word' id='word_1_276' title='bbox 692 1486 725 1527; x_wconf 81' lang='lat' dir='ltr'><strong>in</strong></span> <span class='ocrx_word' id='word_1_277' title='bbox 755 1498 857 1528; x_wconf 90' lang='lat' dir='ltr'><strong>Musis</strong></span> <span class='ocrx_word' id='word_1_278' title='bbox 884 1503 1059 1539; x_wconf 66' lang='lat' dir='ltr'><strong>praestent:</strong></span> <span class='ocrx_word' id='word_1_279' title='bbox 1083 1503 1202 1530; x_wconf 89' lang='lat' dir='ltr'><strong>ceteros</strong></span> <span class='ocrx_word' id='word_1_280' title='bbox 1222 1510 1294 1530; x_wconf 77' lang='lat' dir='ltr'><strong>vero</strong></span> <span class='ocrx_word' id='word_1_281' title='bbox 1311 1500 1504 1540; x_wconf 81' lang='lat' dir='ltr'><strong>prohibeant.</strong></span> <span class='ocrx_word' id='word_1_282' title='bbox 1526 1510 1620 1530; x_wconf 91' lang='lat' dir='ltr'><strong>nemo</strong></span> 
     </span>
     <span class='ocr_line' id='line_1_25' title="bbox 158 1549 1619 1596; baseline 0.003 -16"><span class='ocrx_word' id='word_1_283' title='bbox 158 1549 252 1591; x_wconf 79' lang='lat' dir='ltr'><strong>igitur</strong></span> <span class='ocrx_word' id='word_1_284' title='bbox 267 1550 382 1581; x_wconf 86' lang='lat' dir='ltr'><strong>audeat</strong></span> <span class='ocrx_word' id='word_1_285' title='bbox 396 1551 521 1581; x_wconf 82' lang='lat' dir='ltr'><strong>Musam</strong></span> <span class='ocrx_word' id='word_1_286' title='bbox 539 1552 644 1581; x_wconf 86' lang='lat' dir='ltr'><strong>horum</strong></span> <span class='ocrx_word' id='word_1_287' title='bbox 657 1552 776 1593; x_wconf 88' lang='lat' dir='ltr'><strong>judicio</strong></span> <span class='ocrx_word' id='word_1_288' title='bbox 788 1563 850 1582; x_wconf 90' lang='lat' dir='ltr'><strong>non</strong></span> <span class='ocrx_word' id='word_1_289' title='bbox 862 1553 1022 1593; x_wconf 85' lang='lat' dir='ltr'><strong>probatam</strong></span> <span class='ocrx_word' id='word_1_290' title='bbox 1037 1564 1158 1590; x_wconf 88' lang='lat' dir='ltr'><strong>canere,</strong></span> <span class='ocrx_word' id='word_1_291' title='bbox 1174 1554 1293 1584; x_wconf 85' lang='lat' dir='ltr'><strong>etiamsi</strong></span> <span class='ocrx_word' id='word_1_292' title='bbox 1309 1553 1471 1596; x_wconf 76' lang='lat' dir='ltr'><strong>Thamyrze</strong></span> <span class='ocrx_word' id='word_1_293' title='bbox 1485 1554 1619 1595; x_wconf 85' lang='lat' dir='ltr'><strong>Orphei-</strong></span> 
     </span>
     <span class='ocr_line' id='line_1_26' title="bbox 160 1606 1620 1651; baseline 0.003 -17"><span class='ocrx_word' id='word_1_294' title='bbox 160 1615 221 1645; x_wconf 87' lang='lat' dir='ltr'><strong>que</strong></span> <span class='ocrx_word' id='word_1_295' title='bbox 239 1606 361 1646; x_wconf 83' lang='lat' dir='ltr'><strong>hymnis</strong></span> <span class='ocrx_word' id='word_1_296' title='bbox 376 1606 416 1636; x_wconf 85' lang='lat' dir='ltr'><strong>sit</strong></span> <span class='ocrx_word' id='word_1_297' title='bbox 429 1606 563 1636; x_wconf 84' lang='lat' dir='ltr'><strong>suavior.</strong></span> <span class='ocrx_word' id='word_1_298' title='bbox 580 1606 634 1636; x_wconf 85' lang='lat' dir='ltr'><strong>sed</strong></span> <span class='ocrx_word' id='word_1_299' title='bbox 651 1612 801 1636; x_wconf 85' lang='lat' dir='ltr'><strong>canantur</strong></span> <span class='ocrx_word' id='word_1_300' title='bbox 815 1606 962 1647; x_wconf 63' lang='lat' dir='ltr'><strong>poemata</strong></span> <span class='ocrx_word' id='word_1_301' title='bbox 975 1617 1074 1643; x_wconf 84' lang='lat' dir='ltr'><strong>sacra,</strong></span> <span class='ocrx_word' id='word_1_302' title='bbox 1087 1618 1156 1648; x_wconf 63' lang='lat' dir='ltr'><strong>quat</strong></span> <span class='ocrx_word' id='word_1_303' title='bbox 1164 1607 1285 1651; x_wconf 82' lang='lat' dir='ltr'><strong>judicio</strong></span> <span class='ocrx_word' id='word_1_304' title='bbox 1300 1609 1471 1649; x_wconf 84' lang='lat' dir='ltr'><strong>approbata</strong></span> <span class='ocrx_word' id='word_1_305' title='bbox 1486 1609 1620 1650; x_wconf 87' lang='lat' dir='ltr'><strong>Diisque</strong></span> 
     </span>
     <span class='ocr_line' id='line_1_27' title="bbox 161 1658 1620 1703; baseline 0.003 -15"><span class='ocrx_word' id='word_1_306' title='bbox 161 1658 263 1689; x_wconf 82' lang='lat' dir='ltr'><strong>dicata</strong></span> <span class='ocrx_word' id='word_1_307' title='bbox 286 1665 377 1690; x_wconf 87' lang='lat' dir='ltr'><strong>sunt:</strong></span> <span class='ocrx_word' id='word_1_308' title='bbox 403 1660 534 1690; x_wconf 86' lang='lat' dir='ltr'><strong>virorum</strong></span> <span class='ocrx_word' id='word_1_309' title='bbox 557 1670 679 1700; x_wconf 91' lang='lat' dir='ltr'><strong>quoque</strong></span> <span class='ocrx_word' id='word_1_310' title='bbox 705 1661 852 1691; x_wconf 88' lang='lat' dir='ltr'><strong>bonorum</strong></span> <span class='ocrx_word' id='word_1_311' title='bbox 868 1661 1025 1702; x_wconf 70' lang='lat' dir='ltr'><strong>poemata,</strong></span> <span class='ocrx_word' id='word_1_312' title='bbox 1039 1662 1149 1702; x_wconf 87' lang='lat' dir='ltr'><strong>quibus</strong></span> <span class='ocrx_word' id='word_1_313' title='bbox 1166 1662 1331 1692; x_wconf 84' lang='lat' dir='ltr'><strong>laudantur</strong></span> <span class='ocrx_word' id='word_1_314' title='bbox 1345 1662 1620 1703; x_wconf 87' lang='lat' dir='ltr'><strong>vituperanturque</strong></span> 
     </span>
     <span class='ocr_line' id='line_1_28' title="bbox 160 1712 1618 1756; baseline 0.004 -14"><span class='ocrx_word' id='word_1_315' title='bbox 160 1712 270 1753; x_wconf 87' lang='lat' dir='ltr'><strong>aliqui,</strong></span> <span class='ocrx_word' id='word_1_316' title='bbox 294 1719 325 1744; x_wconf 85' lang='lat' dir='ltr'><strong>et</strong></span> <span class='ocrx_word' id='word_1_317' title='bbox 349 1713 506 1744; x_wconf 88' lang='lat' dir='ltr'><strong>moderate</strong></span> <span class='ocrx_word' id='word_1_318' title='bbox 533 1713 565 1744; x_wconf 87' lang='lat' dir='ltr'><strong>id</strong></span> <span class='ocrx_word' id='word_1_319' title='bbox 588 1714 689 1744; x_wconf 84' lang='lat' dir='ltr'><strong>facere</strong></span> <span class='ocrx_word' id='word_1_320' title='bbox 707 1714 850 1756; x_wconf 84' lang='lat' dir='ltr'><strong>judicata</strong></span> <span class='ocrx_word' id='word_1_321' title='bbox 873 1721 954 1745; x_wconf 82' lang='lat' dir='ltr'><strong>sunt.</strong></span> <span class='ocrx_word' id='word_1_322' title='bbox 979 1716 1044 1746; x_wconf 90' lang='lat' dir='ltr'><strong>haec</strong></span> <span class='ocrx_word' id='word_1_323' title='bbox 1067 1717 1177 1746; x_wconf 88' lang='lat' dir='ltr'><strong>eadem</strong></span> <span class='ocrx_word' id='word_1_324' title='bbox 1191 1717 1230 1746; x_wconf 88' lang='lat' dir='ltr'><strong>de</strong></span> <span class='ocrx_word' id='word_1_325' title='bbox 1245 1716 1357 1747; x_wconf 88' lang='lat' dir='ltr'><strong>militia</strong></span> <span class='ocrx_word' id='word_1_326' title='bbox 1372 1722 1403 1748; x_wconf 89' lang='lat' dir='ltr'><strong>et</strong></span> <span class='ocrx_word' id='word_1_327' title='bbox 1417 1716 1456 1747; x_wconf 87' lang='lat' dir='ltr'><strong>de</strong></span> <span class='ocrx_word' id='word_1_328' title='bbox 1471 1717 1618 1748; x_wconf 85' lang='lat' dir='ltr'><strong>libertate</strong></span> 
     </span>
     <span class='ocr_line' id='line_1_29' title="bbox 161 1766 1620 1811; baseline 0.003 -14"><span class='ocrx_word' id='word_1_329' title='bbox 161 1766 286 1807; x_wconf 78' lang='lat' dir='ltr'><strong>po&#39;e&#39;tiea</strong></span> <span class='ocrx_word' id='word_1_330' title='bbox 311 1767 421 1808; x_wconf 89' lang='lat' dir='ltr'><strong>judico</strong></span> <span class='ocrx_word' id='word_1_331' title='bbox 436 1768 614 1798; x_wconf 88' lang='lat' dir='ltr'><strong>mulieribus</strong></span> <span class='ocrx_word' id='word_1_332' title='bbox 629 1773 660 1798; x_wconf 89' lang='lat' dir='ltr'><strong>et</strong></span> <span class='ocrx_word' id='word_1_333' title='bbox 673 1768 746 1799; x_wconf 87' lang='lat' dir='ltr'><strong>viris</strong></span> <span class='ocrx_word' id='word_1_334' title='bbox 756 1769 898 1799; x_wconf 78' lang='lat' dir='ltr'><strong>similiter</strong></span> <span class='ocrx_word' id='word_1_335' title='bbox 908 1769 1063 1800; x_wconf 83' lang='lat' dir='ltr'><strong>facienda.</strong></span> <span class='ocrx_word' id='word_1_336' title='bbox 1087 1769 1142 1800; x_wconf 87' lang='lat' dir='ltr'><strong>sed</strong></span> <span class='ocrx_word' id='word_1_337' title='bbox 1156 1775 1279 1810; x_wconf 77' lang='lat' dir='ltr'><strong>oportet</strong></span> <span class='ocrx_word' id='word_1_338' title='bbox 1292 1770 1501 1811; x_wconf 73' lang='lat' dir='ltr'><strong>legislatorem</strong></span> <span class='ocrx_word' id='word_1_339' title='bbox 1513 1781 1620 1801; x_wconf 87' lang='lat' dir='ltr'><strong>secum</strong></span> 
     </span>
     <span class='ocr_line' id='line_1_30' title="bbox 158 1820 1619 1865; baseline 0.002 -14"><span class='ocrx_word' id='word_1_340' title='bbox 158 1820 203 1851; x_wconf 86' lang='lat' dir='ltr'><strong>ita</strong></span> <span class='ocrx_word' id='word_1_341' title='bbox 225 1821 409 1863; x_wconf 89' lang='lat' dir='ltr'><strong>plerumque</strong></span> <span class='ocrx_word' id='word_1_342' title='bbox 431 1822 540 1862; x_wconf 89' lang='lat' dir='ltr'><strong>loqui:</strong></span> <span class='ocrx_word' id='word_1_343' title='bbox 565 1822 665 1858; x_wconf 88' lang='lat' dir='ltr'><strong>Cedo,</strong></span> <span class='ocrx_word' id='word_1_344' title='bbox 689 1823 722 1853; x_wconf 90' lang='lat' dir='ltr'><strong>in</strong></span> <span class='ocrx_word' id='word_1_345' title='bbox 744 1823 871 1853; x_wconf 81' lang='lat' dir='ltr'><strong>civitate</strong></span> <span class='ocrx_word' id='word_1_346' title='bbox 896 1824 1086 1854; x_wconf 89' lang='lat' dir='ltr'><strong>instituenda</strong></span> <span class='ocrx_word' id='word_1_347' title='bbox 1111 1825 1218 1865; x_wconf 84' lang='lat' dir='ltr'><strong>quales</strong></span> <span class='ocrx_word' id='word_1_348' title='bbox 1233 1825 1317 1855; x_wconf 84' lang='lat' dir='ltr'><strong>cives</strong></span> <span class='ocrx_word' id='word_1_349' title='bbox 1332 1824 1466 1855; x_wconf 85' lang='lat' dir='ltr'><strong>educare</strong></span> <span class='ocrx_word' id='word_1_350' title='bbox 1482 1825 1619 1855; x_wconf 87' lang='lat' dir='ltr'><strong>studeo?</strong></span> 
     </span>
     <span class='ocr_line' id='line_1_31' title="bbox 161 1876 1617 1920; baseline 0.003 -15"><span class='ocrx_word' id='word_1_351' title='bbox 161 1884 201 1905; x_wconf 85' lang='lat' dir='ltr'><strong>an</strong></span> <span class='ocrx_word' id='word_1_352' title='bbox 225 1885 288 1906; x_wconf 90' lang='lat' dir='ltr'><strong>non</strong></span> <span class='ocrx_word' id='word_1_353' title='bbox 312 1876 518 1907; x_wconf 87' lang='lat' dir='ltr'><strong>certaminum</strong></span> <span class='ocrx_word' id='word_1_354' title='bbox 543 1877 741 1907; x_wconf 87' lang='lat' dir='ltr'><strong>maximorum</strong></span> <span class='ocrx_word' id='word_1_355' title='bbox 759 1878 903 1913; x_wconf 84' lang='lat' dir='ltr'><strong>athletas,</strong></span> <span class='ocrx_word' id='word_1_356' title='bbox 920 1878 1031 1919; x_wconf 89' lang='lat' dir='ltr'><strong>quibus</strong></span> <span class='ocrx_word' id='word_1_357' title='bbox 1046 1878 1196 1908; x_wconf 83' lang='lat' dir='ltr'><strong>innumeri</strong></span> <span class='ocrx_word' id='word_1_358' title='bbox 1215 1884 1287 1909; x_wconf 91' lang='lat' dir='ltr'><strong>sunt</strong></span> <span class='ocrx_word' id='word_1_359' title='bbox 1302 1878 1469 1909; x_wconf 78' lang='lat' dir='ltr'><strong>adversarii</strong></span> <span class='ocrx_word' id='word_1_360' title='bbox 1484 1879 1495 1908; x_wconf 86' lang='lat'>?</span> <span class='ocrx_word' id='word_1_361' title='bbox 1520 1879 1617 1920; x_wconf 84' lang='lat'><strong>[830]</strong></span> 
     </span>
     <span class='ocr_line' id='line_1_32' title="bbox 161 1928 1619 1974; baseline 0.003 -15"><span class='ocrx_word' id='word_1_362' title='bbox 161 1928 290 1959; x_wconf 80' lang='lat' dir='ltr'><strong>Prorsus</strong></span> <span class='ocrx_word' id='word_1_363' title='bbox 308 1941 314 1959; x_wconf 77' lang='grc' dir='ltr'>ε</span> <span class='ocrx_word' id='word_1_364' title='bbox 339 1930 384 1960; x_wconf 90' lang='lat' dir='ltr'><strong>ita</strong></span> <span class='ocrx_word' id='word_1_365' title='bbox 408 1935 494 1960; x_wconf 85' lang='lat' dir='ltr'><strong>recte</strong></span> <span class='ocrx_word' id='word_1_366' title='bbox 520 1931 650 1971; x_wconf 78' lang='lat' dir='ltr'><strong>quilibet</strong></span> <span class='ocrx_word' id='word_1_367' title='bbox 682 1931 894 1971; x_wconf 82' lang='lat' dir='ltr'><strong>respondebit.</strong></span> <span class='ocrx_word' id='word_1_368' title='bbox 939 1932 973 1962; x_wconf 85' lang='lat' dir='ltr'><strong>Si</strong></span> <span class='ocrx_word' id='word_1_369' title='bbox 1001 1942 1076 1973; x_wconf 81' lang='lat' dir='ltr'><strong>ergo</strong></span> <span class='ocrx_word' id='word_1_370' title='bbox 1105 1932 1226 1973; x_wconf 81' lang='lat' dir='ltr'><strong>pugiles</strong></span> <span class='ocrx_word' id='word_1_371' title='bbox 1253 1938 1306 1963; x_wconf 90' lang='lat' dir='ltr'><strong>aut</strong></span> <span class='ocrx_word' id='word_1_372' title='bbox 1322 1932 1548 1974; x_wconf 84' lang='lat' dir='ltr'><strong>pancratiastas</strong></span> <span class='ocrx_word' id='word_1_373' title='bbox 1564 1938 1619 1963; x_wconf 88' lang='lat' dir='ltr'><strong>aut</strong></span> 
     </span>
     <span class='ocr_line' id='line_1_33' title="bbox 160 1980 1618 2025; baseline 0.003 -12"><span class='ocrx_word' id='word_1_374' title='bbox 160 1983 237 2013; x_wconf 86' lang='lat' dir='ltr'><strong>alios</strong></span> <span class='ocrx_word' id='word_1_375' title='bbox 251 1983 367 2014; x_wconf 76' lang='lat' dir='ltr'><strong>similes</strong></span> <span class='ocrx_word' id='word_1_376' title='bbox 382 1985 595 2021; x_wconf 86' lang='lat' dir='ltr'><strong>educaremus,</strong></span> <span class='ocrx_word' id='word_1_377' title='bbox 612 1985 696 2015; x_wconf 87' lang='lat' dir='ltr'><strong>itane</strong></span> <span class='ocrx_word' id='word_1_378' title='bbox 711 1985 743 2014; x_wconf 88' lang='lat' dir='ltr'><strong>in</strong></span> <span class='ocrx_word' id='word_1_379' title='bbox 760 1985 861 2025; x_wconf 85' lang='lat' dir='ltr'><strong>ipsum</strong></span> <span class='ocrx_word' id='word_1_380' title='bbox 878 1990 1036 2016; x_wconf 84' lang='lat' dir='ltr'><strong>certamen</strong></span> <span class='ocrx_word' id='word_1_381' title='bbox 1058 1986 1270 2021; x_wconf 87' lang='lat' dir='ltr'><strong>educeremus,</strong></span> <span class='ocrx_word' id='word_1_382' title='bbox 1288 1992 1322 2016; x_wconf 89' lang='lat' dir='ltr'><strong>ut</strong></span> <span class='ocrx_word' id='word_1_383' title='bbox 1338 1998 1406 2017; x_wconf 90' lang='lat' dir='ltr'><strong>cum</strong></span> <span class='ocrx_word' id='word_1_384' title='bbox 1424 1980 1509 2017; x_wconf 84' lang='lat' dir='ltr'><strong>nullo</strong></span> <span class='ocrx_word' id='word_1_385' title='bbox 1525 1991 1618 2017; x_wconf 86' lang='lat' dir='ltr'><strong>antea</strong></span> 
     </span>
     <span class='ocr_line' id='line_1_34' title="bbox 160 2038 1617 2082; baseline 0.003 -16"><span class='ocrx_word' id='word_1_386' title='bbox 160 2047 296 2077; x_wconf 87' lang='lat' dir='ltr'><strong>unquam</strong></span> <span class='ocrx_word' id='word_1_387' title='bbox 322 2038 549 2079; x_wconf 84' lang='lat' dir='ltr'><strong>pugnaverint?</strong></span> <span class='ocrx_word' id='word_1_388' title='bbox 573 2039 623 2069; x_wconf 91' lang='lat' dir='ltr'><strong>vel</strong></span> <span class='ocrx_word' id='word_1_389' title='bbox 646 2039 673 2069; x_wconf 88' lang='lat' dir='ltr'><strong>si</strong></span> <span class='ocrx_word' id='word_1_390' title='bbox 691 2039 812 2080; x_wconf 76' lang='lat' dir='ltr'><strong>pugiles</strong></span> <span class='ocrx_word' id='word_1_391' title='bbox 828 2050 976 2075; x_wconf 67' lang='lat' dir='ltr'><strong>essemus,</strong></span> <span class='ocrx_word' id='word_1_392' title='bbox 991 2050 1096 2070; x_wconf 79' lang='lat' dir='ltr'><strong>nonne</strong></span> <span class='ocrx_word' id='word_1_393' title='bbox 1111 2040 1252 2081; x_wconf 87' lang='lat' dir='ltr'><strong>pluribus</strong></span> <span class='ocrx_word' id='word_1_394' title='bbox 1267 2045 1339 2071; x_wconf 87' lang='lat' dir='ltr'><strong>ante</strong></span> <span class='ocrx_word' id='word_1_395' title='bbox 1356 2040 1465 2071; x_wconf 84' lang='lat' dir='ltr'><strong>diebus</strong></span> <span class='ocrx_word' id='word_1_396' title='bbox 1477 2051 1617 2082; x_wconf 84' lang='lat' dir='ltr'><strong>pugnare</strong></span> 
     </span>
     <span class='ocr_line' id='line_1_35' title="bbox 159 2090 1616 2133; baseline 0.004 -13"><span class='ocrx_word' id='word_1_397' title='bbox 159 2090 386 2127; x_wconf 82' lang='lat' dir='ltr'><strong>didicissemus,</strong></span> <span class='ocrx_word' id='word_1_398' title='bbox 402 2092 506 2122; x_wconf 86' lang='lat' dir='ltr'><strong>omnia</strong></span> <span class='ocrx_word' id='word_1_399' title='bbox 520 2093 680 2128; x_wconf 81' lang='lat' dir='ltr'><strong>facientes,</strong></span> <span class='ocrx_word' id='word_1_400' title='bbox 697 2093 809 2133; x_wconf 82' lang='lat' dir='ltr'><strong>quibus</strong></span> <span class='ocrx_word' id='word_1_401' title='bbox 824 2093 856 2123; x_wconf 93' lang='lat' dir='ltr'><strong>in</strong></span> <span class='ocrx_word' id='word_1_402' title='bbox 872 2104 944 2127; x_wconf 79' lang='lat' dir='ltr'><strong>vero</strong></span> <span class='ocrx_word' id='word_1_403' title='bbox 961 2094 1140 2131; x_wconf 80' lang='lat' dir='ltr'><strong>certamine,</strong></span> <span class='ocrx_word' id='word_1_404' title='bbox 1154 2094 1207 2124; x_wconf 89' lang='lat' dir='ltr'><strong>ubi</strong></span> <span class='ocrx_word' id='word_1_405' title='bbox 1223 2093 1263 2124; x_wconf 89' lang='lat' dir='ltr'><strong>ad</strong></span> <span class='ocrx_word' id='word_1_406' title='bbox 1277 2094 1436 2125; x_wconf 85' lang='lat' dir='ltr'><strong>victoriam</strong></span> <span class='ocrx_word' id='word_1_407' title='bbox 1452 2095 1616 2126; x_wconf 81' lang='lat' dir='ltr'><strong>contendi-</strong></span> 
     </span>
     <span class='ocr_line' id='line_1_36' title="bbox 160 2146 1617 2190; baseline 0.003 -15"><span class='ocrx_word' id='word_1_408' title='bbox 160 2149 218 2181; x_wconf 84' lang='lat' dir='ltr'><strong>tur,</strong></span> <span class='ocrx_word' id='word_1_409' title='bbox 242 2146 287 2175; x_wconf 93' lang='lat' dir='ltr'><strong>uti</strong></span> <span class='ocrx_word' id='word_1_410' title='bbox 309 2151 452 2186; x_wconf 84' lang='lat' dir='ltr'><strong>oporteat</strong></span> <span class='ocrx_word' id='word_1_411' title='bbox 467 2147 477 2176; x_wconf 71' lang='grc' dir='ltr'><strong><em>ἓ</em></strong></span> <span class='ocrx_word' id='word_1_412' title='bbox 502 2156 595 2186; x_wconf 85' lang='lat' dir='ltr'><strong>quam</strong></span> <span class='ocrx_word' id='word_1_413' title='bbox 618 2146 754 2187; x_wconf 73' lang='lat' dir='ltr'><strong>proxime</strong></span> <span class='ocrx_word' id='word_1_414' title='bbox 778 2146 818 2176; x_wconf 89' lang='lat' dir='ltr'><strong>ad</strong></span> <span class='ocrx_word' id='word_1_415' title='bbox 839 2147 883 2183; x_wconf 88' lang='lat' dir='ltr'><strong>id,</strong></span> <span class='ocrx_word' id='word_1_416' title='bbox 900 2148 983 2188; x_wconf 84' lang='lat' dir='ltr'><strong>quod</strong></span> <span class='ocrx_word' id='word_1_417' title='bbox 999 2148 1099 2178; x_wconf 87' lang='lat' dir='ltr'><strong>simile</strong></span> <span class='ocrx_word' id='word_1_418' title='bbox 1115 2153 1172 2184; x_wconf 89' lang='lat' dir='ltr'><strong>est,</strong></span> <span class='ocrx_word' id='word_1_419' title='bbox 1189 2149 1386 2185; x_wconf 80' lang='lat' dir='ltr'><strong>accedentes,</strong></span> <span class='ocrx_word' id='word_1_420' title='bbox 1403 2159 1459 2190; x_wconf 86' lang='lat' dir='ltr'><strong>pro</strong></span> <span class='ocrx_word' id='word_1_421' title='bbox 1473 2149 1617 2180; x_wconf 84' lang='lat' dir='ltr'><strong>caestibus</strong></span> 
     </span>
     <span class='ocr_line' id='line_1_37' title="bbox 159 2200 1616 2243; baseline 0.004 -15"><span class='ocrx_word' id='word_1_422' title='bbox 159 2204 362 2230; x_wconf 72' lang='lat' dir='ltr'><strong>annectentes</strong></span> <span class='ocrx_word' id='word_1_423' title='bbox 377 2201 514 2240; x_wconf 84' lang='lat' dir='ltr'><strong>sphaeras</strong></span> <span class='ocrx_word' id='word_1_424' title='bbox 529 2205 561 2230; x_wconf 91' lang='lat' dir='ltr'><strong>et</strong></span> <span class='ocrx_word' id='word_1_425' title='bbox 577 2200 667 2240; x_wconf 87' lang='lat' dir='ltr'><strong>pilas,</strong></span> <span class='ocrx_word' id='word_1_426' title='bbox 684 2205 719 2230; x_wconf 94' lang='lat' dir='ltr'><strong>ut</strong></span> <span class='ocrx_word' id='word_1_427' title='bbox 734 2201 861 2231; x_wconf 85' lang='lat' dir='ltr'><strong>vulnera</strong></span> <span class='ocrx_word' id='word_1_428' title='bbox 876 2206 908 2231; x_wconf 89' lang='lat' dir='ltr'><strong>et</strong></span> <span class='ocrx_word' id='word_1_429' title='bbox 923 2201 1034 2232; x_wconf 86' lang='lat' dir='ltr'><strong>inferre</strong></span> <span class='ocrx_word' id='word_1_430' title='bbox 1051 2202 1187 2232; x_wconf 85' lang='lat' dir='ltr'><strong>etvitare</strong></span> <span class='ocrx_word' id='word_1_431' title='bbox 1200 2203 1467 2243; x_wconf 61' lang='lat' dir='ltr'><strong>praemeditatione</strong></span> <span class='ocrx_word' id='word_1_432' title='bbox 1481 2203 1616 2234; x_wconf 85' lang='lat' dir='ltr'><strong>discere-</strong></span> 
     </span>
     <span class='ocr_line' id='line_1_38' title="bbox 158 2253 1616 2298; baseline 0.003 -15"><span class='ocrx_word' id='word_1_433' title='bbox 158 2253 252 2282; x_wconf 85' lang='lat' dir='ltr'><strong>mus?</strong></span> <span class='ocrx_word' id='word_1_434' title='bbox 275 2255 358 2294; x_wconf 93' lang='lat' dir='ltr'><strong>quod</strong></span> <span class='ocrx_word' id='word_1_435' title='bbox 384 2254 410 2285; x_wconf 86' lang='lat' dir='ltr'><strong>si</strong></span> <span class='ocrx_word' id='word_1_436' title='bbox 435 2254 525 2290; x_wconf 86' lang='lat' dir='ltr'><strong>nulli,</strong></span> <span class='ocrx_word' id='word_1_437' title='bbox 552 2254 735 2295; x_wconf 87' lang='lat' dir='ltr'><strong>quibuscum</strong></span> <span class='ocrx_word' id='word_1_438' title='bbox 763 2254 1089 2296; x_wconf 78' lang='lat' dir='ltr'><strong>exerceripossemus,</strong></span> <span class='ocrx_word' id='word_1_439' title='bbox 1105 2256 1182 2287; x_wconf 85' lang='lat' dir='ltr'><strong>socii</strong></span> <span class='ocrx_word' id='word_1_440' title='bbox 1198 2256 1285 2287; x_wconf 84' lang='lat' dir='ltr'><strong>nobis</strong></span> <span class='ocrx_word' id='word_1_441' title='bbox 1301 2256 1456 2292; x_wconf 88' lang='lat' dir='ltr'><strong>darentur,</strong></span> <span class='ocrx_word' id='word_1_442' title='bbox 1472 2258 1616 2298; x_wconf 88' lang='lat' dir='ltr'><strong>nunquid</strong></span> 
     </span>
     <span class='ocr_line' id='line_1_39' title="bbox 159 2307 1614 2351; baseline 0.003 -14"><span class='ocrx_word' id='word_1_443' title='bbox 159 2307 320 2338; x_wconf 85' lang='lat' dir='ltr'><strong>stultorum</strong></span> <span class='ocrx_word' id='word_1_444' title='bbox 349 2309 439 2339; x_wconf 88' lang='lat' dir='ltr'><strong>veriti</strong></span> <span class='ocrx_word' id='word_1_445' title='bbox 458 2308 553 2338; x_wconf 89' lang='lat' dir='ltr'><strong>risum</strong></span> <span class='ocrx_word' id='word_1_446' title='bbox 575 2319 632 2339; x_wconf 86' lang='lat' dir='ltr'><strong>nos</strong></span> <span class='ocrx_word' id='word_1_447' title='bbox 648 2309 888 2346; x_wconf 79' lang='lat' dir='ltr'><strong>contineremus,</strong></span> <span class='ocrx_word' id='word_1_448' title='bbox 903 2310 979 2351; x_wconf 90' lang='lat' dir='ltr'><strong>quin</strong></span> <span class='ocrx_word' id='word_1_449' title='bbox 993 2309 1133 2341; x_wconf 84' lang='lat' dir='ltr'><strong>inanime</strong></span> <span class='ocrx_word' id='word_1_450' title='bbox 1149 2311 1344 2341; x_wconf 81' lang='lat' dir='ltr'><strong>simulacrum</strong></span> <span class='ocrx_word' id='word_1_451' title='bbox 1361 2321 1400 2340; x_wconf 83' lang='lat' dir='ltr'><strong>ex</strong></span> <span class='ocrx_word' id='word_1_452' title='bbox 1416 2310 1557 2346; x_wconf 77' lang='lat' dir='ltr'><strong>adverso,</strong></span> <span class='ocrx_word' id='word_1_453' title='bbox 1573 2312 1614 2341; x_wconf 91' lang='lat' dir='ltr'><strong>ad</strong></span> 
     </span>
     <span class='ocr_line' id='line_1_40' title="bbox 160 2360 1616 2403; baseline 0.003 -12"><span class='ocrx_word' id='word_1_454' title='bbox 160 2360 245 2401; x_wconf 87' lang='lat' dir='ltr'><strong>quod</strong></span> <span class='ocrx_word' id='word_1_455' title='bbox 257 2361 438 2392; x_wconf 86' lang='lat' dir='ltr'><strong>exercitati0</strong></span> <span class='ocrx_word' id='word_1_456' title='bbox 455 2363 555 2399; x_wconf 85' lang='lat' dir='ltr'><strong>fieret,</strong></span> <span class='ocrx_word' id='word_1_457' title='bbox 579 2363 839 2403; x_wconf 85' lang='lat' dir='ltr'><strong>suspenderemus</strong></span> <span class='ocrx_word' id='word_1_458' title='bbox 856 2363 867 2393; x_wconf 90' lang='lat'>?</span> <span class='ocrx_word' id='word_1_459' title='bbox 891 2374 938 2400; x_wconf 87' lang='lat' dir='ltr'><strong>ac,</strong></span> <span class='ocrx_word' id='word_1_460' title='bbox 964 2364 990 2394; x_wconf 89' lang='lat' dir='ltr'><strong>si</strong></span> <span class='ocrx_word' id='word_1_461' title='bbox 1005 2374 1063 2395; x_wconf 89' lang='lat' dir='ltr'><strong>nec</strong></span> <span class='ocrx_word' id='word_1_462' title='bbox 1077 2364 1206 2395; x_wconf 87' lang='lat' dir='ltr'><strong>animati</strong></span> <span class='ocrx_word' id='word_1_463' title='bbox 1220 2374 1279 2395; x_wconf 88' lang='lat' dir='ltr'><strong>nec</strong></span> <span class='ocrx_word' id='word_1_464' title='bbox 1295 2365 1398 2395; x_wconf 87' lang='lat' dir='ltr'><strong>anima</strong></span> <span class='ocrx_word' id='word_1_465' title='bbox 1412 2364 1546 2395; x_wconf 81' lang='lat' dir='ltr'><strong>carentis</strong></span> <span class='ocrx_word' id='word_1_466' title='bbox 1560 2365 1616 2395; x_wconf 87' lang='lat' dir='ltr'><strong>ad-</strong></span> 
     </span>
     <span class='ocr_line' id='line_1_41' title="bbox 160 2415 1615 2460; baseline 0.004 -16"><span class='ocrx_word' id='word_1_467' title='bbox 160 2415 284 2446; x_wconf 85' lang='lat' dir='ltr'><strong>versarii</strong></span> <span class='ocrx_word' id='word_1_468' title='bbox 299 2416 389 2456; x_wconf 86' lang='lat' dir='ltr'><strong>copia</strong></span> <span class='ocrx_word' id='word_1_469' title='bbox 403 2416 493 2447; x_wconf 89' lang='lat' dir='ltr'><strong>nobis</strong></span> <span class='ocrx_word' id='word_1_470' title='bbox 507 2421 598 2452; x_wconf 87' lang='lat' dir='ltr'><strong>esset,</strong></span> <span class='ocrx_word' id='word_1_471' title='bbox 614 2427 718 2447; x_wconf 89' lang='lat' dir='ltr'><strong>nonne</strong></span> <span class='ocrx_word' id='word_1_472' title='bbox 734 2417 794 2458; x_wconf 90' lang='lat' dir='ltr'><strong>ipsi</strong></span> <span class='ocrx_word' id='word_1_473' title='bbox 809 2417 866 2448; x_wconf 90' lang='lat' dir='ltr'><strong>soli</strong></span> <span class='ocrx_word' id='word_1_474' title='bbox 882 2417 922 2448; x_wconf 87' lang='lat' dir='ltr'><strong>ad</strong></span> <span class='ocrx_word' id='word_1_475' title='bbox 937 2419 1075 2449; x_wconf 89' lang='lat' dir='ltr'><strong>umbram</strong></span> <span class='ocrx_word' id='word_1_476' title='bbox 1091 2419 1248 2460; x_wconf 86' lang='lat' dir='ltr'><strong>propriam</strong></span> <span class='ocrx_word' id='word_1_477' title='bbox 1264 2429 1470 2460; x_wconf 83' lang='lat' dir='ltr'><strong>pugnaremus</strong></span> <span class='ocrx_word' id='word_1_478' title='bbox 1483 2419 1494 2449; x_wconf 87' lang='lat'>?</span> <span class='ocrx_word' id='word_1_479' title='bbox 1519 2429 1558 2449; x_wconf 88' lang='lat' dir='ltr'><strong>an</strong></span> <span class='ocrx_word' id='word_1_480' title='bbox 1573 2418 1615 2450; x_wconf 88' lang='lat' dir='ltr'><strong>ad</strong></span> 
     </span>
     <span class='ocr_line' id='line_1_42' title="bbox 161 2468 1616 2514; baseline 0.003 -15"><span class='ocrx_word' id='word_1_481' title='bbox 161 2468 245 2499; x_wconf 88' lang='lat' dir='ltr'><strong>aliud</strong></span> <span class='ocrx_word' id='word_1_482' title='bbox 262 2469 426 2510; x_wconf 89' lang='lat' dir='ltr'><strong>quicquam</strong></span> <span class='ocrx_word' id='word_1_483' title='bbox 442 2480 587 2500; x_wconf 89' lang='lat' dir='ltr'><strong>manuum</strong></span> <span class='ocrx_word' id='word_1_484' title='bbox 604 2471 663 2501; x_wconf 82' lang='lat' dir='ltr'><strong>huc</strong></span> <span class='ocrx_word' id='word_1_485' title='bbox 679 2475 711 2501; x_wconf 86' lang='lat' dir='ltr'><strong>et</strong></span> <span class='ocrx_word' id='word_1_486' title='bbox 724 2471 799 2502; x_wconf 91' lang='lat' dir='ltr'><strong>illuc</strong></span> <span class='ocrx_word' id='word_1_487' title='bbox 813 2471 912 2502; x_wconf 84' lang='lat' dir='ltr'><strong>flexus</strong></span> <span class='ocrx_word' id='word_1_488' title='bbox 927 2477 959 2503; x_wconf 86' lang='lat' dir='ltr'><strong>et</strong></span> <span class='ocrx_word' id='word_1_489' title='bbox 972 2473 1155 2513; x_wconf 67' lang='lat' dir='ltr'><strong>praeparatio</strong></span> <span class='ocrx_word' id='word_1_490' title='bbox 1170 2473 1344 2514; x_wconf 84' lang='lat' dir='ltr'><strong>hujusmodi</strong></span> <span class='ocrx_word' id='word_1_491' title='bbox 1354 2473 1529 2514; x_wconf 80' lang='lat' dir='ltr'><strong>excogitata</strong></span> <span class='ocrx_word' id='word_1_492' title='bbox 1543 2473 1616 2504; x_wconf 82' lang='lat' dir='ltr'><strong>est?</strong></span> 
     </span>
     <span class='ocr_line' id='line_1_43' title="bbox 161 2521 1614 2569; baseline 0.003 -16"><span class='ocrx_word' id='word_1_493' title='bbox 161 2521 237 2553; x_wconf 77' lang='lat' dir='ltr'><strong>Cm.</strong></span> <span class='ocrx_word' id='word_1_494' title='bbox 260 2523 312 2553; x_wconf 88' lang='lat' dir='ltr'><strong>Ad</strong></span> <span class='ocrx_word' id='word_1_495' title='bbox 326 2524 404 2553; x_wconf 87' lang='lat' dir='ltr'><strong>nihil</strong></span> <span class='ocrx_word' id='word_1_496' title='bbox 417 2523 500 2554; x_wconf 86' lang='lat' dir='ltr'><strong>aliud</strong></span> <span class='ocrx_word' id='word_1_497' title='bbox 517 2524 625 2560; x_wconf 81' lang='lat' dir='ltr'><strong>ferme,</strong></span> <span class='ocrx_word' id='word_1_498' title='bbox 639 2534 730 2566; x_wconf 89' lang='lat' dir='ltr'><strong>quam</strong></span> <span class='ocrx_word' id='word_1_499' title='bbox 745 2525 786 2556; x_wconf 86' lang='lat' dir='ltr'><strong>ad</strong></span> <span class='ocrx_word' id='word_1_500' title='bbox 799 2527 856 2557; x_wconf 87' lang='lat' dir='ltr'><strong>hoc</strong></span> <span class='ocrx_word' id='word_1_501' title='bbox 869 2527 981 2567; x_wconf 80' lang='lat' dir='ltr'><strong>ipsum.</strong></span> <span class='ocrx_word' id='word_1_502' title='bbox 1013 2527 1148 2558; x_wconf 67' lang='lat' dir='ltr'><strong>Arnen.</strong></span> <span class='ocrx_word' id='word_1_503' title='bbox 1174 2527 1259 2563; x_wconf 88' lang='lat' dir='ltr'><strong>Quid</strong></span> <span class='ocrx_word' id='word_1_504' title='bbox 1276 2527 1368 2568; x_wconf 80' lang='lat' dir='ltr'><strong>igitur</strong></span> <span class='ocrx_word' id='word_1_505' title='bbox 1383 2527 1518 2558; x_wconf 80' lang='lat' dir='ltr'><strong>civitatis</strong></span> <span class='ocrx_word' id='word_1_506' title='bbox 1532 2538 1614 2569; x_wconf 81' lang='lat' dir='ltr'><strong>pars,</strong></span> 
     </span>
     <span class='ocr_line' id='line_1_44' title="bbox 160 2577 1614 2622; baseline 0.005 -16"><span class='ocrx_word' id='word_1_507' title='bbox 160 2587 231 2617; x_wconf 81' lang='lat' dir='ltr'><strong>quae</strong></span> <span class='ocrx_word' id='word_1_508' title='bbox 261 2577 379 2608; x_wconf 64' lang='lat' dir='ltr'><strong>militias</strong></span> <span class='ocrx_word' id='word_1_509' title='bbox 403 2578 531 2609; x_wconf 83' lang='lat' dir='ltr'><strong>studet?</strong></span> <span class='ocrx_word' id='word_1_510' title='bbox 554 2589 595 2609; x_wconf 93' lang='lat' dir='ltr'><strong>an</strong></span> <span class='ocrx_word' id='word_1_511' title='bbox 622 2579 720 2620; x_wconf 90' lang='lat' dir='ltr'><strong>pejus,</strong></span> <span class='ocrx_word' id='word_1_512' title='bbox 746 2590 840 2620; x_wconf 87' lang='lat' dir='ltr'><strong>quam</strong></span> <span class='ocrx_word' id='word_1_513' title='bbox 855 2585 1023 2612; x_wconf 85' lang='lat' dir='ltr'><strong>certatores</strong></span> <span class='ocrx_word' id='word_1_514' title='bbox 1038 2581 1225 2621; x_wconf 83' lang='lat' dir='ltr'><strong>hujusmodi,</strong></span> <span class='ocrx_word' id='word_1_515' title='bbox 1241 2587 1415 2622; x_wconf 62' lang='lat' dir='ltr'><strong>praeparata</strong></span> <span class='ocrx_word' id='word_1_516' title='bbox 1428 2581 1558 2613; x_wconf 89' lang='lat' dir='ltr'><strong>audebit</strong></span> <span class='ocrx_word' id='word_1_517' title='bbox 1572 2582 1614 2613; x_wconf 90' lang='lat' dir='ltr'><strong>ad</strong></span> 
     </span>
     <span class='ocr_line' id='line_1_45' title="bbox 160 2632 1615 2678; baseline 0.003 -17"><span class='ocrx_word' id='word_1_518' title='bbox 160 2637 315 2662; x_wconf 87' lang='lat' dir='ltr'><strong>certamen</strong></span> <span class='ocrx_word' id='word_1_519' title='bbox 333 2632 496 2663; x_wconf 85' lang='lat' dir='ltr'><strong>maximum</strong></span> <span class='ocrx_word' id='word_1_520' title='bbox 508 2633 665 2669; x_wconf 85' lang='lat' dir='ltr'><strong>devenire,</strong></span> <span class='ocrx_word' id='word_1_521' title='bbox 681 2643 736 2674; x_wconf 90' lang='lat' dir='ltr'><strong>pro</strong></span> <span class='ocrx_word' id='word_1_522' title='bbox 751 2634 826 2670; x_wconf 81' lang='lat' dir='ltr'><strong>vita,</strong></span> <span class='ocrx_word' id='word_1_523' title='bbox 841 2644 897 2675; x_wconf 90' lang='lat' dir='ltr'><strong>pro</strong></span> <span class='ocrx_word' id='word_1_524' title='bbox 913 2633 1030 2670; x_wconf 87' lang='lat' dir='ltr'><strong>liberis,</strong></span> <span class='ocrx_word' id='word_1_525' title='bbox 1044 2645 1100 2675; x_wconf 85' lang='lat' dir='ltr'><strong>pro</strong></span> <span class='ocrx_word' id='word_1_526' title='bbox 1113 2635 1205 2665; x_wconf 84' lang='lat' dir='ltr'><strong>rebus</strong></span> <span class='ocrx_word' id='word_1_527' title='bbox 1219 2635 1292 2671; x_wconf 89' lang='lat' dir='ltr'><strong>suis,</strong></span> <span class='ocrx_word' id='word_1_528' title='bbox 1307 2646 1364 2676; x_wconf 89' lang='lat' dir='ltr'><strong>pro</strong></span> <span class='ocrx_word' id='word_1_529' title='bbox 1379 2636 1477 2676; x_wconf 88' lang='lat' dir='ltr'><strong>patria</strong></span> <span class='ocrx_word' id='word_1_530' title='bbox 1490 2646 1615 2678; x_wconf 88' lang='lat' dir='ltr'><strong>pugna·</strong></span> 
     </span>
     <span class='ocr_line' id='line_1_46' title="bbox 158 2686 1616 2732; baseline 0.005 -18"><span class='ocrx_word' id='word_1_531' title='bbox 158 2686 254 2715; x_wconf 82' lang='lat' dir='ltr'><strong>tura?</strong></span> <span class='ocrx_word' id='word_1_532' title='bbox 279 2696 340 2716; x_wconf 90' lang='lat' dir='ltr'><strong>non</strong></span> <span class='ocrx_word' id='word_1_533' title='bbox 363 2697 436 2728; x_wconf 86' lang='lat' dir='ltr'><strong>ergo</strong></span> <span class='ocrx_word' id='word_1_534' title='bbox 458 2687 610 2717; x_wconf 83' lang='lat' dir='ltr'><strong>verebitur</strong></span> <span class='ocrx_word' id='word_1_535' title='bbox 632 2687 800 2728; x_wconf 82' lang='lat' dir='ltr'><strong>legislator,</strong></span> <span class='ocrx_word' id='word_1_536' title='bbox 823 2699 862 2719; x_wconf 91' lang='lat' dir='ltr'><strong>ne</strong></span> <span class='ocrx_word' id='word_1_537' title='bbox 886 2690 1045 2730; x_wconf 78' lang='lat' dir='ltr'><strong>gymnasia</strong></span> <span class='ocrx_word' id='word_1_538' title='bbox 1067 2690 1132 2719; x_wconf 82' lang='lat' dir='ltr'><strong>haec</strong></span> <span class='ocrx_word' id='word_1_539' title='bbox 1154 2689 1291 2720; x_wconf 89' lang='lat' dir='ltr'><strong>invicem</strong></span> <span class='ocrx_word' id='word_1_540' title='bbox 1315 2690 1468 2732; x_wconf 83' lang='lat' dir='ltr'><strong>aliquibus</strong></span> <span class='ocrx_word' id='word_1_541' title='bbox 1482 2690 1616 2721; x_wconf 88' lang='lat' dir='ltr'><strong>ridicula</strong></span> 
     </span>
     <span class='ocr_line' id='line_1_47' title="bbox 161 2738 1613 2785; baseline 0.004 -17"><span class='ocrx_word' id='word_1_542' title='bbox 161 2738 324 2770; x_wconf 79' lang='lat' dir='ltr'><strong>videantur</strong></span> <span class='ocrx_word' id='word_1_543' title='bbox 340 2752 346 2770; x_wconf 91' lang='lat'>:</span> <span class='ocrx_word' id='word_1_544' title='bbox 370 2741 428 2771; x_wconf 91' lang='lat' dir='ltr'><strong>sed</strong></span> <span class='ocrx_word' id='word_1_545' title='bbox 443 2741 510 2782; x_wconf 84' lang='lat' dir='ltr'><strong>lege</strong></span> <span class='ocrx_word' id='word_1_546' title='bbox 526 2746 652 2777; x_wconf 79' lang='lat' dir='ltr'><strong>statuet,</strong></span> <span class='ocrx_word' id='word_1_547' title='bbox 670 2748 704 2772; x_wconf 86' lang='lat' dir='ltr'><strong>ut</strong></span> <span class='ocrx_word' id='word_1_548' title='bbox 719 2752 767 2772; x_wconf 86' lang='lat' dir='ltr'><strong>res</strong></span> <span class='ocrx_word' id='word_1_549' title='bbox 782 2743 921 2773; x_wconf 83' lang='lat' dir='ltr'><strong>militaris</strong></span> <span class='ocrx_word' id='word_1_550' title='bbox 934 2748 1042 2784; x_wconf 82' lang='lat' dir='ltr'><strong>agatur</strong></span> <span class='ocrx_word' id='word_1_551' title='bbox 1058 2743 1186 2774; x_wconf 82' lang='lat' dir='ltr'><strong>maxime</strong></span> <span class='ocrx_word' id='word_1_552' title='bbox 1202 2744 1342 2784; x_wconf 89' lang='lat' dir='ltr'><strong>quotidie</strong></span> <span class='ocrx_word' id='word_1_553' title='bbox 1358 2744 1487 2785; x_wconf 91' lang='lat' dir='ltr'><strong>quidem</strong></span> <span class='ocrx_word' id='word_1_554' title='bbox 1504 2745 1613 2774; x_wconf 88' lang='lat' dir='ltr'><strong>minori</strong></span> 
     </span>
     <span class='ocr_line' id='line_1_48' title="bbox 160 2794 1612 2839; baseline 0.004 -18"><span class='ocrx_word' id='word_1_555' title='bbox 160 2794 380 2826; x_wconf 84' lang='lat' dir='ltr'><strong>exercitatione</strong></span> <span class='ocrx_word' id='word_1_556' title='bbox 397 2795 462 2826; x_wconf 85' lang='lat' dir='ltr'><strong>sine</strong></span> <span class='ocrx_word' id='word_1_557' title='bbox 478 2796 581 2832; x_wconf 82' lang='lat' dir='ltr'><strong>armis,</strong></span> <span class='ocrx_word' id='word_1_558' title='bbox 597 2796 706 2826; x_wconf 89' lang='lat' dir='ltr'><strong>choros</strong></span> <span class='ocrx_word' id='word_1_559' title='bbox 721 2807 908 2838; x_wconf 87' lang='lat' dir='ltr'><strong>omnemque</strong></span> <span class='ocrx_word' id='word_1_560' title='bbox 924 2798 1146 2839; x_wconf 82' lang='lat' dir='ltr'><strong>gymnasticam</strong></span> <span class='ocrx_word' id='word_1_561' title='bbox 1162 2798 1200 2827; x_wconf 86' lang='lat' dir='ltr'><strong>ad</strong></span> <span class='ocrx_word' id='word_1_562' title='bbox 1216 2798 1281 2828; x_wconf 87' lang='lat' dir='ltr'><strong>haec</strong></span> <span class='ocrx_word' id='word_1_563' title='bbox 1297 2797 1447 2828; x_wconf 84' lang='lat' dir='ltr'><strong>inducens</strong></span> <span class='ocrx_word' id='word_1_564' title='bbox 1463 2803 1495 2828; x_wconf 91' lang='lat' dir='ltr'><strong>et</strong></span> <span class='ocrx_word' id='word_1_565' title='bbox 1507 2797 1612 2828; x_wconf 87' lang='lat' dir='ltr'><strong>conci·</strong></span> 
     </span>
     <span class='ocr_line' id='line_1_49' title="bbox 163 2848 1610 2892; baseline 0.003 -16"><span class='ocrx_word' id='word_1_566' title='bbox 163 2851 249 2876; x_wconf 81' lang='lat' dir='ltr'><strong>tans:</strong></span> <span class='ocrx_word' id='word_1_567' title='bbox 275 2848 389 2888; x_wconf 85' lang='lat' dir='ltr'><strong>majore</strong></span> <span class='ocrx_word' id='word_1_568' title='bbox 404 2860 476 2880; x_wconf 84' lang='lat' dir='ltr'><strong>vero</strong></span> <span class='ocrx_word' id='word_1_569' title='bbox 492 2860 555 2880; x_wconf 90' lang='lat' dir='ltr'><strong>non</strong></span> <span class='ocrx_word' id='word_1_570' title='bbox 571 2849 668 2880; x_wconf 87' lang='lat' dir='ltr'><strong>rarius</strong></span> <span class='ocrx_word' id='word_1_571' title='bbox 684 2860 776 2892; x_wconf 90' lang='lat' dir='ltr'><strong>quam</strong></span> <span class='ocrx_word' id='word_1_572' title='bbox 790 2852 886 2882; x_wconf 88' lang='lat' dir='ltr'><strong>semel</strong></span> <span class='ocrx_word' id='word_1_573' title='bbox 902 2851 934 2881; x_wconf 90' lang='lat' dir='ltr'><strong>in</strong></span> <span class='ocrx_word' id='word_1_574' title='bbox 949 2861 1067 2888; x_wconf 87' lang='lat' dir='ltr'><strong>mense,</strong></span> <span class='ocrx_word' id='word_1_575' title='bbox 1086 2856 1120 2882; x_wconf 93' lang='lat' dir='ltr'><strong>ut</strong></span> <span class='ocrx_word' id='word_1_576' title='bbox 1135 2857 1254 2882; x_wconf 85' lang='lat' dir='ltr'><strong>certent</strong></span> <span class='ocrx_word' id='word_1_577' title='bbox 1273 2851 1387 2892; x_wconf 82' lang='lat' dir='ltr'><strong>singuli</strong></span> <span class='ocrx_word' id='word_1_578' title='bbox 1402 2852 1440 2882; x_wconf 84' lang='lat' dir='ltr'><strong>ad</strong></span> <span class='ocrx_word' id='word_1_579' title='bbox 1457 2851 1610 2891; x_wconf 84' lang='lat' dir='ltr'><strong>capienda</strong></span> 
     </span>
     <span class='ocr_line' id='line_1_50' title="bbox 163 2900 1611 2947; baseline 0.004 -18"><span class='ocrx_word' id='word_1_580' title='bbox 163 2900 209 2930; x_wconf 86' lang='lat' dir='ltr'><strong>vel</strong></span> <span class='ocrx_word' id='word_1_581' title='bbox 224 2900 382 2933; x_wconf 78' lang='lat' dir='ltr'><strong>retinenda</strong></span> <span class='ocrx_word' id='word_1_582' title='bbox 394 2903 472 2942; x_wconf 86' lang='lat' dir='ltr'><strong>loca,</strong></span> <span class='ocrx_word' id='word_1_583' title='bbox 483 2910 516 2934; x_wconf 88' lang='lat' dir='ltr'><strong>et</strong></span> <span class='ocrx_word' id='word_1_584' title='bbox 527 2904 655 2936; x_wconf 86' lang='lat' dir='ltr'><strong>insidias</strong></span> <span class='ocrx_word' id='word_1_585' title='bbox 666 2915 852 2947; x_wconf 84' lang='lat' dir='ltr'><strong>omnemque</strong></span> <span class='ocrx_word' id='word_1_586' title='bbox 865 2915 929 2937; x_wconf 86' lang='lat' dir='ltr'><strong>rem</strong></span> <span class='ocrx_word' id='word_1_587' title='bbox 940 2905 1085 2937; x_wconf 82' lang='lat' dir='ltr'><strong>bellicam</strong></span> <span class='ocrx_word' id='word_1_588' title='bbox 1094 2906 1261 2942; x_wconf 87' lang='lat' dir='ltr'><strong>imitentur,</strong></span> <span class='ocrx_word' id='word_1_589' title='bbox 1273 2911 1306 2936; x_wconf 89' lang='lat' dir='ltr'><strong>et</strong></span> <span class='ocrx_word' id='word_1_590' title='bbox 1316 2906 1381 2946; x_wconf 81' lang='lat' dir='ltr'><strong>pila</strong></span> <span class='ocrx_word' id='word_1_591' title='bbox 1392 2915 1424 2935; x_wconf 86' lang='lat' dir='ltr'><strong>se</strong></span> <span class='ocrx_word' id='word_1_592' title='bbox 1434 2908 1611 2941; x_wconf 81' lang='lat' dir='ltr'><strong>exerceant.</strong></span> 
     </span>
    </p>
   </div>
  </div>
 </body>
</html>
