1840 3225
189 248 242 287 42
682 245 907 285 INCERTI
938 242 1213 284 AUCTORIS
1569 243 1666 321 [305

198 352 303 389 (lebet,
321 353 344 383 si
361 352 622 395 quemadmodum
650 350 700 381 vix
716 349 836 392 incepi,
852 349 896 379 ita
913 349 960 379 vix
978 348 1130 380 desinam.
1177 347 1240 379 AL.
1266 346 1295 378 Ο
1312 346 1355 377 vir
1370 345 1500 388 optime,
1522 345 1574 378 dic
1586 344 1666 387 jam.

200 406 324 436 audiam
353 407 447 437 enim.
493 407 548 437 So.
574 405 756 436 Dicendum
786 409 834 434 est
859 403 1012 445 profecto.
1060 402 1202 433 Arduum
1229 401 1356 443 quidem
1382 405 1442 442 est,
1462 411 1533 432 curn
1549 411 1600 440 eo,
1615 399 1669 441 qui

200 459 316 490 amicos
340 466 457 491 ceteros
480 459 684 501 superaverit,
707 457 876 489 amicitiam
901 457 1223 497 consuetudinemque
1250 455 1339 486 inire.
1361 455 1541 485 audendum
1564 458 1668 483 tamen

201 514 386 544 seutentiam
402 525 501 545 meam
519 514 702 555 exprimere.
748 511 916 552 Equidem,
941 521 960 540 o
978 509 1172 550 Alcibiades,
1196 510 1220 540 si
1236 514 1266 540 te
1281 509 1497 550 cognovissem
1513 508 1550 538 iis
1565 507 1667 542 rebus,

199 578 278 607 quas
294 578 385 608 supra
403 568 604 604 narravimus,
628 578 694 598 esse
717 571 913 601 contentum,
940 566 1099 606 vitamque
1114 564 1175 595 illis
1192 570 1275 594 tuam
1292 561 1668 604 mancipavisse,jandiu,

199 626 234 650 ut
251 619 326 651 milri
342 621 467 663 quIdem
486 622 602 656 videor,
631 620 880 651 benevolentiam
903 629 975 659 erga
1000 624 1030 649 te
1055 628 1153 649 meam
1179 618 1274 660 [105]
1300 616 1526 658 deposuissem.
1572 615 1669 647 Nunc

200 679 303 704 autem
320 675 395 705 alias
412 676 560 716 quasdam
577 681 646 705 tuas
661 675 701 705 de
725 680 756 704 te
779 673 847 714 ipso
863 672 1070 713 cogitationes
1093 682 1219 713 arguam
1236 684 1242 701 :
1270 677 1304 701 ut
1317 670 1486 712 intelligas,
1510 680 1602 712 quarn
1626 669 1668 700 ob

198 737 336 765 causam,
353 740 422 760 cum
440 730 534 760 semel
551 729 606 760 tibi
624 733 758 759 mentem
775 727 982 763 adhibuerim,
997 736 1157 766 nunquam
1174 726 1291 756 destiti.
1315 725 1427 755 videris
1443 723 1517 755 mihi
1532 734 1618 760 sane,
1643 723 1668 754 si

198 780 268 822 quis
284 783 361 813 deus
376 782 431 813 tibi
447 783 569 819 dixerit,
596 783 624 813 Ο
650 781 845 819 Alcibiades,
868 780 1013 822 nunquid
1041 780 1145 811 vivere
1171 780 1217 810 vis
1242 790 1279 810 ea
1306 779 1375 810 sola
1398 778 1574 820 possidens,
1594 787 1666 818 quae

199 845 283 866 nunc
311 836 431 867 habes?
455 847 495 867 an
520 836 623 867 statim
652 837 749 874 obire,
774 836 834 866 nisi
861 835 1077 876 praestantiora
1106 834 1234 875 quidem
1251 833 1371 874 assequi
1396 833 1512 863 liceat?
1536 837 1666 862 mortem

199 889 305 928 potius
320 889 484 921 electurus.
532 890 574 920 At
591 900 663 920 vero
680 900 742 931 qua
758 899 841 919 nuuc
856 899 910 929 spe
924 888 1018 918 vitam
1036 898 1121 928 agaS,
1136 887 1285 928 aperiam.
1331 886 1430 917 Putas
1442 885 1538 926 enim,
1553 886 1578 916 si
1594 896 1665 915 mox

197 941 231 970 in
248 941 450 974 Atheniensis
466 944 577 985 populi
594 944 776 974 concionem
795 943 981 978 ascenderis,
995 942 1077 982 quod
1092 942 1218 982 quidem
1232 951 1348 982 paucos
1361 945 1435 982 post
1446 940 1512 970 dies
1527 939 1665 970 futurum

197 995 370 1033 existimas,
384 996 633 1028 Atheniensibus
649 998 930 1028 demonstraturum
955 1001 985 1026 te
1001 995 1111 1036 majori
1125 996 1252 1036 dignum
1277 1006 1343 1026 esse
1359 995 1488 1030 honore,
1503 1003 1595 1035 quam
1612 997 1667 1023 aut

199 1048 335 1080 Pericles
352 1051 390 1080 sit
411 1057 464 1081 aut
480 1051 560 1082 alius
584 1051 746 1092 quisquam
771 1050 863 1080 fuerit
885 1059 1003 1085 eorum,
1029 1049 1084 1089 qui
1107 1049 1315 1089 superioribus
1339 1047 1451 1079 seculis
1472 1048 1664 1078 floruerunt:

198 1103 283 1142 quod
310 1104 335 1133 si
352 1105 536 1141 ostenderis,
552 1104 691 1134 maximae
709 1104 792 1145 apud
812 1103 894 1134 cives
919 1108 988 1133 tuos
1005 1102 1198 1134 auctoritatis
1222 1103 1298 1132 fore.
1342 1102 1443 1142 Atqui
1458 1102 1481 1131 si
1499 1100 1665 1142 plurimum

197 1156 256 1186 hac
273 1156 302 1186 in
321 1158 395 1188 urbe
412 1159 522 1198 possis,
539 1158 676 1188 omnium
694 1168 819 1198 quoque
836 1157 1028 1192 Graecorum,
1042 1161 1136 1198 atque
1150 1157 1243 1187 etiam
1255 1156 1472 1191 Barbarorum,
1483 1155 1664 1196 quicunque

196 1210 328 1240 eandem
343 1221 435 1251 quam
451 1217 483 1242 et
499 1211 601 1242 Graeci
618 1211 760 1242 incolunt
777 1211 946 1251 regionem,
960 1210 1164 1241 clarissimum
1180 1216 1209 1241 te
1225 1210 1362 1240 futurum
1378 1221 1385 1239 :
1400 1214 1433 1240 et
1447 1209 1472 1239 si
1487 1209 1565 1240 deus
1581 1208 1664 1238 idern

195 1263 360 1304 imperium
376 1261 510 1306 Europae
526 1265 726 1302 concesserit,
743 1265 870 1295 transire
885 1269 988 1295 tamen
1005 1265 1035 1294 iu
1054 1265 1178 1303 Asiam,
1195 1263 1280 1294 ctibi
1290 1264 1380 1294 rebus
1392 1263 1523 1304 agendis
1533 1271 1665 1304 praeesse

196 1318 352 1348 vetuerit:
377 1319 516 1349 nondum
542 1320 696 1350 electurus
721 1319 796 1349 milri
824 1319 935 1349 videris
951 1329 1020 1349 cum
1048 1319 1096 1350 his
1120 1317 1192 1349 solis
1216 1318 1310 1348 vitam
1333 1318 1459 1358 degere,
1473 1317 1533 1348 nisi
1547 1327 1664 1348 nomen

193 1376 282 1402 tuum
299 1378 393 1414 atquc
410 1373 595 1414 potentiam,
613 1379 646 1404 ut
662 1374 705 1403 ita
721 1373 835 1410 dicam,
854 1383 907 1413 per
923 1373 1026 1403 onmia
1044 1373 1204 1403 hominum
1221 1382 1334 1413 genera
1350 1371 1541 1412 propagaris.
1567 1375 1663 1412 teque

194 1425 326 1456 arbitror
341 1432 450 1467 praeter
465 1427 584 1469 Cyrum
601 1438 636 1459 ac
664 1427 797 1458 Xerxem
825 1428 981 1458 neminem
1010 1427 1157 1458 memoria
1181 1426 1311 1467 dignum
1335 1425 1521 1456 existimare.
1565 1425 1663 1462 Quod

192 1477 290 1519 igitur
305 1479 484 1521 hujusmodi
500 1492 555 1523 spe
571 1481 706 1517 nutriris,
722 1492 786 1512 non
802 1480 950 1522 conjecto
967 1481 1126 1522 equidem,
1143 1481 1198 1511 sed
1225 1485 1311 1511 certo
1328 1479 1404 1512 scio.
1426 1478 1505 1510 forte
1521 1478 1614 1509 etiam
1631 1483 1663 1509 et

196 1537 230 1562 tu
247 1534 455 1572 confiteberis,
472 1541 581 1577 utpote
609 1536 653 1566 tui
669 1536 825 1573 conscius,
844 1546 891 1567 me
916 1545 987 1566 vera
1002 1534 1128 1567 dixisse.
1175 1535 1242 1566 AL.
1267 1534 1353 1571 Quid
1377 1535 1448 1569 hoc,
1474 1543 1492 1563 ο
1507 1533 1663 1568 Socrates,

197 1587 236 1617 ad
253 1599 321 1619 eam
339 1589 502 1627 rationem,
530 1601 622 1631 quam
640 1591 795 1631 assignare
811 1591 950 1628 volebas,
967 1591 1007 1621 ob
1030 1600 1123 1631 quam
1146 1599 1195 1619 me
1211 1588 1351 1619 nondum
1367 1587 1559 1618 deserueris?
1605 1586 1662 1618 So.

196 1640 264 1682 Ego
281 1642 339 1672 tibi
355 1643 469 1679 dicam,
486 1654 504 1674 o
521 1643 620 1675 amice
636 1644 746 1675 Cliniae
762 1649 794 1674 et
806 1643 1018 1675 Dinomaches
1034 1644 1090 1674 fili.
1106 1644 1161 1673 has
1171 1642 1378 1683 cogitationes
1389 1647 1458 1672 tuas
1469 1641 1508 1672 ad
1519 1644 1662 1682 optatum

195 1696 289 1726 finem
306 1698 473 1738 perducere
489 1699 606 1739 absque
623 1709 671 1729 me
697 1699 823 1729 minime
840 1703 950 1740 potes:
976 1709 1076 1740 usque
1105 1698 1184 1729 adeo
1208 1697 1243 1728 in
1269 1702 1300 1727 te
1324 1706 1360 1727 ac
1386 1700 1440 1726 tua
1465 1694 1591 1736 negotia
1612 1704 1662 1725 me

195 1760 287 1790 posse
303 1752 439 1783 confido.
485 1752 687 1794 Quapropter
712 1754 804 1784 deum
829 1753 929 1794 ipsum
955 1763 1068 1784 censeo
1095 1763 1158 1782 non
1186 1750 1359 1791 permisisse
1384 1749 1470 1787 oiim,
1493 1759 1543 1779 me
1558 1753 1662 1780 tecum

195 1794 369 1836 disserer'e:
394 1811 488 1847 atque
504 1817 562 1847 ego
588 1807 779 1848 exspectavi,
803 1807 906 1837 donec
932 1805 985 1837 ille
1003 1806 1205 1847 permitteret.
1251 1804 1298 1835 Ut
1319 1803 1402 1835 enim
1419 1808 1451 1834 tu
1467 1800 1572 1844 speras
1585 1803 1663 1834 civi-

192 1858 252 1888 tati
268 1863 328 1888 tuae
345 1859 508 1890 ostendere
525 1870 629 1902 posse,
645 1860 730 1891 omni
747 1865 776 1891 te
793 1861 877 1901 apud
894 1870 962 1890 eam
977 1861 1095 1890 honore
1120 1859 1249 1900 dignum
1265 1868 1344 1895 esse,
1359 1863 1454 1898 atque
1469 1858 1516 1888 his
1531 1858 1662 1888 demon-

192 1912 295 1942 stratis
319 1913 395 1943 nihil
420 1913 499 1944 adeo
527 1924 672 1955 magnum
697 1921 821 1951 restare,
849 1913 933 1955 quod
962 1924 1026 1944 non
1050 1913 1154 1943 statim
1171 1912 1325 1943 conficere
1341 1911 1461 1953 possis:
1486 1911 1531 1942 sic
1546 1911 1662 1952 etipse

190 1965 358 2006 plurimum
371 1967 456 2008 apud
470 1972 500 1997 te
513 1978 603 2008 posse
616 1968 753 2004 confido,
765 1978 834 1999 cum
850 1967 983 2008 primum
996 1967 1177 2009 ostendero,
1189 1966 1311 1997 cunctis
1323 1976 1371 1996 me
1386 1965 1559 2006 digniorem
1571 1975 1638 1996 esse
1651 1977 1662 1995 .-

192 2030 251 2050 nec
260 2025 392 2051 tutorem
404 2031 507 2062 neque
516 2027 684 2063 cognatum
696 2033 797 2063 neque
808 2022 901 2052 alium
911 2022 1105 2063 quempiam,
1119 2026 1230 2063 praeter
1242 2020 1369 2051 unicum
1379 2030 1438 2055 me,
1447 2019 1508 2050 deo
1523 2019 1661 2056 favente,

193 2073 248 2103 tibi
261 2084 329 2104 eam
343 2074 527 2115 potentiam,
541 2086 632 2116 quam
645 2075 813 2112 desideras,
829 2075 1025 2107 traditurum.
1050 2075 1211 2112 Quamdiu
1221 2074 1315 2116 igitur
1324 2073 1517 2115 erasjunior,
1525 2074 1661 2104 necdum

192 2126 225 2157 in
242 2137 328 2168 spem
345 2132 463 2158 tantam
477 2139 615 2166 veneras,
632 2139 702 2160 mea
718 2129 846 2170 quidem
864 2130 1030 2166 sententia,
1045 2130 1122 2160 deus
1140 2134 1243 2160 tecum
1258 2128 1418 2169 disputare
1435 2127 1661 2168 probibuit,›ne

191 2180 302 2211 frustra
318 2182 553 2215 contenderem.
576 2194 660 2214 nunc
676 2194 748 2214 vero
774 2183 871 2225 [106]
895 2183 1031 2224 impulit.
1076 2182 1171 2214 Nune
1186 2182 1281 2223 igitur
1295 2182 1416 2212 audies.
1461 2181 1526 2213 AL.
1551 2180 1661 2222 Longe

192 2234 268 2265 milri
284 2245 367 2266 nunc
384 2236 552 2268 mirabilior
569 2237 696 2274 videris,
712 2248 730 2268 o
747 2237 901 2274 Socrates,
919 2242 1086 2279 postquam
1103 2236 1188 2277 loqui
1200 2246 1320 2266 mecum
1333 2234 1571 2276 coepisti,quam
1584 2235 1660 2265 dum

191 2288 305 2319 tacitus
320 2299 369 2320 me
386 2291 586 2331 sequebaris:
612 2301 790 2333 quanquam
807 2291 901 2321 etiam
925 2296 1000 2321 tunc
1024 2296 1152 2332 aspectu
1177 2289 1247 2320 talis
1265 2288 1395 2319 maxime
1419 2289 1581 2319 videbaris.
1626 2288 1661 2319 Si

191 2341 287 2383 igitur
300 2347 402 2373 utrum
418 2354 477 2385 ego
493 2346 558 2376 haec
576 2350 679 2376 mente
697 2356 858 2381 versarem,
873 2355 988 2386 necne,
1004 2350 1039 2375 ut
1053 2345 1186 2384 videtur,
1203 2344 1322 2384 optime
1337 2343 1523 2384 cognovisti,
1537 2342 1661 2374 etiamsi

192 2395 294 2427 minus
311 2397 409 2428 verbis
424 2407 613 2439 expressero,
630 2399 706 2429 nihil
720 2399 786 2440 jam
805 2399 921 2440 negotii
937 2404 1003 2430 erat
1021 2398 1147 2429 ulterius
1163 2398 1202 2428 ad
1228 2403 1259 2427 te
1276 2397 1538 2439 persuadendum.
1582 2396 1660 2427 Esto

193 2460 280 2482 saue.
305 2451 330 2480 si
345 2461 418 2492 ergo
434 2452 500 2482 haec
515 2452 585 2493 ipse
601 2453 731 2483 maxime
758 2453 902 2492 intendo,
924 2462 1061 2493 quonam
1080 2451 1173 2481 modo
1193 2460 1247 2491 per
1263 2455 1293 2481 te
1318 2460 1502 2491 consequar,
1518 2460 1577 2481 nec
1592 2450 1660 2480 sine

190 2509 220 2533 te.
236 2504 295 2534 ista
311 2505 531 2545 perficientur?
557 2511 688 2547 potesne
705 2507 808 2537 dicere
823 2507 833 2536 ?
881 2507 937 2538 So.
961 2506 1191 2546 Interrogasne,
1208 2515 1247 2535 an
1259 2504 1411 2546 prolixum
1428 2515 1598 2536 sermonem
1610 2504 1659 2534 in-

190 2563 336 2598 cepturus
352 2558 422 2595 sim,
440 2559 547 2600 quales
563 2560 669 2590 audire
685 2560 795 2590 solitus
811 2560 865 2590 es?
898 2559 1013 2600 Neque
1032 2569 1104 2589 vero
1121 2558 1152 2588 id
1167 2558 1227 2589 mei
1244 2557 1336 2589 moris
1350 2563 1410 2589 est.
1442 2557 1657 2589 Veruntamen

190 2613 353 2642 ostendere
371 2613 427 2643 tibi
444 2624 581 2655 possum,
607 2620 642 2645 ut
664 2615 805 2656 arbitror,
827 2615 894 2646 haec
917 2615 960 2645 ita
987 2625 1018 2645 se
1042 2615 1166 2650 habere,
1184 2613 1276 2644 modo
1303 2613 1335 2643 in
1350 2613 1409 2643 hoc
1425 2622 1486 2642 uno
1503 2612 1656 2642 duntaxat

190 2666 266 2696 milri
281 2667 410 2708 obsequi
426 2668 515 2700 velis.
561 2669 625 2701 AL.
649 2669 721 2700 Nisi
735 2670 866 2701 arduum
883 2669 1032 2710 quiddam
1056 2669 1173 2709 exigas,
1196 2667 1349 2699 concedo.
1395 2666 1452 2697 So.
1476 2665 1559 2696 Num
1575 2665 1658 2696 difli-

189 2720 248 2751 cile
278 2720 334 2751 tibi
360 2721 495 2762 videtur,
516 2724 555 2753 ad
582 2724 771 2766 interrogata
787 2724 999 2765 respondere?
1048 2723 1111 2754 AL.
1135 2722 1357 2763 Nequaquam.
1402 2720 1457 2752 So.
1480 2719 1656 2761 Responde

188 2773 293 2814 igitur.
341 2775 406 2806 Ar..
430 2775 601 2818 Interroga.
647 2778 702 2810 So.
727 2776 781 2808 An
799 2783 829 2808 te
847 2778 1044 2819 interrogem,
1061 2782 1095 2807 ut
1111 2777 1298 2818 cogitantem
1315 2785 1363 2811 ea,
1380 2783 1449 2815 quae
1465 2774 1601 2814 cogitare
1625 2779 1656 2804 te

188 2828 252 2858 ‹lixi
266 2828 277 2858 ἓ
323 2828 388 2861 Ar..
414 2828 503 2870 Esto,
527 2830 551 2860 si
581 2831 683 2871 placet
697 2844 704 2862 ε
730 2837 765 2862 ut
792 2832 917 2863 tandem
945 2831 1020 2874 quid
1052 2831 1143 2871 feras,
1175 2830 1308 2861 videam.
1353 2828 1409 2860 So.
1433 2827 1502 2868 Age
1530 2827 1652 2868 utique,

191 2882 339 2919 intendi&
366 2888 400 2912 ut
424 2894 518 2925 supra
534 2884 610 2923 dixi,
629 2886 711 2916 brevi
736 2887 820 2918 adire
845 2885 1070 2917 Atheniensem
1095 2884 1259 2927 populum,
1282 2882 1488 2914 consulturus.
1533 2881 1566 2912 Si
1593 2881 1649 2912 tibi

186 2936 279 2977 igitur
295 2947 366 2967 mox
382 2938 420 2969 ad
437 2939 619 2970 concionem
636 2941 812 2981 profecturo
829 2952 888 2983 ego
911 2942 1020 2972 obvius
1047 2941 1193 2980 dicerem,
1218 2938 1247 2968 O
1272 2936 1464 2972 Alcibiades,
1481 2940 1646 2977 postquam
