1840 3225
213 262 294 301 466
755 257 924 297 TIMAEI
957 257 1117 297 LOCRI
1582 261 1680 312 [100

213 365 332 401 aetem,
359 369 392 395 et
417 363 471 396 aet
497 363 538 394 ad
562 363 686 404 ignem:
719 368 753 393 et
777 362 928 400 vicissim,
952 363 1041 394 velut
1063 362 1159 394 Terra
1179 362 1219 393 ad
1243 361 1363 399 aiirem,
1391 371 1471 404 aqua
1497 362 1537 394 ad
1563 362 1682 404 ignem.

217 419 485 460 Quandoquidem
508 423 614 449 autem
625 417 732 449 omnia
743 422 818 449 sunt
830 418 972 459 potentia
987 417 1132 459 aequalia,
1147 417 1286 457 ipsorum
1301 416 1438 448 rationes
1460 422 1536 448 totae
1558 423 1629 448 sunt
1650 416 1684 447 in

216 473 409 514 aequalitate.
453 473 542 504 Unus
565 472 660 513 igitur
685 472 736 503 hic
762 471 899 503 mundus
926 471 1028 502 felicis
1060 470 1223 514 cujusdam
1251 476 1285 501 et
1310 472 1407 511 plane
1437 470 1537 502 divini
1561 469 1683 501 vinculi

214 527 417 569 proportione
447 526 603 558 consistit.
653 526 777 557 Horum
806 535 899 567 porro
927 531 1061 567 quatuor
1091 535 1255 566 corporum
1286 523 1536 566 unumquodque
1569 523 1683 555 multas

215 580 340 622 species
355 580 464 612 habet.
508 580 597 621 Ignis
611 579 751 621 quidem,
767 579 936 615 flammam,
950 580 1066 619 lucem,
1080 580 1295 620 splendorem,
1307 584 1435 620 propter
1446 578 1685 619 triangulorum.

214 634 269 676 qui
283 635 316 665 in
331 643 522 675 unoquoque
535 634 675 675 ipsorum
688 638 774 670 sunt,
789 633 1052 675 inaequalitatem.
1076 633 1199 664 Eodem
1214 633 1311 664 etiam
1327 632 1418 664 modo
1433 637 1467 662 et
1479 631 1555 668 Ae'r,
1570 631 1684 672 partim

215 687 344 730 quidem
358 698 454 729 purus
475 693 507 718 et
530 688 643 725 siccus,
667 687 782 729 partim
812 687 959 718 humidus
983 694 1016 718 et
1041 688 1224 721 nebulosus.
1278 686 1374 728 Aqua
1402 687 1509 721 etiarn,
1538 684 1684 726 quaedam

214 741 313 773 fluida
328 747 387 778 est,
404 742 548 783 quaedam
567 742 744 782 congelata,
771 740 871 772 veluti
890 741 956 777 nix,
979 740 1110 783 grando,
1134 740 1265 782 glacies.
1309 740 1433 771 Humor
1457 744 1574 775 autem,
1603 738 1686 770 alius

214 800 263 827 est
289 796 448 834 humidus,
470 800 505 826 ut
529 796 605 832 mel,
630 796 755 826 oleum:
779 794 873 831 alius,
904 801 1098 835 compactus,
1128 800 1164 825 ut
1194 795 1260 836 pix,
1290 804 1373 826 cera.
1416 793 1585 834 Compacti
1611 801 1686 824 vero

214 849 350 891 species,
363 850 435 886 alia,
451 849 563 885 fusilis,
579 854 616 880 ut
629 858 753 886 aurum,
769 854 943 888 argentum,
973 858 1027 883 aes,
1052 854 1213 884 stannum,
1240 848 1415 888 plumbum,
1442 847 1515 878 ferri
1537 846 1685 878 defaecati

214 914 326 945 genus,
341 903 428 945 quod
442 902 586 942 σταγόνα
599 903 665 933 sive
682 901 855 941 σταγονίαν
881 907 1015 932 vocant:
1043 901 1116 937 alia,
1143 901 1275 942 fragilis,
1300 906 1336 932 ut
1360 901 1501 942 sulphur,
1527 901 1685 935 bitumen,

213 957 342 994 nitrum,
358 958 416 994 sal,
433 957 572 992 alumen,
588 962 621 986 et
635 956 758 996 lapides
772 954 913 998 ejusdem
926 954 1065 995 generis.

257 1011 278 1043 J
281 1021 332 1042 am
361 1021 437 1041 vero
468 1016 540 1051 post
569 1009 682 1040 mundi
711 1009 981 1045 constitutionem,
1010 1009 1187 1040 mortalium
1215 1008 1419 1040 animantium
1448 1008 1683 1049 generationem

214 1065 343 1096 molitus
359 1070 408 1096 est
432 1064 524 1095 Deus
549 1069 584 1094 ut
609 1064 649 1095 ad
671 1063 843 1104 imaginem
871 1063 958 1094 illam
980 1063 1142 1104 perfectus
1166 1069 1250 1096 esset
1273 1064 1370 1105 plane
1392 1069 1487 1104 atque
1511 1062 1687 1093 absolutus.

213 1118 397 1150 Humanam
421 1118 518 1159 igitur
547 1118 681 1149 animam
707 1128 747 1148 ex
774 1117 890 1148 iisdem
914 1118 1089 1148 rationibus
1116 1122 1213 1159 atque
1240 1116 1393 1158 potentiis
1413 1121 1686 1158 contemperatam

214 1177 309 1214 atque
340 1173 475 1203 divisam
513 1171 734 1207 distribuebat,
765 1171 896 1204 Naturae
927 1171 1096 1202 alteratrici
1126 1172 1186 1202 boc
1223 1171 1342 1202 tributo
1371 1170 1549 1203 ministerio
1567 1182 1574 1200 :
1610 1180 1684 1211 quai

214 1226 357 1268 acceptis
378 1228 486 1259 harum
502 1236 603 1257 rerum
622 1225 786 1262 mandatis,
801 1225 903 1267 ipsius
919 1225 1055 1267 Opificis
1077 1225 1166 1266 quasi
1189 1225 1292 1257 vicem
1318 1225 1417 1257 obivit
1438 1225 1473 1256 in
1499 1223 1686 1256 mortalibus

213 1285 247 1311 et
271 1280 393 1312 diurnis
407 1281 596 1312 animalibus
610 1279 795 1316 efficiendis,
811 1290 946 1320 quorum
959 1279 1081 1311 animas
1092 1280 1183 1322 quasi
1196 1290 1254 1321 per
1265 1280 1383 1310 fluxum
1397 1279 1566 1320 quemdam
1581 1277 1684 1308 instil-

214 1334 319 1366 labat:
361 1336 408 1367 ita
436 1335 513 1366 alias
541 1334 672 1375 quidem
700 1344 720 1365 a
746 1334 846 1370 Luna,
871 1333 950 1364 alias
979 1333 1098 1370 aSole,
1128 1334 1208 1365 alias
1235 1343 1255 1364 a
1279 1333 1402 1365 caeteris
1427 1343 1497 1374 quae
1526 1333 1559 1362 in
1589 1330 1683 1362 Alte-

212 1388 278 1419 rius
306 1393 396 1429 parte
422 1389 570 1423 oberrant
597 1388 687 1420 astris
725 1387 916 1419 deducebat.
959 1387 1064 1419 Unam
1103 1388 1237 1419 animam
1266 1387 1404 1429 excepit,
1430 1396 1501 1428 quae
1526 1385 1682 1426 Ejusdem

212 1442 356 1483 potentia
369 1442 502 1483 praedita
516 1448 578 1479 est,
592 1452 695 1483 quam⁴
708 1441 741 1473 in
755 1446 845 1483 parte
863 1442 916 1473 ilia
929 1441 1064 1475 rationis
1078 1441 1235 1483 participe
1250 1441 1428 1477 admiscuit,
1444 1441 1615 1481 imaginem
1631 1449 1680 1470 sa-

212 1496 341 1537 pientiae
357 1496 406 1526 his
418 1496 472 1537 qui
486 1496 572 1526 bono
586 1496 651 1527 fato
663 1501 802 1527 utuntur.
821 1496 1047 1530 namliumanae
1059 1496 1172 1526 animae
1185 1496 1285 1526 altera
1294 1505 1368 1536 pars
1380 1494 1510 1525 rationis
1521 1498 1570 1525 est
1583 1493 1681 1534 parti-

213 1560 290 1591 ceps
305 1555 338 1581 et
350 1550 532 1591 intelligens
547 1562 553 1580 :
579 1550 690 1586 altera,
703 1550 830 1582 rationis
842 1560 955 1591 expers
970 1555 1065 1591 atque
1078 1549 1244 1591 insipiens.
1266 1549 1345 1591 Ejus
1358 1559 1432 1579 vero
1455 1558 1524 1590 quae
1548 1547 1681 1578 rationis

212 1608 264 1634 est
278 1604 449 1645 particeps,
463 1603 572 1634 melior
586 1604 747 1645 potiorque
761 1613 833 1645 pars
848 1603 888 1634 de
905 1603 1056 1644 Ejusdem
1071 1608 1184 1634 natura
1195 1607 1244 1634 est
1261 1614 1267 1632 :
1285 1602 1422 1634 deterior
1432 1611 1517 1636 vero,
1528 1600 1681 1632 Alterius.

213 1657 356 1699 Utraque
381 1664 488 1688 autem
504 1657 587 1688 circa
598 1662 694 1699 caput
703 1658 810 1688 sedem
825 1658 930 1693 habet,
942 1663 978 1688 ut
994 1657 1121 1699 reliquae
1140 1657 1237 1699 [100]
1255 1656 1445 1688 tumanimae
1461 1660 1531 1688 tum
1541 1654 1680 1696 corporis

213 1716 319 1752 partes
344 1711 416 1742 huic
439 1711 624 1747 inserviant,
655 1711 923 1752 quemadmodum
947 1711 1005 1741 sub
1029 1711 1100 1751 ipso
1126 1710 1266 1752 corporis
1291 1709 1495 1742 tabernaculo
1519 1709 1680 1740 universo.

211 1764 259 1796 At
272 1766 372 1806 partis
387 1765 454 1807 ejus
469 1775 538 1806 quae
552 1765 680 1796 rationis
694 1769 744 1795 est
758 1774 881 1805 exper5‚
897 1774 935 1795 ea
949 1774 1023 1805 pars
1036 1774 1107 1805 quae
1123 1764 1164 1794 ad
1178 1765 1255 1795 iram
1278 1774 1378 1805 prona.
1403 1768 1464 1800 est,
1489 1763 1574 1795 circa
1599 1773 1652 1794 cor
1667 1773 1676 1795 :

211 1828 250 1857 ca
265 1829 336 1860 quae
351 1819 557 1860 concupiscit,
573 1819 657 1849 circa
667 1818 760 1859 jecur
774 1818 884 1848 sedem
900 1817 1006 1848 habet.
1026 1817 1045 1848 J
1051 1827 1102 1848 am
1116 1827 1192 1848 vero
1209 1818 1393 1853 Cerebrum,
1415 1822 1466 1848 est
1486 1816 1678 1858 principium

211 1877 245 1909 et
260 1873 345 1904 radi'x
360 1872 520 1909 medullae,
534 1873 569 1903 in
584 1882 685 1914 eoque
701 1873 797 1904 etiam
812 1877 863 1902 est
877 1871 991 1903 animae
1011 1871 1217 1913 principatus.
1262 1871 1317 1902 Ab
1338 1871 1398 1902 boc
1421 1875 1525 1902 autem
1548 1869 1676 1901 diffusio

212 1926 359 1968 quaedam
373 1932 481 1957 manat
496 1937 553 1968 per
565 1927 650 1958 dorsi
666 1926 834 1962 vertebras,
847 1926 936 1967 quasi
953 1935 1054 1967 prono
1068 1925 1168 1961 alveo,
1192 1930 1226 1955 ut
1246 1924 1321 1957 inde
1346 1926 1386 1956 ad
1408 1934 1517 1956 semen
1545 1933 1677 1965 genera-

211 1980 396 2022 tionemque
422 1981 552 2011 materia
567 1980 747 2011 sufficiatur.
782 1979 864 2010 Ossa
879 1984 994 2015 autem,
1010 1979 1218 2010 medullarum
1239 1979 1437 2010 munimenta
1458 1985 1554 2010 simt:
1579 1977 1677 2014 Caro,

209 2035 319 2066 horum
332 2039 460 2075 tegmen
471 2039 503 2066 et
513 2034 782 2076 cooperimentum
794 2039 852 2065 est.
868 2033 1030 2064 Articulos
1042 2039 1146 2065 autem
1159 2033 1264 2065 nervis
1276 2033 1447 2065 connexuit
1456 2042 1512 2074 per
1522 2031 1675 2073 ligamen-

209 2093 244 2120 ta
267 2088 309 2119 ad
331 2093 462 2119 motum.
508 2088 556 2119 Ex
580 2087 714 2118 internis
739 2092 847 2118 autem
862 2087 1078 2118 instrumentis
1092 2087 1239 2130 qnaedam
1252 2087 1393 2120 alimenti
1405 2087 1516 2129 gratia,
1527 2085 1674 2127 quaedam

208 2142 322 2173 salutis
337 2141 422 2173 fecit.
466 2142 512 2174 Ex
528 2141 667 2172 motibus
679 2149 784 2172 autem
799 2141 854 2182 qui
867 2142 905 2172 ab
921 2142 1059 2173 externis
1073 2142 1327 2184 proficiscuntur,
1344 2142 1377 2172 hi
1402 2140 1458 2182 qui
1480 2139 1522 2172 ad
1547 2139 1676 2181 sapien·

209 2199 274 2226 tem
289 2195 379 2227 illum
395 2195 500 2226 locum
515 2195 707 2230 tribuuntur,
726 2195 872 2226 sensibus
895 2201 968 2226 sunt
994 2196 1151 2237 expositi:
1177 2196 1230 2238 qui
1254 2206 1325 2227 vero
1350 2195 1409 2227 sub
1434 2193 1673 2236 perceptionem

208 2258 273 2280 non
298 2248 427 2285 cadunt,
451 2258 562 2280 sensus
587 2247 760 2289 effugiunt:
801 2249 865 2280 sive
893 2250 977 2291 quod
1006 2260 1136 2291 corpora
1162 2260 1233 2291 quae
1262 2249 1448 2284 afficiuntur,
1477 2247 1581 2289 magis
1609 2246 1676 2279 sint

206 2306 321 2339 terrea,
334 2302 400 2333 sive
417 2302 503 2344 quod
518 2307 622 2334 motus
632 2303 697 2333 sint
712 2303 946 2334 imbecilliores.
993 2303 1181 2345 Quicunque
1197 2303 1292 2344 igitur
1306 2307 1411 2334 motus
1429 2301 1506 2338 sint,
1527 2306 1674 2333 naturam

207 2356 375 2393 excedunt,
404 2355 545 2388 dolorem
567 2356 712 2398 pariunt:
737 2357 917 2398 quicunque
945 2363 1053 2388 autem
1075 2358 1113 2388 ad
1131 2358 1230 2398 ipsam
1245 2356 1468 2395 restituuntur,
1482 2354 1676 2397 Voluptates

207 2410 417 2442 nominantur.
462 2409 508 2441 At
524 2420 601 2441 vero
620 2421 659 2441 ex
675 2410 821 2441 sensibus
841 2410 940 2441 visum
959 2410 1090 2451 quidem
1113 2411 1207 2442 nobis
1219 2410 1368 2443 accendit
1392 2409 1482 2441 Deus
1502 2408 1544 2441 nd
1566 2418 1674 2440 rerum

207 2463 383 2498 coelestium
397 2464 697 2505 contemplationem
714 2464 941 2505 scientiamque
958 2465 1213 2506 comparandam.
1257 2463 1410 2496 Auditum
1427 2468 1534 2495 autem
1543 2462 1674 2499 creavit,

206 2518 476 2549 accommodatum
490 2518 733 2550 instrumentum
748 2519 788 2549 ad
801 2528 960 2549 sermones
969 2524 1004 2549 et
1017 2525 1190 2550 concentus
1203 2517 1443 2560 percipiendos:
1459 2516 1552 2559 cujus
1559 2526 1675 2549 sensus

206 2570 362 2607 beneficio
377 2571 404 2603 si
415 2572 508 2602 homo
524 2572 562 2603 ab
577 2572 648 2613 ipso
663 2578 749 2604 ortus
764 2572 935 2614 primordio
952 2572 1124 2604 destitutus
1138 2573 1191 2612 sit,
1206 2572 1492 2614 sermonisquoque
1501 2570 1670 2602 emittendi

204 2623 354 2656 facultate
371 2625 571 2658 destituetur.
614 2626 728 2668 Itaque
743 2626 877 2659 maxime
893 2632 1060 2668 cognatum
1077 2626 1212 2658 sermoni
1227 2627 1312 2657 hunc
1328 2635 1455 2657 sensum
1477 2634 1546 2656 esse
1567 2625 1669 2657 aiunt.

206 2677 416 2720 Quaecunque
431 2689 506 2710 vero
518 2679 704 2712 affectiones
726 2691 893 2722 corporum
910 2682 1127 2716 nominantur,
1148 2685 1252 2712 tactus
1276 2679 1395 2711 ratione
1417 2677 1666 2720 appellationem

204 2732 376 2764 sortiuntur
391 2744 397 2762 z
422 2733 489 2774 ipsa
505 2743 578 2764 vero
591 2733 810 2771 inclinatione,
827 2735 864 2765 ad
883 2734 998 2766 locum.
1017 2738 1120 2765 tactus
1135 2733 1221 2765 enim
1235 2733 1347 2765 vitales
1362 2732 1530 2765 facultates
1544 2730 1667 2772 dijudi-

202 2791 264 2822 cat,
280 2786 486 2823 caliditatem,
501 2787 729 2829 frigiditatem:
761 2788 948 2825 siccitatem,
961 2788 1182 2819 humiditatem
1198 2800 1205 2818 z
1237 2787 1413 2822 lenitatem,
1437 2785 1660 2827 asperitatem:

202 2839 361 2877 cedentia,
384 2840 572 2872 renitentia:
610 2842 729 2879 mollia,
757 2842 848 2874 dura.
902 2842 1020 2874 Tactus
1042 2847 1149 2874 autem
1177 2850 1270 2883 grave
1299 2845 1333 2871 et
1359 2839 1430 2870 leve
1460 2837 1661 2881 prejudicat:

204 2894 285 2925 ratio
300 2904 377 2926 vero
392 2894 504 2925 definit
518 2900 613 2936 atque
635 2897 838 2933 determinat,
853 2906 892 2927 ea
905 2896 1112 2928 inclinatione
1129 2905 1199 2937 quae
1215 2900 1249 2926 et
1268 2893 1310 2926 ad
1321 2893 1461 2925 medium
1475 2899 1509 2924 et
1520 2903 1540 2924 a
1561 2891 1666 2928 medio

203 2948 319 2980 tendit.
364 2948 520 2980 Deorsum
544 2959 618 2980 vero
629 2955 662 2980 et
673 2950 807 2982 medinm
824 2951 909 2982 idem
933 2951 1061 2981 omnino
1075 2960 1141 2982 esse
1157 2950 1256 2980 aiunt.
1277 2957 1352 2979 nam
1362 2953 1507 2980 centrum
1522 2947 1666 2988 sphaere.
