1840 3225
162 195 260 247 753]
602 193 676 233 DE
716 191 946 232 LEGIBUS
984 193 1086 232 LIB.
1115 193 1184 232 VI.
1551 197 1627 235 347

158 298 299 330 ΑτηΒΝ.
322 298 407 330 Audi
432 297 510 340 jam.
533 297 652 328 nemini
680 295 811 326 dubium
838 298 897 330 est,
913 294 1011 335 quod,
1038 304 1108 325 cum
1134 305 1248 337 mag-na
1275 305 1325 326 res
1341 295 1532 337 legumlatio,
1547 296 1587 327 sit
1603 303 1630 333 εἰ

157 353 228 395 quis
243 352 365 385 civitati
379 362 435 394 per
449 352 535 393 leges
558 351 640 382 bene
670 354 786 392 paratae
816 358 880 380 non
907 348 1040 381 idoneos
1065 349 1266 391 magistratus
1287 350 1471 386 constituat,
1486 352 1630 392 quamvis

156 408 243 449 leges
259 407 339 439 bene
354 406 465 449 positae
480 406 553 441 sint,
569 409 674 436 tamen
690 414 753 435 non
774 402 868 435 modo
885 402 918 434 id
934 403 1011 434 nihil
1030 403 1168 444 proderit
1183 404 1341 446 risumque
1357 405 1504 441 movebit,
1519 416 1627 437 verum

156 462 251 492 etiam
268 461 463 492 calamitates
479 458 630 490 maximas
650 457 827 490 civitatibus
853 457 967 499 pariet.
1012 456 1090 488 Cu.
1112 457 1225 488 Plane.
1270 457 1410 489 Arum«.
1433 458 1504 490 1100
1520 460 1627 502 itaque

156 515 428 552 considerandum,
446 513 558 554 amice,
572 511 835 555 quemadmodum
863 512 897 543 in
911 513 970 543 hac
996 517 1050 544 tua
1074 512 1201 543 civitate
1224 513 1447 554 republicaque
1461 515 1629 557 contingit.

156 568 246 600 vides
259 569 343 600 enim
369 578 435 605 eos,
449 566 502 609 qui
527 572 614 598 recte
640 567 840 608 magistratus
854 566 1016 607 accepturi
1032 566 1106 602 sint,
1120 571 1262 608 oportere
1288 566 1391 607 primo
1406 568 1482 598 satis
1496 569 1534 599 ab
1550 570 1626 601 ado-

156 623 309 654 lescentia
321 622 466 664 probatos
481 620 589 657 fuisse,
605 626 667 651 tam
681 620 765 662 ipsos
778 629 874 661 quam
885 629 969 656 suOS,
984 630 1082 662 usque
1099 619 1140 651 ad
1153 621 1258 661 ipsam
1273 621 1463 652 electionem
1478 634 1484 651 :
1510 624 1627 656 deinde

155 687 211 708 eos
224 677 331 712 etiam,
345 676 400 717 qui
414 674 562 716 suffragia
589 674 706 714 ferunt,
722 673 872 714 legitimis
887 683 955 704 esse
982 674 1120 705 moribus
1150 673 1304 706 educatos
1317 686 1324 705 :
1350 681 1386 706 ut
1399 675 1492 707 facile
1508 685 1628 718 queant

155 729 368 762 admittendos
382 735 416 760 et
442 728 645 771 repellendos
670 738 874 770 cognoscere,
887 733 921 758 et
945 737 1019 769 erga
1043 733 1190 770 utrosque
1203 738 1260 770 pro
1287 729 1442 770 dignitate
1458 739 1491 761 se
1507 741 1628 772 gerere,

151 790 186 816 at
201 795 272 816 vero
287 784 343 826 qui
356 794 455 826 nuper
468 788 694 819 convenerunt,
710 793 779 814 cum
804 793 865 814 nec
882 794 914 814 se
938 782 1073 814 invicem
1090 783 1166 814 satis
1182 790 1386 825 cognoscant,
1401 793 1504 825 neque
1520 783 1624 813 adhuc

151 838 268 870 eruditi
282 839 356 876 s'mt,
378 837 536 881 quomodo
560 843 646 869 recte
670 848 806 879 unquam
831 838 1032 879 magistratus
1060 837 1176 879 eligere
1203 838 1377 879 poterunt?
1424 837 1503 869 Cn.
1526 837 1626 868 Nullo

152 903 238 925 erme
269 903 406 935 unquam
428 898 534 935 pacto.
569 891 708 924 Amen.
730 892 794 923 Sed
820 892 905 924 enim
930 897 1088 924 certamen
1115 892 1334 924 excusationes
1358 903 1422 923 non
1445 892 1539 923 facile
1561 901 1628 922 sus-

151 947 240 989 cipit.
263 948 322 979 hoc
350 953 458 979 autem
486 953 519 978 et
542 947 620 978 mihi
645 957 729 978 nunc
744 953 778 979 et
802 947 860 978 tibi
887 947 1066 978 faciendum
1094 952 1163 978 est:
1190 952 1356 989 postquam
1383 952 1416 977 et
1428 952 1464 978 tu
1488 946 1627 977 civitatis

153 1001 359 1034 Cretensibus
382 1001 584 1034 instituendae
611 1001 745 1033 officium
773 1001 886 1033 libenti
903 1001 1007 1033 animo
1025 1001 1202 1043 suscepisti,
1217 1012 1252 1032 ac
1278 1001 1420 1032 decimus
1450 1012 1483 1032 es
1507 1001 1541 1032 in
1565 1001 1625 1032 hoc

151 1065 257 1098 opere,
273 1061 309 1087 ut
323 1057 390 1098 ipse
407 1055 508 1088 dicis:
535 1056 633 1099 [752]
657 1062 691 1088 et
719 1066 779 1098 ego
805 1057 862 1087 tibi
892 1057 1045 1088 auxilium
1073 1056 1222 1098 praescnti
1248 1056 1501 1087 confabulatione
1515 1056 1628 1087 afferre

151 1110 293 1152 promisi.
314 1121 411 1153 quare
427 1121 602 1142 sermonem
617 1112 701 1142 hunc
727 1116 869 1142 nostrum
883 1111 952 1142 sine
980 1110 1085 1152 capite
1099 1117 1216 1142 restare
1240 1120 1304 1141 non
1320 1110 1432 1152 patiar.
1454 1121 1529 1141 nam
1542 1111 1567 1141 si
1583 1111 1628 1141 ita

151 1171 328 1207 vagaretur,
354 1165 506 1197 deformis
532 1165 678 1196 omnibus
700 1171 879 1207 appareret.
925 1166 1001 1197 Cu.
1023 1165 1154 1207 Optime
1183 1165 1300 1202 dixisti,
1316 1166 1443 1206 hospes.
1487 1165 1629 1196 Arnim.

150 1218 256 1251 Immo
282 1220 379 1252 etiam
408 1221 452 1251 sic
481 1230 538 1262 pro
566 1220 686 1251 viribus
714 1219 841 1251 faciam.
887 1219 966 1251 cm.
989 1220 1154 1251 Faciamus
1183 1220 1227 1251 sie
1256 1230 1393 1261 prorsus,
1417 1225 1452 1251 ut
1482 1220 1628 1251 dicimus.

152 1272 292 1306 Arnim.
314 1274 478 1306 Faciemus
508 1275 629 1316 utique,
658 1274 684 1305 si
710 1274 802 1305 Deus
827 1273 973 1310 voluerit,
999 1275 1055 1311 sic,
1081 1280 1118 1305 ut
1131 1274 1225 1306 ctiam
1242 1280 1399 1305 senectam
1414 1274 1447 1305 in
1461 1275 1519 1305 hac
1535 1280 1624 1315 parte

149 1337 343 1369 superemuS.
387 1329 465 1361 Cn.
489 1329 535 1360 At
556 1330 663 1361 Deum
675 1329 758 1359 velle
775 1327 968 1359 credendum
983 1336 1043 1359 est.
1086 1327 1226 1359 Arum.
1251 1327 1455 1359 Credendum
1469 1329 1627 1369 profecto.

149 1391 243 1423 quare
275 1382 378 1424 ipsum
405 1389 574 1425 sequentes
602 1383 663 1414 hoc
698 1383 794 1414 etiam
825 1383 977 1415 dicamus.
1024 1383 1102 1415 Cn.
1125 1383 1311 1420 Quidnam?
1357 1382 1497 1414 ATHEN.
1521 1383 1627 1420 Quam

149 1436 300 1468 audacter
313 1438 406 1468 simul
421 1443 517 1479 atque
534 1437 710 1480 periculose
724 1437 820 1469 modo
836 1437 974 1468 civitatis
1000 1437 1152 1468 habitatio
1167 1436 1260 1468 nobis
1283 1438 1500 1468 constituetur.
1545 1437 1626 1469 Cu.

149 1490 303 1528 Quorsum
320 1493 387 1524 haec
401 1493 412 1523 ?
458 1494 596 1524 Arum.
621 1492 703 1530 Quia
720 1492 814 1524 facile
830 1497 863 1523 et
877 1492 1035 1533 intrepide
1057 1491 1186 1523 rudibus
1209 1491 1387 1523 hominibus
1402 1492 1489 1533 leges
1504 1491 1627 1529 damus,

149 1550 246 1588 utque
261 1547 346 1588 ipsas
369 1547 555 1589 suscipiant,
577 1547 722 1589 jubemus
737 1558 744 1576 :
770 1557 842 1577 cum
855 1546 998 1577 omnibus
1013 1546 1121 1583 ferme,
1137 1557 1157 1577 ο
1173 1546 1290 1582 Clinia,
1303 1546 1398 1577 etiarn
1413 1556 1478 1576 non
1493 1546 1626 1577 multum

148 1600 352 1642 sapientibus,
382 1601 587 1643 perspicuum
618 1601 669 1638 sit,
693 1601 855 1631 neminem
888 1600 973 1642 leges
1001 1611 1099 1632 novas
1132 1600 1227 1631 facile
1257 1607 1484 1643 suscepturum.
1507 1601 1531 1631 si
1547 1611 1624 1632 vero

148 1653 268 1685 tamdiu
298 1661 562 1697 exspectaremus,
578 1655 681 1686 donec
713 1655 835 1696 legibus
860 1654 997 1686 instituti
1026 1655 1127 1696 pueri,
1151 1665 1278 1696 unaque
1307 1660 1341 1685 et
1365 1654 1420 1685 diu
1435 1655 1491 1685 sub
1506 1654 1626 1686 eisdem

147 1708 272 1751 legibus
297 1711 484 1746 conversati,
510 1709 658 1750 suffragia
683 1710 838 1740 universae
865 1709 985 1740 civitati
1010 1709 1090 1740 ferre
1115 1710 1248 1751 possint,
1266 1716 1360 1751 atque
1387 1708 1422 1740 id
1438 1719 1493 1750 pro
1509 1709 1625 1740 viribus

148 1768 235 1795 recte
261 1764 361 1801 fieret,
389 1771 476 1796 certe
502 1770 536 1795 et
560 1770 635 1795 tunc
665 1770 698 1795 et
726 1764 760 1794 in
775 1770 935 1805 posterum
961 1765 1072 1806 procul
1096 1764 1136 1794 ab
1161 1774 1263 1796 errore
1288 1764 1332 1795 sic
1348 1763 1499 1794 instructa
1514 1764 1626 1794 civitas

147 1824 358 1859 permaneret.
412 1818 490 1852 ΟΜ.
526 1819 578 1850 Sic
609 1819 686 1850 ratio
709 1825 830 1850 monet.
884 1818 1024 1850 Arnas.
1059 1818 1292 1859 Perspiciamus
1320 1828 1407 1860 ergo,
1439 1818 1464 1848 si
1493 1817 1621 1848 modum

147 1874 305 1914 quendam
331 1874 371 1904 ad
398 1875 465 1905 haec
495 1873 694 1905 commodum
714 1874 758 1904 ita
782 1873 860 1904 ferre
876 1873 1039 1914 possimus.
1062 1872 1200 1904 Gnosios
1216 1878 1352 1914 oportet,
1374 1882 1394 1903 0
1423 1871 1542 1907 Clinia.
1558 1883 1625 1914 prae

148 1928 260 1958 ceteris
284 1927 484 1960 Cretensibus
512 1939 574 1959 non
602 1928 699 1959 solum
731 1928 821 1970 quasi
852 1926 980 1958 libando
1006 1927 1167 1963 inchoare,
1183 1937 1279 1970 quam
1294 1937 1379 1958 nunc
1395 1927 1622 1968 rempublicam

148 1981 302 2014 conditis:
327 1982 384 2013 sed
399 1983 485 2013 omni
501 1982 603 2013 studio
618 1982 795 2024 providere,
811 1990 846 2012 ut
873 1992 963 2023 quam
981 1981 1137 2013 tutissime
1154 1988 1249 2023 atque
1264 1982 1382 2022 optime
1400 1981 1491 2022 primi
1507 1981 1624 2022 magis—

148 2039 248 2066 tratus
274 2036 515 2070 constituantur.
560 2037 598 2068 In
615 2037 685 2067 aliis
712 2036 842 2078 quidem
867 2035 1099 2067 constituendis
1114 2046 1208 2077 opera
1225 2035 1346 2067 brevior
1363 2047 1370 2065 ;
1395 2036 1501 2076 legum
1517 2040 1624 2067 autem

147 2089 293 2121 custodes
307 2095 380 2122 ante
397 2092 475 2122 alios
490 2101 596 2122 creare
611 2102 733 2122 summa
758 2091 925 2132 diligentia
949 2091 1160 2121 necessarium
1177 2095 1235 2123 est.
1281 2090 1357 2122 Cu.
1381 2090 1454 2127 Qua
1468 2090 1521 2120 via
1535 2090 1624 2120 istud

143 2143 330 2186 rationeque
362 2145 536 2176 faciemus?
582 2146 719 2177 Arm-:m
748 2145 831 2182 Hac,
861 2156 879 2176 o
904 2144 1084 2182 Cretenses,
1112 2145 1252 2186 inquam.
1298 2144 1435 2186 Oportet
1468 2143 1622 2180 Gnosios,

146 2198 274 2240 quando
287 2199 458 2231 multarum
484 2200 547 2242 ipsi
571 2201 732 2232 civitatum
757 2200 850 2242 primi
865 2206 948 2237 sunt,
965 2200 1173 2231 communiter
1196 2210 1266 2231 cum
1291 2199 1350 2236 his,
1367 2199 1422 2240 qui
1436 2199 1470 2229 in
1485 2198 1623 2229 eandem

147 2262 320 2285 convenere
335 2254 501 2292 coloniam,
518 2265 537 2286 a
559 2266 591 2286 se
606 2255 684 2297 ipsis
698 2260 731 2286 et
753 2255 791 2286 ab
819 2254 886 2286 illis
909 2260 1033 2296 septem
1049 2259 1082 2285 et
1097 2254 1226 2296 triginta
1243 2254 1323 2285 viros
1345 2254 1461 2294 eligere
1477 2264 1484 2282 :
1508 2263 1624 2284 novem

147 2306 278 2347 quidem
292 2307 466 2351 decemque
492 2320 531 2341 ex
560 2319 669 2341 eorum
695 2320 834 2346 numero,
851 2311 906 2352 qui
933 2309 1090 2341 coloniam
1116 2308 1311 2344 habitabunt,
1337 2307 1435 2350 [753]
1461 2318 1498 2338 ex
1514 2307 1624 2338 Gnoso

145 2360 217 2402 ipsa
241 2362 387 2403 reliquos.
409 2364 465 2394 hos
493 2364 601 2405 utique
630 2364 745 2396 Gnosii
771 2370 833 2395 tuae
857 2365 935 2395 dent
964 2363 1096 2399 civitati,
1122 2370 1154 2394 te
1183 2372 1308 2405 quoque
1335 2362 1449 2403 ipsum,
1466 2367 1502 2392 ut
1530 2362 1625 2403 hujus

147 2414 279 2447 coloniae
295 2416 399 2447 civem
411 2422 444 2447 et
458 2427 553 2448 unum
577 2418 617 2448 de
641 2423 714 2450 octo
729 2419 904 2460 decemque
918 2418 1000 2450 viris.
1023 2419 1091 2449 haec
1107 2424 1161 2448 aut
1177 2416 1397 2458 persuadendo
1412 2422 1465 2446 aut
1476 2416 1508 2445 vi
1524 2415 1625 2446 medi-

146 2469 260 2501 ocriter
281 2472 423 2512 cogendo
449 2471 579 2503 faciant.
623 2472 700 2504 Cu.
724 2472 812 2510 Quid
835 2473 928 2506 vero?
956 2483 1061 2504 nonne
1079 2478 1111 2503 et
1136 2478 1180 2507 tu,
1197 2472 1323 2512 hospes,
1340 2475 1373 2502 et
1398 2470 1622 2511 Megillusiste

145 2524 327 2565 reipublicae
349 2525 439 2567 hujus
465 2526 627 2558 nobiscum
650 2527 847 2569 participes?
893 2528 1029 2559 Arni-tx.
1056 2527 1181 2568 Magni,
1209 2536 1228 2557 o
1252 2526 1370 2561 Clinia,
1395 2525 1619 2559 Athenienses.

145 2578 252 2620 magni
275 2589 401 2621 quoque
425 2580 660 2612 Lacedaemonii
688 2591 722 2612 se
754 2582 892 2612 faciunt:
918 2587 951 2613 et
976 2582 1067 2622 longe
1103 2580 1226 2621 utrique
1250 2579 1406 2610 incolunt.
1430 2578 1488 2609 tibi
1517 2584 1622 2609 autem

146 2631 252 2664 omnia
266 2633 430 2665 commode
446 2645 479 2666 se
504 2635 643 2665 habent:
668 2640 702 2666 et
722 2635 949 2667 habitatoribus
972 2636 1042 2666 aliis
1066 2635 1219 2670 similiter,
1235 2633 1409 2665 secundum
1435 2643 1566 2674 ea,quae
1579 2633 1620 2663 de

147 2690 178 2716 te
196 2686 288 2718 modo
300 2687 385 2719 dicta
397 2693 494 2720 sunt:
517 2694 551 2720 et
563 2699 633 2731 quae
650 2689 706 2720 tibi
732 2695 824 2731 atque
852 2691 916 2722 illis
940 2692 999 2721 hac
1022 2695 1207 2731 tempestate
1235 2687 1529 2719 convenIentissime
1554 2685 1622 2716 fieri

146 2748 287 2780 possunt,
304 2743 458 2783 exposita.
480 2753 644 2784 progressu
659 2749 764 2775 autem
792 2745 952 2786 temporis,
966 2750 998 2775 et
1014 2744 1177 2785 republica
1203 2748 1422 2785 permanente,
1441 2740 1619 2783 hujusmodi

147 2794 382 2835 magistratuum
406 2796 583 2839 designatio
610 2798 675 2830 fiat.
699 2799 879 2840 quicunque
896 2809 982 2830 arma
1009 2799 1073 2829 sive
1090 2799 1212 2839 equites
1227 2797 1293 2827 sive
1308 2797 1430 2838 pedites
1455 2797 1535 2826 serre
1549 2805 1620 2835 pos-

147 2853 230 2884 sunt,
246 2849 399 2892 bellisque
415 2852 448 2882 in
461 2852 562 2883 :etatis
579 2863 644 2883 suae
660 2854 769 2884 ordine
784 2853 1000 2889 iuterfuerunt,
1019 2853 1202 2894 suffragium
1216 2853 1323 2883 ineant
1341 2863 1346 2880 :
1373 2850 1559 2889 comitiaque
1586 2848 1620 2877 in

148 2903 268 2944 templo
282 2904 466 2943 habeantur,
489 2906 575 2949 quod
600 2908 893 2950 praestantissimum
907 2908 1017 2940 civitas
1041 2909 1147 2940 ducat.
1170 2907 1382 2948 unusquisque
1400 2909 1503 2935 autem
1518 2902 1551 2933 in
1567 2911 1623 2932 ara
