<?xml version="1.0" encoding="UTF-8"?>
<!DOCTYPE html PUBLIC "-//W3C//DTD XHTML 1.0 Transitional//EN"
    "http://www.w3.org/TR/xhtml1/DTD/xhtml1-transitional.dtd">
<html xmlns="http://www.w3.org/1999/xhtml" xml:lang="en" lang="en">
 <head>
  <title>
</title>
<meta http-equiv="Content-Type" content="text/html;charset=utf-8" />
  <meta name='ocr-system' content='tesseract 3.04.00' />
  <meta name='ocr-capabilities' content='ocr_page ocr_carea ocr_par ocr_line ocrx_word'/>
</head>
<body>
  <div class='ocr_page' id='page_1' title='image "./platonisetquaeve11plat_0400.png"; bbox 0 0 1840 3225; ppageno 0'>
   <div class='ocr_carea' id='block_1_1' title="bbox 218 217 1666 274">
    <p class='ocr_par' dir='ltr' id='par_1_1' title="bbox 218 217 1666 274">
     <span class='ocr_line' id='line_1_1' title="bbox 218 217 1666 274; baseline 0.001 -18"><span class='ocrx_word' id='word_1_1' title='bbox 218 223 296 261; x_wconf 72' lang='lat'><strong>384</strong></span> <span class='ocrx_word' id='word_1_2' title='bbox 797 217 1058 257; x_wconf 78' lang='lat' dir='ltr'><strong>PLATONIS</strong></span> <span class='ocrx_word' id='word_1_3' title='bbox 1575 223 1666 274; x_wconf 77' lang='lat'>[831</span> 
     </span>
    </p>
   </div>
   <div class='ocr_carea' id='block_1_2' title="bbox 211 321 1675 2964">
    <p class='ocr_par' dir='ltr' id='par_1_2' title="bbox 211 321 1675 2964">
     <span class='ocr_line' id='line_1_2' title="bbox 218 321 1671 367; baseline -0.001 -11"><span class='ocrx_word' id='word_1_4' title='bbox 218 325 357 367; x_wconf 87' lang='lat' dir='ltr'><strong>undique</strong></span> <span class='ocrx_word' id='word_1_5' title='bbox 387 334 420 355; x_wconf 80' lang='lat' dir='ltr'><strong>se</strong></span> <span class='ocrx_word' id='word_1_6' title='bbox 443 328 609 358; x_wconf 80' lang='lat' dir='ltr'><strong>vertentes,</strong></span> <span class='ocrx_word' id='word_1_7' title='bbox 633 332 669 353; x_wconf 87' lang='lat' dir='ltr'><strong>ac</strong></span> <span class='ocrx_word' id='word_1_8' title='bbox 692 321 765 353; x_wconf 86' lang='lat' dir='ltr'><strong>telis</strong></span> <span class='ocrx_word' id='word_1_9' title='bbox 787 327 912 353; x_wconf 84' lang='lat' dir='ltr'><strong>utantur</strong></span> <span class='ocrx_word' id='word_1_10' title='bbox 935 322 976 353; x_wconf 88' lang='lat' dir='ltr'><strong>ad</strong></span> <span class='ocrx_word' id='word_1_11' title='bbox 999 331 1071 352; x_wconf 87' lang='lat' dir='ltr'><strong>vera</strong></span> <span class='ocrx_word' id='word_1_12' title='bbox 1091 327 1126 352; x_wconf 87' lang='lat' dir='ltr'><strong>et</strong></span> <span class='ocrx_word' id='word_1_13' title='bbox 1147 321 1322 362; x_wconf 82' lang='lat' dir='ltr'><strong>periculosa</strong></span> <span class='ocrx_word' id='word_1_14' title='bbox 1343 323 1409 354; x_wconf 85' lang='lat' dir='ltr'><strong>tela</strong></span> <span class='ocrx_word' id='word_1_15' title='bbox 1423 333 1515 365; x_wconf 87' lang='lat' dir='ltr'><strong>quam</strong></span> <span class='ocrx_word' id='word_1_16' title='bbox 1530 324 1671 364; x_wconf 77' lang='lat' dir='ltr'>proxime</span> 
     </span>
     <span class='ocr_line' id='line_1_3' title="bbox 218 376 1675 418; baseline 0 -8"><span class='ocrx_word' id='word_1_17' title='bbox 218 378 450 414; x_wconf 83' lang='lat' dir='ltr'><strong>accedentibus,</strong></span> <span class='ocrx_word' id='word_1_18' title='bbox 465 387 506 408; x_wconf 89' lang='lat' dir='ltr'><strong>ne</strong></span> <span class='ocrx_word' id='word_1_19' title='bbox 522 377 649 408; x_wconf 88' lang='lat' dir='ltr'><strong>omnino</strong></span> <span class='ocrx_word' id='word_1_20' title='bbox 662 376 778 417; x_wconf 84' lang='lat' dir='ltr'>absque</span> <span class='ocrx_word' id='word_1_21' title='bbox 793 376 903 406; x_wconf 89' lang='lat' dir='ltr'><strong>timore</strong></span> <span class='ocrx_word' id='word_1_22' title='bbox 920 376 1010 406; x_wconf 87' lang='lat' dir='ltr'><strong>ludus</strong></span> <span class='ocrx_word' id='word_1_23' title='bbox 1023 376 1200 417; x_wconf 90' lang='lat' dir='ltr'><strong>hujusmodi</strong></span> <span class='ocrx_word' id='word_1_24' title='bbox 1216 376 1297 407; x_wconf 88' lang='lat' dir='ltr'><strong>inter</strong></span> <span class='ocrx_word' id='word_1_25' title='bbox 1311 376 1395 408; x_wconf 89' lang='lat' dir='ltr'><strong>cives</strong></span> <span class='ocrx_word' id='word_1_26' title='bbox 1410 382 1527 418; x_wconf 82' lang='lat' dir='ltr'><strong>agatur,</strong></span> <span class='ocrx_word' id='word_1_27' title='bbox 1542 378 1597 409; x_wconf 85' lang='lat' dir='ltr'><strong>sed</strong></span> <span class='ocrx_word' id='word_1_28' title='bbox 1613 378 1675 410; x_wconf 78' lang='lat' dir='ltr'><strong>for-</strong></span> 
     </span>
     <span class='ocr_line' id='line_1_4' title="bbox 219 430 1673 474; baseline 0 -10"><span class='ocrx_word' id='word_1_29' title='bbox 219 433 371 464; x_wconf 87' lang='lat' dir='ltr'><strong>midinem</strong></span> <span class='ocrx_word' id='word_1_30' title='bbox 400 433 514 463; x_wconf 82' lang='lat' dir='ltr'><strong>inserat</strong></span> <span class='ocrx_word' id='word_1_31' title='bbox 526 443 532 460; x_wconf 76' lang='grc' dir='ltr'><strong><em>ι</em></strong></span> <span class='ocrx_word' id='word_1_32' title='bbox 544 435 651 471; x_wconf 87' lang='lat' dir='ltr'><strong>&#39;atque</strong></span> <span class='ocrx_word' id='word_1_33' title='bbox 675 431 730 466; x_wconf 84' lang='lat' dir='ltr'><strong>ita,</strong></span> <span class='ocrx_word' id='word_1_34' title='bbox 759 430 812 470; x_wconf 91' lang='lat' dir='ltr'><strong>qui</strong></span> <span class='ocrx_word' id='word_1_35' title='bbox 840 440 955 471; x_wconf 79' lang='lat' dir='ltr'><strong>magno</strong></span> <span class='ocrx_word' id='word_1_36' title='bbox 984 436 1056 460; x_wconf 88' lang='lat' dir='ltr'><strong>sunt</strong></span> <span class='ocrx_word' id='word_1_37' title='bbox 1083 430 1185 461; x_wconf 83' lang='lat' dir='ltr'><strong>animo</strong></span> <span class='ocrx_word' id='word_1_38' title='bbox 1213 431 1452 471; x_wconf 81' lang='lat' dir='ltr'><strong>quodammodo,</strong></span> <span class='ocrx_word' id='word_1_39' title='bbox 1481 432 1673 474; x_wconf 84' lang='lat' dir='ltr'>ignavosque</span> 
     </span>
     <span class='ocr_line' id='line_1_5' title="bbox 219 484 1673 528; baseline 0.001 -11"><span class='ocrx_word' id='word_1_40' title='bbox 219 487 376 523; x_wconf 82' lang='lat' dir='ltr'><strong>ostendat,</strong></span> <span class='ocrx_word' id='word_1_41' title='bbox 405 492 442 516; x_wconf 89' lang='lat' dir='ltr'><strong>ut</strong></span> <span class='ocrx_word' id='word_1_42' title='bbox 471 486 518 516; x_wconf 84' lang='lat' dir='ltr'><strong>his</strong></span> <span class='ocrx_word' id='word_1_43' title='bbox 545 486 686 520; x_wconf 86' lang='lat' dir='ltr'><strong>honores,</strong></span> <span class='ocrx_word' id='word_1_44' title='bbox 712 484 775 514; x_wconf 87' lang='lat' dir='ltr'><strong>illis</strong></span> <span class='ocrx_word' id='word_1_45' title='bbox 803 484 976 525; x_wconf 87' lang='lat' dir='ltr'><strong>opprobria,</strong></span> <span class='ocrx_word' id='word_1_46' title='bbox 993 490 1027 514; x_wconf 89' lang='lat' dir='ltr'><strong>ut</strong></span> <span class='ocrx_word' id='word_1_47' title='bbox 1043 485 1200 520; x_wconf 74' lang='lat' dir='ltr'><strong>convenit,</strong></span> <span class='ocrx_word' id='word_1_48' title='bbox 1215 485 1388 516; x_wconf 76' lang='lat' dir='ltr'>tribuantur</span> <span class='ocrx_word' id='word_1_49' title='bbox 1403 497 1410 514; x_wconf 72' lang='grc' dir='ltr'><strong><em>ε</em></strong></span> <span class='ocrx_word' id='word_1_50' title='bbox 1437 485 1533 528; x_wconf 84' lang='grc'><strong>[831]</strong></span> <span class='ocrx_word' id='word_1_51' title='bbox 1558 491 1590 517; x_wconf 84' lang='lat' dir='ltr'><strong>et</strong></span> <span class='ocrx_word' id='word_1_52' title='bbox 1613 487 1673 518; x_wconf 87' lang='lat' dir='ltr'><strong>hac</strong></span> 
     </span>
     <span class='ocr_line' id='line_1_6' title="bbox 217 539 1674 582; baseline 0 -10"><span class='ocrx_word' id='word_1_53' title='bbox 217 541 338 572; x_wconf 86' lang='lat' dir='ltr'><strong>ratione</strong></span> <span class='ocrx_word' id='word_1_54' title='bbox 364 540 473 571; x_wconf 86' lang='lat' dir='ltr'><strong>civitas</strong></span> <span class='ocrx_word' id='word_1_55' title='bbox 502 540 602 570; x_wconf 88' lang='lat' dir='ltr'><strong>omnis</strong></span> <span class='ocrx_word' id='word_1_56' title='bbox 627 549 683 580; x_wconf 86' lang='lat' dir='ltr'><strong>per</strong></span> <span class='ocrx_word' id='word_1_57' title='bbox 704 544 798 569; x_wconf 80' lang='lat' dir='ltr'><strong>totam</strong></span> <span class='ocrx_word' id='word_1_58' title='bbox 826 539 923 569; x_wconf 82' lang='lat' dir='ltr'><strong>vitam</strong></span> <span class='ocrx_word' id='word_1_59' title='bbox 939 539 978 569; x_wconf 89' lang='lat' dir='ltr'><strong>ad</strong></span> <span class='ocrx_word' id='word_1_60' title='bbox 995 549 1099 569; x_wconf 86' lang='lat' dir='ltr'><strong>verum</strong></span> <span class='ocrx_word' id='word_1_61' title='bbox 1117 544 1274 569; x_wconf 86' lang='lat' dir='ltr'><strong>certamen</strong></span> <span class='ocrx_word' id='word_1_62' title='bbox 1291 540 1409 571; x_wconf 84' lang='lat' dir='ltr'>utiliter</span> <span class='ocrx_word' id='word_1_63' title='bbox 1422 546 1621 582; x_wconf 76' lang='lat' dir='ltr'><strong>praeparetur.</strong></span> <span class='ocrx_word' id='word_1_64' title='bbox 1646 542 1674 572; x_wconf 87' lang='lat' dir='ltr'><strong>si</strong></span> 
     </span>
     <span class='ocr_line' id='line_1_7' title="bbox 216 593 1670 637; baseline 0 -11"><span class='ocrx_word' id='word_1_65' title='bbox 216 596 284 637; x_wconf 90' lang='lat' dir='ltr'><strong>quis</strong></span> <span class='ocrx_word' id='word_1_66' title='bbox 307 600 411 625; x_wconf 87' lang='lat' dir='ltr'><strong>autem</strong></span> <span class='ocrx_word' id='word_1_67' title='bbox 434 595 520 625; x_wconf 79' lang='lat' dir='ltr'><strong>caede</strong></span> <span class='ocrx_word' id='word_1_68' title='bbox 541 593 749 624; x_wconf 85' lang='lat' dir='ltr'><strong>involuntaria</strong></span> <span class='ocrx_word' id='word_1_69' title='bbox 771 593 802 623; x_wconf 89' lang='lat' dir='ltr'><strong>in</strong></span> <span class='ocrx_word' id='word_1_70' title='bbox 825 593 872 623; x_wconf 86' lang='lat' dir='ltr'><strong>his</strong></span> <span class='ocrx_word' id='word_1_71' title='bbox 895 593 1115 624; x_wconf 79' lang='lat' dir='ltr'>certaminibus</span> <span class='ocrx_word' id='word_1_72' title='bbox 1136 593 1295 630; x_wconf 88' lang='lat' dir='ltr'><strong>morietur,</strong></span> <span class='ocrx_word' id='word_1_73' title='bbox 1319 594 1374 636; x_wconf 89' lang='lat' dir='ltr'><strong>qui</strong></span> <span class='ocrx_word' id='word_1_74' title='bbox 1395 594 1561 631; x_wconf 81' lang='lat' dir='ltr'><strong>interfecit,</strong></span> <span class='ocrx_word' id='word_1_75' title='bbox 1599 596 1670 637; x_wconf 83' lang='lat' dir='ltr'><strong>lege</strong></span> 
     </span>
     <span class='ocr_line' id='line_1_8' title="bbox 216 647 1673 690; baseline 0.001 -11"><span class='ocrx_word' id='word_1_76' title='bbox 216 649 368 690; x_wconf 81' lang='lat' dir='ltr'><strong>expiatus,</strong></span> <span class='ocrx_word' id='word_1_77' title='bbox 396 649 529 679; x_wconf 83' lang='lat' dir='ltr'><strong>mundus</strong></span> <span class='ocrx_word' id='word_1_78' title='bbox 550 648 591 678; x_wconf 83' lang='lat' dir='ltr'><strong>sit</strong></span> <span class='ocrx_word' id='word_1_79' title='bbox 606 648 637 677; x_wconf 90' lang='lat' dir='ltr'><strong>in</strong></span> <span class='ocrx_word' id='word_1_80' title='bbox 653 653 821 688; x_wconf 89' lang='lat' dir='ltr'><strong>posterum.</strong></span> <span class='ocrx_word' id='word_1_81' title='bbox 844 653 952 688; x_wconf 86' lang='lat' dir='ltr'><strong>putare</strong></span> <span class='ocrx_word' id='word_1_82' title='bbox 968 647 1049 678; x_wconf 83' lang='lat' dir='ltr'><strong>enim</strong></span> <span class='ocrx_word' id='word_1_83' title='bbox 1066 647 1162 677; x_wconf 87' lang='lat' dir='ltr'><strong>debet</strong></span> <span class='ocrx_word' id='word_1_84' title='bbox 1177 647 1345 688; x_wconf 83' lang='lat' dir='ltr'><strong>legislator,</strong></span> <span class='ocrx_word' id='word_1_85' title='bbox 1360 649 1469 689; x_wconf 87' lang='lat' dir='ltr'><strong>paucis</strong></span> <span class='ocrx_word' id='word_1_86' title='bbox 1482 649 1528 680; x_wconf 84' lang='lat' dir='ltr'><strong>ita</strong></span> <span class='ocrx_word' id='word_1_87' title='bbox 1542 650 1673 680; x_wconf 85' lang='lat' dir='ltr'>mortuis</span> 
     </span>
     <span class='ocr_line' id='line_1_9' title="bbox 216 702 1672 734; baseline 0 0"><span class='ocrx_word' id='word_1_88' title='bbox 216 703 390 734; x_wconf 82' lang='lat' dir='ltr'><strong>horninibus</strong></span> <span class='ocrx_word' id='word_1_89' title='bbox 406 707 525 734; x_wconf 85' lang='lat' dir='ltr'><strong>ceteros</strong></span> <span class='ocrx_word' id='word_1_90' title='bbox 538 713 602 732; x_wconf 93' lang='lat' dir='ltr'><strong>non</strong></span> <span class='ocrx_word' id='word_1_91' title='bbox 616 702 782 733; x_wconf 87' lang='lat' dir='ltr'><strong>deteriores</strong></span> <span class='ocrx_word' id='word_1_92' title='bbox 797 702 916 733; x_wconf 79' lang='lat' dir='ltr'><strong>futuros</strong></span> <span class='ocrx_word' id='word_1_93' title='bbox 930 714 936 731; x_wconf 89' lang='lat'><strong>:</strong></span> <span class='ocrx_word' id='word_1_94' title='bbox 961 702 1070 732; x_wconf 86' lang='lat' dir='ltr'><strong>timore</strong></span> <span class='ocrx_word' id='word_1_95' title='bbox 1086 712 1158 732; x_wconf 85' lang='lat' dir='ltr'><strong>vero</strong></span> <span class='ocrx_word' id='word_1_96' title='bbox 1173 702 1205 731; x_wconf 88' lang='lat' dir='ltr'><strong>in</strong></span> <span class='ocrx_word' id='word_1_97' title='bbox 1216 702 1360 732; x_wconf 90' lang='lat' dir='ltr'><strong>omnibus</strong></span> <span class='ocrx_word' id='word_1_98' title='bbox 1369 703 1417 733; x_wconf 86' lang='lat' dir='ltr'><strong>his</strong></span> <span class='ocrx_word' id='word_1_99' title='bbox 1425 703 1580 734; x_wconf 82' lang='lat' dir='ltr'><strong>exstincto</strong></span> <span class='ocrx_word' id='word_1_100' title='bbox 1591 703 1672 734; x_wconf 82' lang='lat' dir='ltr'><strong>nihil</strong></span> 
     </span>
     <span class='ocr_line' id='line_1_10' title="bbox 216 756 1670 799; baseline 0 -11"><span class='ocrx_word' id='word_1_101' title='bbox 216 758 350 799; x_wconf 83' lang='lat' dir='ltr'><strong>amplius</strong></span> <span class='ocrx_word' id='word_1_102' title='bbox 373 767 406 787; x_wconf 89' lang='lat' dir='ltr'><strong>se</strong></span> <span class='ocrx_word' id='word_1_103' title='bbox 432 758 639 793; x_wconf 85' lang='lat' dir='ltr'><strong>inventurum,</strong></span> <span class='ocrx_word' id='word_1_104' title='bbox 665 767 727 797; x_wconf 91' lang='lat' dir='ltr'><strong>quo</strong></span> <span class='ocrx_word' id='word_1_105' title='bbox 753 767 770 787; x_wconf 92' lang='lat' dir='ltr'><strong>a</strong></span> <span class='ocrx_word' id='word_1_106' title='bbox 786 756 987 787; x_wconf 87' lang='lat' dir='ltr'><strong>deterioribus</strong></span> <span class='ocrx_word' id='word_1_107' title='bbox 1002 756 1144 787; x_wconf 85' lang='lat' dir='ltr'><strong>meliores</strong></span> <span class='ocrx_word' id='word_1_108' title='bbox 1157 756 1323 787; x_wconf 89' lang='lat' dir='ltr'><strong>discernat.</strong></span> <span class='ocrx_word' id='word_1_109' title='bbox 1346 756 1428 798; x_wconf 89' lang='lat' dir='ltr'><strong>quod</strong></span> <span class='ocrx_word' id='word_1_110' title='bbox 1442 757 1475 787; x_wconf 89' lang='lat' dir='ltr'><strong>ni</strong></span> <span class='ocrx_word' id='word_1_111' title='bbox 1489 757 1554 793; x_wconf 86' lang='lat' dir='ltr'><strong>fiat,</strong></span> <span class='ocrx_word' id='word_1_112' title='bbox 1569 757 1670 788; x_wconf 89' lang='lat' dir='ltr'><strong>multo</strong></span> 
     </span>
     <span class='ocr_line' id='line_1_11' title="bbox 216 810 1673 854; baseline 0 -11"><span class='ocrx_word' id='word_1_113' title='bbox 216 812 316 854; x_wconf 89' lang='lat' dir='ltr'><strong>majus</strong></span> <span class='ocrx_word' id='word_1_114' title='bbox 345 811 465 842; x_wconf 77' lang='lat' dir='ltr'><strong>civitati</strong></span> <span class='ocrx_word' id='word_1_115' title='bbox 491 811 604 841; x_wconf 80' lang='lat' dir='ltr'><strong>malum</strong></span> <span class='ocrx_word' id='word_1_116' title='bbox 636 815 684 841; x_wconf 89' lang='lat' dir='ltr'><strong>est</strong></span> <span class='ocrx_word' id='word_1_117' title='bbox 709 821 801 851; x_wconf 88' lang='lat' dir='ltr'><strong>quam</strong></span> <span class='ocrx_word' id='word_1_118' title='bbox 828 810 920 840; x_wconf 88' lang='lat' dir='ltr'><strong>illud.</strong></span> <span class='ocrx_word' id='word_1_119' title='bbox 968 810 1044 842; x_wconf 73' lang='lat' dir='ltr'><strong>Cu.</strong></span> <span class='ocrx_word' id='word_1_120' title='bbox 1067 810 1290 850; x_wconf 81' lang='lat' dir='ltr'><strong>concedimus,</strong></span> <span class='ocrx_word' id='word_1_121' title='bbox 1319 811 1446 852; x_wconf 85' lang='lat' dir='ltr'><strong>hospes,</strong></span> <span class='ocrx_word' id='word_1_122' title='bbox 1461 811 1507 842; x_wconf 88' lang='lat' dir='ltr'><strong>ita</strong></span> <span class='ocrx_word' id='word_1_123' title='bbox 1521 812 1588 842; x_wconf 89' lang='lat' dir='ltr'><strong>haec</strong></span> <span class='ocrx_word' id='word_1_124' title='bbox 1604 822 1673 843; x_wconf 82' lang='lat' dir='ltr'><strong>esse</strong></span> 
     </span>
     <span class='ocr_line' id='line_1_12' title="bbox 215 863 1674 907; baseline 0 -11"><span class='ocrx_word' id='word_1_125' title='bbox 215 866 284 907; x_wconf 87' lang='lat' dir='ltr'><strong>lege</strong></span> <span class='ocrx_word' id='word_1_126' title='bbox 297 865 468 896; x_wconf 90' lang='lat' dir='ltr'><strong>sancienda</strong></span> <span class='ocrx_word' id='word_1_127' title='bbox 481 870 514 896; x_wconf 83' lang='lat' dir='ltr'><strong>et</strong></span> <span class='ocrx_word' id='word_1_128' title='bbox 528 865 677 895; x_wconf 82' lang='lat' dir='ltr'><strong>universae</strong></span> <span class='ocrx_word' id='word_1_129' title='bbox 694 864 812 894; x_wconf 86' lang='lat' dir='ltr'><strong>civitati</strong></span> <span class='ocrx_word' id='word_1_130' title='bbox 825 864 957 905; x_wconf 84' lang='lat' dir='ltr'><strong>agenda.</strong></span> <span class='ocrx_word' id='word_1_131' title='bbox 1005 863 1144 894; x_wconf 59' lang='lat' dir='ltr'><strong>Arnai«.</strong></span> <span class='ocrx_word' id='word_1_132' title='bbox 1165 863 1197 894; x_wconf 90' lang='lat' dir='ltr'>N</span> <span class='ocrx_word' id='word_1_133' title='bbox 1201 865 1319 906; x_wconf 90' lang='lat' dir='ltr'><strong>unquid</strong></span> <span class='ocrx_word' id='word_1_134' title='bbox 1333 875 1456 895; x_wconf 81' lang='lat' dir='ltr'><strong>causam</strong></span> <span class='ocrx_word' id='word_1_135' title='bbox 1468 876 1551 896; x_wconf 88' lang='lat' dir='ltr'><strong>nunc</strong></span> <span class='ocrx_word' id='word_1_136' title='bbox 1564 876 1674 897; x_wconf 83' lang='lat' dir='ltr'><strong>omnes</strong></span> 
     </span>
     <span class='ocr_line' id='line_1_13' title="bbox 215 917 1671 961; baseline -0.001 -10"><span class='ocrx_word' id='word_1_137' title='bbox 215 920 439 961; x_wconf 75' lang='lat' dir='ltr'><strong>cognoscimuS,</strong></span> <span class='ocrx_word' id='word_1_138' title='bbox 463 920 503 950; x_wconf 93' lang='lat' dir='ltr'><strong>ob</strong></span> <span class='ocrx_word' id='word_1_139' title='bbox 529 929 624 960; x_wconf 91' lang='lat' dir='ltr'><strong>quam</strong></span> <span class='ocrx_word' id='word_1_140' title='bbox 649 919 740 948; x_wconf 91' lang='lat' dir='ltr'><strong>modo</strong></span> <span class='ocrx_word' id='word_1_141' title='bbox 766 918 800 948; x_wconf 90' lang='lat' dir='ltr'><strong>in</strong></span> <span class='ocrx_word' id='word_1_142' title='bbox 828 917 1005 948; x_wconf 86' lang='lat' dir='ltr'><strong>civitatibus</strong></span> <span class='ocrx_word' id='word_1_143' title='bbox 1021 919 1133 949; x_wconf 88' lang='lat' dir='ltr'><strong>chorea</strong></span> <span class='ocrx_word' id='word_1_144' title='bbox 1148 918 1219 948; x_wconf 84' lang='lat' dir='ltr'><strong>talis</strong></span> <span class='ocrx_word' id='word_1_145' title='bbox 1235 923 1328 959; x_wconf 88' lang='lat' dir='ltr'><strong>atque</strong></span> <span class='ocrx_word' id='word_1_146' title='bbox 1344 924 1503 950; x_wconf 86' lang='lat' dir='ltr'><strong>certamen</strong></span> <span class='ocrx_word' id='word_1_147' title='bbox 1517 929 1671 960; x_wconf 81' lang='lat' dir='ltr'><strong>nusquam</strong></span> 
     </span>
     <span class='ocr_line' id='line_1_14' title="bbox 213 972 1672 1015; baseline 0.001 -11"><span class='ocrx_word' id='word_1_148' title='bbox 213 973 324 1008; x_wconf 78' lang='lat' dir='ltr'><strong>ferme,</strong></span> <span class='ocrx_word' id='word_1_149' title='bbox 339 973 399 1003; x_wconf 87' lang='lat' dir='ltr'><strong>nisi</strong></span> <span class='ocrx_word' id='word_1_150' title='bbox 412 983 521 1014; x_wconf 89' lang='lat' dir='ltr'><strong>parum</strong></span> <span class='ocrx_word' id='word_1_151' title='bbox 537 973 715 1008; x_wconf 88' lang='lat' dir='ltr'><strong>admodum,</strong></span> <span class='ocrx_word' id='word_1_152' title='bbox 729 972 805 1002; x_wconf 85' lang='lat' dir='ltr'><strong>fiant</strong></span> <span class='ocrx_word' id='word_1_153' title='bbox 820 973 830 1002; x_wconf 91' lang='lat'>?</span> <span class='ocrx_word' id='word_1_154' title='bbox 855 982 894 1002; x_wconf 92' lang='lat' dir='ltr'><strong>an</strong></span> <span class='ocrx_word' id='word_1_155' title='bbox 903 976 1030 1013; x_wconf 89' lang='lat' dir='ltr'><strong>propter</strong></span> <span class='ocrx_word' id='word_1_156' title='bbox 1042 972 1248 1002; x_wconf 87' lang='lat' dir='ltr'><strong>multitudinis</strong></span> <span class='ocrx_word' id='word_1_157' title='bbox 1257 973 1422 1014; x_wconf 85' lang='lat' dir='ltr'><strong>legumque</strong></span> <span class='ocrx_word' id='word_1_158' title='bbox 1435 973 1567 1004; x_wconf 88' lang='lat' dir='ltr'><strong>latorum</strong></span> <span class='ocrx_word' id='word_1_159' title='bbox 1582 973 1672 1015; x_wconf 82' lang='lat' dir='ltr'><strong>igno-</strong></span> 
     </span>
     <span class='ocr_line' id='line_1_15' title="bbox 214 1026 1673 1068; baseline 0.001 -10"><span class='ocrx_word' id='word_1_160' title='bbox 214 1028 346 1058; x_wconf 84' lang='lat' dir='ltr'><strong>rantiam</strong></span> <span class='ocrx_word' id='word_1_161' title='bbox 358 1028 402 1058; x_wconf 86' lang='lat' dir='ltr'><strong>ita</strong></span> <span class='ocrx_word' id='word_1_162' title='bbox 416 1027 480 1058; x_wconf 83' lang='lat' dir='ltr'><strong>fieri</strong></span> <span class='ocrx_word' id='word_1_163' title='bbox 493 1027 710 1058; x_wconf 87' lang='lat' dir='ltr'><strong>affirmabimus</strong></span> <span class='ocrx_word' id='word_1_164' title='bbox 725 1028 739 1056; x_wconf 70' lang='lat' dir='ltr'><strong>&#39;t</strong></span> <span class='ocrx_word' id='word_1_165' title='bbox 782 1026 859 1058; x_wconf 75' lang='lat' dir='ltr'><strong>Cu.</strong></span> <span class='ocrx_word' id='word_1_166' title='bbox 883 1027 986 1058; x_wconf 83' lang='lat' dir='ltr'><strong>Forte.</strong></span> <span class='ocrx_word' id='word_1_167' title='bbox 1032 1026 1169 1057; x_wconf 73' lang='lat' dir='ltr'><strong>ATHEN.</strong></span> <span class='ocrx_word' id='word_1_168' title='bbox 1191 1026 1410 1068; x_wconf 85' lang='lat' dir='ltr'><strong>Nequaquam,</strong></span> <span class='ocrx_word' id='word_1_169' title='bbox 1423 1037 1442 1058; x_wconf 94' lang='lat' dir='ltr'><strong>o</strong></span> <span class='ocrx_word' id='word_1_170' title='bbox 1452 1027 1543 1058; x_wconf 82' lang='lat' dir='ltr'><strong>beate</strong></span> <span class='ocrx_word' id='word_1_171' title='bbox 1555 1027 1673 1060; x_wconf 85' lang='lat' dir='ltr'><strong>Clinia.</strong></span> 
     </span>
     <span class='ocr_line' id='line_1_16' title="bbox 214 1080 1672 1123; baseline 0.001 -11"><span class='ocrx_word' id='word_1_172' title='bbox 214 1081 271 1112; x_wconf 87' lang='lat' dir='ltr'><strong>sed</strong></span> <span class='ocrx_word' id='word_1_173' title='bbox 285 1082 356 1112; x_wconf 86' lang='lat' dir='ltr'><strong>duae</strong></span> <span class='ocrx_word' id='word_1_174' title='bbox 370 1081 464 1122; x_wconf 86' lang='lat' dir='ltr'><strong>hujus</strong></span> <span class='ocrx_word' id='word_1_175' title='bbox 476 1081 521 1112; x_wconf 89' lang='lat' dir='ltr'><strong>rei</strong></span> <span class='ocrx_word' id='word_1_176' title='bbox 537 1081 724 1112; x_wconf 86' lang='lat' dir='ltr'><strong>sufficientes</strong></span> <span class='ocrx_word' id='word_1_177' title='bbox 737 1091 836 1112; x_wconf 86' lang='lat' dir='ltr'><strong>causae</strong></span> <span class='ocrx_word' id='word_1_178' title='bbox 852 1087 935 1112; x_wconf 87' lang='lat' dir='ltr'><strong>sunt.</strong></span> <span class='ocrx_word' id='word_1_179' title='bbox 972 1080 1048 1112; x_wconf 78' lang='lat' dir='ltr'><strong>Cu.</strong></span> <span class='ocrx_word' id='word_1_180' title='bbox 1070 1080 1226 1118; x_wconf 82' lang='lat' dir='ltr'><strong>Quaenam</strong></span> <span class='ocrx_word' id='word_1_181' title='bbox 1238 1081 1249 1111; x_wconf 90' lang='lat'>?</span> <span class='ocrx_word' id='word_1_182' title='bbox 1286 1081 1423 1111; x_wconf 69' lang='lat' dir='ltr'><strong>Arnim.</strong></span> <span class='ocrx_word' id='word_1_183' title='bbox 1445 1080 1520 1113; x_wconf 90' lang='lat' dir='ltr'><strong>Una</strong></span> <span class='ocrx_word' id='word_1_184' title='bbox 1531 1081 1672 1123; x_wconf 85' lang='lat' dir='ltr'><strong>quidem.</strong></span> 
     </span>
     <span class='ocr_line' id='line_1_17' title="bbox 213 1134 1672 1177; baseline 0 -11"><span class='ocrx_word' id='word_1_185' title='bbox 213 1136 297 1177; x_wconf 89' lang='lat' dir='ltr'><strong>quod</strong></span> <span class='ocrx_word' id='word_1_186' title='bbox 323 1135 498 1166; x_wconf 89' lang='lat' dir='ltr'><strong>divitiarum</strong></span> <span class='ocrx_word' id='word_1_187' title='bbox 529 1134 711 1176; x_wconf 84' lang='lat' dir='ltr'><strong>cupiditate,</strong></span> <span class='ocrx_word' id='word_1_188' title='bbox 739 1135 851 1166; x_wconf 88' lang='lat' dir='ltr'><strong>ceteris</strong></span> <span class='ocrx_word' id='word_1_189' title='bbox 877 1135 1023 1166; x_wconf 88' lang='lat' dir='ltr'><strong>omnibus</strong></span> <span class='ocrx_word' id='word_1_190' title='bbox 1044 1135 1208 1176; x_wconf 87' lang='lat' dir='ltr'>neglectis,</span> <span class='ocrx_word' id='word_1_191' title='bbox 1229 1135 1423 1166; x_wconf 85' lang='lat' dir='ltr'><strong>solummodo</strong></span> <span class='ocrx_word' id='word_1_192' title='bbox 1437 1145 1505 1166; x_wconf 88' lang='lat' dir='ltr'><strong>rem</strong></span> <span class='ocrx_word' id='word_1_193' title='bbox 1517 1134 1672 1176; x_wconf 79' lang='lat' dir='ltr'><strong>privatam</strong></span> 
     </span>
     <span class='ocr_line' id='line_1_18' title="bbox 214 1188 1673 1231; baseline -0.001 -10"><span class='ocrx_word' id='word_1_194' title='bbox 214 1200 368 1222; x_wconf 87' lang='lat' dir='ltr'><strong>curamus.</strong></span> <span class='ocrx_word' id='word_1_195' title='bbox 392 1189 435 1221; x_wconf 91' lang='lat' dir='ltr'><strong>ad</strong></span> <span class='ocrx_word' id='word_1_196' title='bbox 456 1189 552 1231; x_wconf 87' lang='lat' dir='ltr'><strong>idque</strong></span> <span class='ocrx_word' id='word_1_197' title='bbox 575 1189 759 1221; x_wconf 80' lang='lat' dir='ltr'><strong>incumbens</strong></span> <span class='ocrx_word' id='word_1_198' title='bbox 781 1189 894 1221; x_wconf 87' lang='lat' dir='ltr'><strong>civium</strong></span> <span class='ocrx_word' id='word_1_199' title='bbox 917 1190 1038 1220; x_wconf 88' lang='lat' dir='ltr'><strong>animus</strong></span> <span class='ocrx_word' id='word_1_200' title='bbox 1060 1189 1138 1220; x_wconf 89' lang='lat' dir='ltr'><strong>nulli</strong></span> <span class='ocrx_word' id='word_1_201' title='bbox 1152 1200 1288 1230; x_wconf 84' lang='lat' dir='ltr'><strong>prorsus,</strong></span> <span class='ocrx_word' id='word_1_202' title='bbox 1301 1189 1363 1220; x_wconf 90' lang='lat' dir='ltr'><strong>nisi</strong></span> <span class='ocrx_word' id='word_1_203' title='bbox 1376 1189 1519 1231; x_wconf 88' lang='lat' dir='ltr'><strong>pecuniis</strong></span> <span class='ocrx_word' id='word_1_204' title='bbox 1531 1188 1673 1230; x_wconf 85' lang='lat' dir='ltr'><strong>quotidie</strong></span> 
     </span>
     <span class='ocr_line' id='line_1_19' title="bbox 214 1242 1672 1285; baseline 0 -11"><span class='ocrx_word' id='word_1_205' title='bbox 214 1244 420 1280; x_wconf 86' lang='lat' dir='ltr'><strong>cumulandis,</strong></span> <span class='ocrx_word' id='word_1_206' title='bbox 444 1244 518 1275; x_wconf 86' lang='lat' dir='ltr'><strong>dare</strong></span> <span class='ocrx_word' id='word_1_207' title='bbox 541 1254 666 1285; x_wconf 83' lang='lat' dir='ltr'><strong>operam</strong></span> <span class='ocrx_word' id='word_1_208' title='bbox 690 1248 803 1285; x_wconf 89' lang='lat' dir='ltr'><strong>potest.</strong></span> <span class='ocrx_word' id='word_1_209' title='bbox 825 1253 899 1274; x_wconf 90' lang='lat' dir='ltr'><strong>nam</strong></span> <span class='ocrx_word' id='word_1_210' title='bbox 922 1249 1004 1275; x_wconf 84' lang='lat' dir='ltr'><strong>artes</strong></span> <span class='ocrx_word' id='word_1_211' title='bbox 1027 1249 1061 1274; x_wconf 88' lang='lat' dir='ltr'><strong>et</strong></span> <span class='ocrx_word' id='word_1_212' title='bbox 1074 1243 1188 1280; x_wconf 74' lang='lat' dir='ltr'><strong>studia,</strong></span> <span class='ocrx_word' id='word_1_213' title='bbox 1204 1254 1274 1285; x_wconf 86' lang='lat' dir='ltr'><strong>quae</strong></span> <span class='ocrx_word' id='word_1_214' title='bbox 1291 1243 1332 1274; x_wconf 88' lang='lat' dir='ltr'><strong>ad</strong></span> <span class='ocrx_word' id='word_1_215' title='bbox 1347 1243 1464 1274; x_wconf 87' lang='lat' dir='ltr'><strong>lucrum</strong></span> <span class='ocrx_word' id='word_1_216' title='bbox 1479 1242 1672 1280; x_wconf 87' lang='lat' dir='ltr'><strong>conducunt,</strong></span> 
     </span>
     <span class='ocr_line' id='line_1_20' title="bbox 213 1298 1674 1340; baseline 0 -12"><span class='ocrx_word' id='word_1_217' title='bbox 213 1298 418 1330; x_wconf 82' lang='lat' dir='ltr'><strong>libentissime</strong></span> <span class='ocrx_word' id='word_1_218' title='bbox 441 1299 692 1339; x_wconf 86' lang='lat' dir='ltr'><strong>complectuntur</strong></span> <span class='ocrx_word' id='word_1_219' title='bbox 717 1308 836 1334; x_wconf 69' lang='lat' dir='ltr'><strong>omneS,</strong></span> <span class='ocrx_word' id='word_1_220' title='bbox 862 1302 967 1329; x_wconf 86' lang='lat' dir='ltr'><strong>cetera</strong></span> <span class='ocrx_word' id='word_1_221' title='bbox 988 1303 1148 1339; x_wconf 87' lang='lat' dir='ltr'><strong>spernunt.</strong></span> <span class='ocrx_word' id='word_1_222' title='bbox 1169 1299 1237 1329; x_wconf 85' lang='lat' dir='ltr'><strong>haec</strong></span> <span class='ocrx_word' id='word_1_223' title='bbox 1258 1298 1353 1340; x_wconf 86' lang='lat' dir='ltr'><strong>igitur</strong></span> <span class='ocrx_word' id='word_1_224' title='bbox 1372 1309 1436 1329; x_wconf 88' lang='lat' dir='ltr'><strong>una</strong></span> <span class='ocrx_word' id='word_1_225' title='bbox 1450 1307 1543 1329; x_wconf 85' lang='lat' dir='ltr'><strong>causa</strong></span> <span class='ocrx_word' id='word_1_226' title='bbox 1558 1303 1617 1335; x_wconf 80' lang='lat' dir='ltr'><strong>est,</strong></span> <span class='ocrx_word' id='word_1_227' title='bbox 1633 1307 1674 1328; x_wconf 82' lang='lat' dir='ltr'><strong>ne</strong></span> 
     </span>
     <span class='ocr_line' id='line_1_21' title="bbox 212 1351 1675 1394; baseline -0.001 -11"><span class='ocrx_word' id='word_1_228' title='bbox 212 1353 297 1383; x_wconf 88' lang='lat' dir='ltr'><strong>cives</strong></span> <span class='ocrx_word' id='word_1_229' title='bbox 324 1353 356 1383; x_wconf 88' lang='lat' dir='ltr'><strong>id</strong></span> <span class='ocrx_word' id='word_1_230' title='bbox 381 1357 436 1383; x_wconf 87' lang='lat' dir='ltr'><strong>aut</strong></span> <span class='ocrx_word' id='word_1_231' title='bbox 459 1352 544 1383; x_wconf 88' lang='lat' dir='ltr'><strong>aliud</strong></span> <span class='ocrx_word' id='word_1_232' title='bbox 569 1352 737 1393; x_wconf 89' lang='lat' dir='ltr'><strong>quicquam</strong></span> <span class='ocrx_word' id='word_1_233' title='bbox 763 1353 930 1383; x_wconf 86' lang='lat' dir='ltr'><strong>honestum</strong></span> <span class='ocrx_word' id='word_1_234' title='bbox 955 1353 1132 1394; x_wconf 86' lang='lat' dir='ltr'><strong>bonumque</strong></span> <span class='ocrx_word' id='word_1_235' title='bbox 1149 1353 1283 1384; x_wconf 89' lang='lat' dir='ltr'><strong>officium</strong></span> <span class='ocrx_word' id='word_1_236' title='bbox 1299 1357 1418 1388; x_wconf 86' lang='lat' dir='ltr'><strong>curent,</strong></span> <span class='ocrx_word' id='word_1_237' title='bbox 1433 1353 1490 1383; x_wconf 80' lang='lat' dir='ltr'><strong>sed</strong></span> <span class='ocrx_word' id='word_1_238' title='bbox 1505 1351 1675 1383; x_wconf 78' lang='lat' dir='ltr'><strong>insatiabili</strong></span> 
     </span>
     <span class='ocr_line' id='line_1_22' title="bbox 213 1405 1675 1448; baseline 0 -11"><span class='ocrx_word' id='word_1_239' title='bbox 213 1406 280 1437; x_wconf 88' lang='lat' dir='ltr'><strong>auri</strong></span> <span class='ocrx_word' id='word_1_240' title='bbox 296 1412 328 1437; x_wconf 89' lang='lat' dir='ltr'><strong>et</strong></span> <span class='ocrx_word' id='word_1_241' title='bbox 343 1406 463 1448; x_wconf 85' lang='lat' dir='ltr'><strong>argenti</strong></span> <span class='ocrx_word' id='word_1_242' title='bbox 477 1405 650 1447; x_wconf 89' lang='lat' dir='ltr'><strong>cupiditate</strong></span> <span class='ocrx_word' id='word_1_243' title='bbox 667 1411 698 1437; x_wconf 89' lang='lat' dir='ltr'><strong>et</strong></span> <span class='ocrx_word' id='word_1_244' title='bbox 714 1407 845 1437; x_wconf 87' lang='lat' dir='ltr'><strong>honesta</strong></span> <span class='ocrx_word' id='word_1_245' title='bbox 861 1407 974 1448; x_wconf 87' lang='lat' dir='ltr'><strong>pariter</strong></span> <span class='ocrx_word' id='word_1_246' title='bbox 987 1412 1021 1438; x_wconf 89' lang='lat' dir='ltr'><strong>et</strong></span> <span class='ocrx_word' id='word_1_247' title='bbox 1037 1406 1205 1438; x_wconf 86' lang='lat' dir='ltr'><strong>inhonesta</strong></span> <span class='ocrx_word' id='word_1_248' title='bbox 1217 1407 1349 1438; x_wconf 89' lang='lat' dir='ltr'><strong>artificia</strong></span> <span class='ocrx_word' id='word_1_249' title='bbox 1364 1407 1623 1448; x_wconf 78' lang='lat' dir='ltr'><strong>complectantur,</strong></span> <span class='ocrx_word' id='word_1_250' title='bbox 1639 1410 1675 1437; x_wconf 86' lang='lat' dir='ltr'><strong>et</strong></span> 
     </span>
     <span class='ocr_line' id='line_1_23' title="bbox 212 1460 1673 1502; baseline -0.001 -11"><span class='ocrx_word' id='word_1_251' title='bbox 212 1461 345 1502; x_wconf 86' lang='lat' dir='ltr'><strong>quodvis</strong></span> <span class='ocrx_word' id='word_1_252' title='bbox 356 1466 460 1502; x_wconf 81' lang='lat' dir='ltr'><strong>agant,</strong></span> <span class='ocrx_word' id='word_1_253' title='bbox 477 1471 530 1491; x_wconf 91' lang='lat' dir='ltr'><strong>seu</strong></span> <span class='ocrx_word' id='word_1_254' title='bbox 545 1460 591 1491; x_wconf 82' lang='lat' dir='ltr'><strong>fas</strong></span> <span class='ocrx_word' id='word_1_255' title='bbox 607 1461 671 1491; x_wconf 89' lang='lat' dir='ltr'><strong>sive</strong></span> <span class='ocrx_word' id='word_1_256' title='bbox 686 1460 774 1491; x_wconf 84' lang='lat' dir='ltr'><strong>nefas</strong></span> <span class='ocrx_word' id='word_1_257' title='bbox 789 1461 820 1491; x_wconf 90' lang='lat' dir='ltr'><strong>id</strong></span> <span class='ocrx_word' id='word_1_258' title='bbox 837 1461 997 1498; x_wconf 88' lang='lat' dir='ltr'><strong>habeatur,</strong></span> <span class='ocrx_word' id='word_1_259' title='bbox 1011 1466 1046 1491; x_wconf 89' lang='lat' dir='ltr'><strong>ut</strong></span> <span class='ocrx_word' id='word_1_260' title='bbox 1062 1461 1213 1502; x_wconf 89' lang='lat' dir='ltr'><strong>pecunias</strong></span> <span class='ocrx_word' id='word_1_261' title='bbox 1228 1461 1400 1497; x_wconf 85' lang='lat' dir='ltr'><strong>cumulent,</strong></span> <span class='ocrx_word' id='word_1_262' title='bbox 1416 1461 1528 1502; x_wconf 88' lang='lat' dir='ltr'><strong>quibus</strong></span> <span class='ocrx_word' id='word_1_263' title='bbox 1543 1460 1673 1491; x_wconf 90' lang='lat' dir='ltr'><strong>summi-</strong></span> 
     </span>
     <span class='ocr_line' id='line_1_24' title="bbox 212 1514 1669 1556; baseline 0 -10"><span class='ocrx_word' id='word_1_264' title='bbox 212 1515 425 1551; x_wconf 85' lang='lat' dir='ltr'><strong>nistrantibus,</strong></span> <span class='ocrx_word' id='word_1_265' title='bbox 441 1514 537 1545; x_wconf 86' lang='lat' dir='ltr'><strong>veluti</strong></span> <span class='ocrx_word' id='word_1_266' title='bbox 552 1525 675 1556; x_wconf 88' lang='lat' dir='ltr'><strong>pecora,</strong></span> <span class='ocrx_word' id='word_1_267' title='bbox 687 1515 786 1545; x_wconf 85' lang='lat' dir='ltr'><strong>ventri</strong></span> <span class='ocrx_word' id='word_1_268' title='bbox 803 1525 839 1546; x_wconf 91' lang='lat' dir='ltr'><strong>ac</strong></span> <span class='ocrx_word' id='word_1_269' title='bbox 855 1515 960 1546; x_wconf 87' lang='lat' dir='ltr'><strong>veneri</strong></span> <span class='ocrx_word' id='word_1_270' title='bbox 976 1514 1122 1546; x_wconf 85' lang='lat' dir='ltr'><strong>serviant.</strong></span> <span class='ocrx_word' id='word_1_271' title='bbox 1168 1515 1242 1547; x_wconf 80' lang='lat' dir='ltr'><strong>CLr.</strong></span> <span class='ocrx_word' id='word_1_272' title='bbox 1266 1515 1370 1545; x_wconf 88' lang='lat' dir='ltr'><strong>Recte</strong></span> <span class='ocrx_word' id='word_1_273' title='bbox 1396 1514 1485 1545; x_wconf 81' lang='lat' dir='ltr'><strong>dicis.</strong></span> <span class='ocrx_word' id='word_1_274' title='bbox 1529 1514 1669 1546; x_wconf 61' lang='lat' dir='ltr'><strong>Arnas.</strong></span> 
     </span>
     <span class='ocr_line' id='line_1_25' title="bbox 214 1569 1673 1611; baseline 0 -12"><span class='ocrx_word' id='word_1_275' title='bbox 214 1569 305 1605; x_wconf 85' lang='lat' dir='ltr'><strong>Haec,</strong></span> <span class='ocrx_word' id='word_1_276' title='bbox 331 1569 470 1609; x_wconf 85' lang='lat' dir='ltr'><strong>inquam,</strong></span> <span class='ocrx_word' id='word_1_277' title='bbox 499 1579 562 1599; x_wconf 86' lang='lat' dir='ltr'><strong>una</strong></span> <span class='ocrx_word' id='word_1_278' title='bbox 587 1570 628 1600; x_wconf 86' lang='lat' dir='ltr'><strong>sit</strong></span> <span class='ocrx_word' id='word_1_279' title='bbox 656 1579 762 1606; x_wconf 86' lang='lat' dir='ltr'><strong>causa,</strong></span> <span class='ocrx_word' id='word_1_280' title='bbox 778 1580 839 1610; x_wconf 88' lang='lat' dir='ltr'><strong>qua</strong></span> <span class='ocrx_word' id='word_1_281' title='bbox 856 1569 902 1606; x_wconf 80' lang='lat' dir='ltr'><strong>fit,</strong></span> <span class='ocrx_word' id='word_1_282' title='bbox 917 1574 953 1600; x_wconf 86' lang='lat' dir='ltr'><strong>ut</strong></span> <span class='ocrx_word' id='word_1_283' title='bbox 966 1580 1025 1600; x_wconf 89' lang='lat' dir='ltr'><strong>nec</strong></span> <span class='ocrx_word' id='word_1_284' title='bbox 1041 1570 1125 1600; x_wconf 91' lang='lat' dir='ltr'><strong>aliud</strong></span> <span class='ocrx_word' id='word_1_285' title='bbox 1142 1570 1309 1611; x_wconf 88' lang='lat' dir='ltr'><strong>quicquam</strong></span> <span class='ocrx_word' id='word_1_286' title='bbox 1325 1569 1472 1610; x_wconf 69' lang='lat' dir='ltr'><strong>praeclare</strong></span> <span class='ocrx_word' id='word_1_287' title='bbox 1488 1579 1592 1609; x_wconf 89' lang='lat' dir='ltr'><strong>neque</strong></span> <span class='ocrx_word' id='word_1_288' title='bbox 1606 1578 1673 1599; x_wconf 87' lang='lat' dir='ltr'><strong>rem</strong></span> 
     </span>
     <span class='ocr_line' id='line_1_26' title="bbox 214 1623 1673 1665; baseline 0 -12"><span class='ocrx_word' id='word_1_289' title='bbox 214 1623 358 1653; x_wconf 88' lang='lat' dir='ltr'><strong>bellicam</strong></span> <span class='ocrx_word' id='word_1_290' title='bbox 376 1623 564 1654; x_wconf 85' lang='lat' dir='ltr'><strong>sufficienter</strong></span> <span class='ocrx_word' id='word_1_291' title='bbox 578 1624 663 1654; x_wconf 83' lang='lat' dir='ltr'><strong>cives</strong></span> <span class='ocrx_word' id='word_1_292' title='bbox 675 1632 842 1654; x_wconf 81' lang='lat' dir='ltr'><strong>exerceant</strong></span> <span class='ocrx_word' id='word_1_293' title='bbox 857 1636 863 1654; x_wconf 91' lang='lat'><strong>:</strong></span> <span class='ocrx_word' id='word_1_294' title='bbox 889 1625 943 1655; x_wconf 86' lang='lat' dir='ltr'><strong>sed</strong></span> <span class='ocrx_word' id='word_1_295' title='bbox 959 1625 1013 1665; x_wconf 91' lang='lat' dir='ltr'><strong>qui</strong></span> <span class='ocrx_word' id='word_1_296' title='bbox 1026 1630 1134 1654; x_wconf 84' lang='lat' dir='ltr'><strong>natura</strong></span> <span class='ocrx_word' id='word_1_297' title='bbox 1150 1623 1283 1654; x_wconf 87' lang='lat' dir='ltr'><strong>modesti</strong></span> <span class='ocrx_word' id='word_1_298' title='bbox 1299 1628 1382 1659; x_wconf 90' lang='lat' dir='ltr'><strong>sunt,</strong></span> <span class='ocrx_word' id='word_1_299' title='bbox 1399 1623 1437 1653; x_wconf 90' lang='lat' dir='ltr'><strong>ad</strong></span> <span class='ocrx_word' id='word_1_300' title='bbox 1453 1628 1673 1659; x_wconf 81' lang='lat' dir='ltr'><strong>mercaturam,</strong></span> 
     </span>
     <span class='ocr_line' id='line_1_27' title="bbox 211 1676 1673 1719; baseline 0 -12"><span class='ocrx_word' id='word_1_301' title='bbox 211 1678 445 1718; x_wconf 83' lang='lat' dir='ltr'><strong>navigationem</strong></span> <span class='ocrx_word' id='word_1_302' title='bbox 472 1677 608 1719; x_wconf 86' lang='lat' dir='ltr'><strong>viliaque</strong></span> <span class='ocrx_word' id='word_1_303' title='bbox 633 1677 804 1708; x_wconf 86' lang='lat' dir='ltr'><strong>ministeria</strong></span> <span class='ocrx_word' id='word_1_304' title='bbox 828 1683 1068 1709; x_wconf 78' lang='lat' dir='ltr'><strong>convertantur:</strong></span> <span class='ocrx_word' id='word_1_305' title='bbox 1093 1678 1147 1719; x_wconf 90' lang='lat' dir='ltr'><strong>qui</strong></span> <span class='ocrx_word' id='word_1_306' title='bbox 1173 1678 1278 1708; x_wconf 81' lang='lat' dir='ltr'><strong>viriles</strong></span> <span class='ocrx_word' id='word_1_307' title='bbox 1300 1682 1332 1708; x_wconf 91' lang='lat' dir='ltr'><strong>et</strong></span> <span class='ocrx_word' id='word_1_308' title='bbox 1354 1677 1508 1719; x_wconf 85' lang='lat' dir='ltr'><strong>generosi,</strong></span> <span class='ocrx_word' id='word_1_309' title='bbox 1524 1676 1565 1707; x_wconf 88' lang='lat' dir='ltr'><strong>ad</strong></span> <span class='ocrx_word' id='word_1_310' title='bbox 1579 1677 1673 1713; x_wconf 82' lang='lat' dir='ltr'><strong>furta,</strong></span> 
     </span>
     <span class='ocr_line' id='line_1_28' title="bbox 212 1731 1673 1774; baseline 0 -12"><span class='ocrx_word' id='word_1_311' title='bbox 212 1731 387 1767; x_wconf 83' lang='lat' dir='ltr'><strong>latrocinia,</strong></span> <span class='ocrx_word' id='word_1_312' title='bbox 399 1731 571 1772; x_wconf 78' lang='lat' dir='ltr'><strong>sacrilegia,</strong></span> <span class='ocrx_word' id='word_1_313' title='bbox 586 1731 718 1763; x_wconf 85' lang='lat' dir='ltr'><strong>insidias</strong></span> <span class='ocrx_word' id='word_1_314' title='bbox 733 1732 911 1773; x_wconf 88' lang='lat' dir='ltr'><strong>sceleraque</strong></span> <span class='ocrx_word' id='word_1_315' title='bbox 929 1732 1088 1774; x_wconf 83' lang='lat' dir='ltr'><strong>tyrannica</strong></span> <span class='ocrx_word' id='word_1_316' title='bbox 1105 1744 1111 1762; x_wconf 92' lang='lat'><strong>:</strong></span> <span class='ocrx_word' id='word_1_317' title='bbox 1137 1732 1235 1774; x_wconf 77' lang='lat'>[832]</span> <span class='ocrx_word' id='word_1_318' title='bbox 1260 1732 1323 1772; x_wconf 88' lang='lat' dir='ltr'><strong>qui,</strong></span> <span class='ocrx_word' id='word_1_319' title='bbox 1351 1742 1424 1762; x_wconf 91' lang='lat' dir='ltr'><strong>cum</strong></span> <span class='ocrx_word' id='word_1_320' title='bbox 1434 1732 1514 1762; x_wconf 88' lang='lat' dir='ltr'><strong>bene</strong></span> <span class='ocrx_word' id='word_1_321' title='bbox 1529 1741 1548 1762; x_wconf 84' lang='lat' dir='ltr'><strong>a</strong></span> <span class='ocrx_word' id='word_1_322' title='bbox 1562 1736 1673 1762; x_wconf 81' lang='lat' dir='ltr'><strong>natura</strong></span> 
     </span>
     <span class='ocr_line' id='line_1_29' title="bbox 214 1784 1674 1824; baseline 0 -8"><span class='ocrx_word' id='word_1_323' title='bbox 214 1785 375 1817; x_wconf 82' lang='lat' dir='ltr'><strong>constituti</strong></span> <span class='ocrx_word' id='word_1_324' title='bbox 403 1784 529 1821; x_wconf 80' lang='lat' dir='ltr'><strong>fuerint,</strong></span> <span class='ocrx_word' id='word_1_325' title='bbox 550 1786 691 1816; x_wconf 85' lang='lat' dir='ltr'><strong>infelices</strong></span> <span class='ocrx_word' id='word_1_326' title='bbox 715 1791 819 1816; x_wconf 85' lang='lat' dir='ltr'><strong>tamen</strong></span> <span class='ocrx_word' id='word_1_327' title='bbox 848 1787 907 1817; x_wconf 85' lang='lat' dir='ltr'><strong>hac</strong></span> <span class='ocrx_word' id='word_1_328' title='bbox 934 1787 1160 1817; x_wconf 83' lang='lat' dir='ltr'><strong>consuetudine</strong></span> <span class='ocrx_word' id='word_1_329' title='bbox 1184 1791 1360 1817; x_wconf 86' lang='lat' dir='ltr'><strong>evaserunt.</strong></span> <span class='ocrx_word' id='word_1_330' title='bbox 1405 1786 1481 1818; x_wconf 72' lang='lat' dir='ltr'><strong>Cn.</strong></span> <span class='ocrx_word' id='word_1_331' title='bbox 1505 1786 1674 1824; x_wconf 86' lang='lat' dir='ltr'><strong>Quomodo</strong></span> 
     </span>
     <span class='ocr_line' id='line_1_30' title="bbox 211 1839 1672 1882; baseline 0.001 -13"><span class='ocrx_word' id='word_1_332' title='bbox 211 1839 294 1870; x_wconf 89' lang='lat' dir='ltr'><strong>istud</strong></span> <span class='ocrx_word' id='word_1_333' title='bbox 310 1840 355 1870; x_wconf 90' lang='lat' dir='ltr'><strong>ais</strong></span> <span class='ocrx_word' id='word_1_334' title='bbox 369 1840 380 1869; x_wconf 91' lang='lat'>?</span> <span class='ocrx_word' id='word_1_335' title='bbox 426 1839 563 1870; x_wconf 64' lang='lat' dir='ltr'><strong>Ari-ran.</strong></span> <span class='ocrx_word' id='word_1_336' title='bbox 586 1840 687 1871; x_wconf 89' lang='lat' dir='ltr'><strong>Immo</strong></span> <span class='ocrx_word' id='word_1_337' title='bbox 703 1851 757 1871; x_wconf 92' lang='lat' dir='ltr'><strong>cur</strong></span> <span class='ocrx_word' id='word_1_338' title='bbox 770 1851 834 1871; x_wconf 90' lang='lat' dir='ltr'><strong>non</strong></span> <span class='ocrx_word' id='word_1_339' title='bbox 850 1851 905 1871; x_wconf 84' lang='lat' dir='ltr'><strong>eos</strong></span> <span class='ocrx_word' id='word_1_340' title='bbox 919 1841 1047 1872; x_wconf 90' lang='lat' dir='ltr'><strong>omnino</strong></span> <span class='ocrx_word' id='word_1_341' title='bbox 1060 1840 1202 1872; x_wconf 82' lang='lat' dir='ltr'><strong>infelices</strong></span> <span class='ocrx_word' id='word_1_342' title='bbox 1215 1841 1382 1881; x_wconf 85' lang='lat' dir='ltr'><strong>appellem,</strong></span> <span class='ocrx_word' id='word_1_343' title='bbox 1396 1841 1448 1882; x_wconf 92' lang='lat' dir='ltr'><strong>qui</strong></span> <span class='ocrx_word' id='word_1_344' title='bbox 1460 1841 1542 1871; x_wconf 78' lang='lat' dir='ltr'><strong>same</strong></span> <span class='ocrx_word' id='word_1_345' title='bbox 1556 1850 1672 1881; x_wconf 86' lang='lat' dir='ltr'><strong>cogun-</strong></span> 
     </span>
     <span class='ocr_line' id='line_1_31' title="bbox 211 1894 1673 1936; baseline 0.002 -13"><span class='ocrx_word' id='word_1_346' title='bbox 211 1899 262 1924; x_wconf 88' lang='lat' dir='ltr'><strong>tur</strong></span> <span class='ocrx_word' id='word_1_347' title='bbox 289 1904 345 1934; x_wconf 87' lang='lat' dir='ltr'><strong>per</strong></span> <span class='ocrx_word' id='word_1_348' title='bbox 365 1904 489 1925; x_wconf 87' lang='lat' dir='ltr'><strong>omnem</strong></span> <span class='ocrx_word' id='word_1_349' title='bbox 519 1895 614 1925; x_wconf 88' lang='lat' dir='ltr'><strong>vitam</strong></span> <span class='ocrx_word' id='word_1_350' title='bbox 643 1904 732 1925; x_wconf 86' lang='lat' dir='ltr'><strong>suam</strong></span> <span class='ocrx_word' id='word_1_351' title='bbox 756 1895 890 1925; x_wconf 81' lang='lat' dir='ltr'><strong>animam</strong></span> <span class='ocrx_word' id='word_1_352' title='bbox 906 1895 1069 1926; x_wconf 78' lang='lat' dir='ltr'><strong>cruciare?</strong></span> <span class='ocrx_word' id='word_1_353' title='bbox 1114 1894 1192 1926; x_wconf 75' lang='lat' dir='ltr'><strong>Cu.</strong></span> <span class='ocrx_word' id='word_1_354' title='bbox 1215 1894 1293 1925; x_wconf 82' lang='lat' dir='ltr'><strong>Haec</strong></span> <span class='ocrx_word' id='word_1_355' title='bbox 1307 1894 1417 1936; x_wconf 87' lang='lat' dir='ltr'><strong>utique</strong></span> <span class='ocrx_word' id='word_1_356' title='bbox 1429 1904 1492 1926; x_wconf 88' lang='lat' dir='ltr'><strong>una</strong></span> <span class='ocrx_word' id='word_1_357' title='bbox 1505 1904 1598 1925; x_wconf 81' lang='lat' dir='ltr'><strong>causa</strong></span> <span class='ocrx_word' id='word_1_358' title='bbox 1612 1898 1673 1926; x_wconf 81' lang='lat' dir='ltr'><strong>est.</strong></span> 
     </span>
     <span class='ocr_line' id='line_1_32' title="bbox 212 1947 1675 1990; baseline 0.001 -12"><span class='ocrx_word' id='word_1_359' title='bbox 212 1949 341 1979; x_wconf 88' lang='lat' dir='ltr'><strong>alteram</strong></span> <span class='ocrx_word' id='word_1_360' title='bbox 370 1959 441 1979; x_wconf 89' lang='lat' dir='ltr'><strong>vero</strong></span> <span class='ocrx_word' id='word_1_361' title='bbox 467 1958 602 1985; x_wconf 86' lang='lat' dir='ltr'><strong>causam,</strong></span> <span class='ocrx_word' id='word_1_362' title='bbox 625 1949 750 1990; x_wconf 68' lang='lat' dir='ltr'><strong>hospes,</strong></span> <span class='ocrx_word' id='word_1_363' title='bbox 777 1959 868 1990; x_wconf 89' lang='lat' dir='ltr'><strong>quam</strong></span> <span class='ocrx_word' id='word_1_364' title='bbox 885 1948 990 1979; x_wconf 83' lang='lat' dir='ltr'><strong>dicis?</strong></span> <span class='ocrx_word' id='word_1_365' title='bbox 1035 1948 1172 1980; x_wconf 65' lang='lat' dir='ltr'><strong>Arnen.</strong></span> <span class='ocrx_word' id='word_1_366' title='bbox 1194 1947 1298 1980; x_wconf 86' lang='lat' dir='ltr'><strong>Recte</strong></span> <span class='ocrx_word' id='word_1_367' title='bbox 1320 1949 1550 1980; x_wconf 84' lang='lat' dir='ltr'><strong>commonuisti.</strong></span> <span class='ocrx_word' id='word_1_368' title='bbox 1595 1947 1675 1980; x_wconf 77' lang='lat' dir='ltr'><strong>Cn.</strong></span> 
     </span>
     <span class='ocr_line' id='line_1_33' title="bbox 212 2001 1671 2045; baseline 0.001 -13"><span class='ocrx_word' id='word_1_369' title='bbox 212 2001 305 2043; x_wconf 84' lang='lat' dir='ltr'><strong>Ergo,</strong></span> <span class='ocrx_word' id='word_1_370' title='bbox 323 2008 357 2032; x_wconf 91' lang='lat' dir='ltr'><strong>ut</strong></span> <span class='ocrx_word' id='word_1_371' title='bbox 372 2003 427 2039; x_wconf 88' lang='lat' dir='ltr'><strong>ais,</strong></span> <span class='ocrx_word' id='word_1_372' title='bbox 444 2003 510 2033; x_wconf 83' lang='lat' dir='ltr'><strong>haec</strong></span> <span class='ocrx_word' id='word_1_373' title='bbox 527 2008 574 2033; x_wconf 89' lang='lat' dir='ltr'><strong>est</strong></span> <span class='ocrx_word' id='word_1_374' title='bbox 590 2013 661 2038; x_wconf 92' lang='lat' dir='ltr'><strong>una,</strong></span> <span class='ocrx_word' id='word_1_375' title='bbox 678 2010 830 2043; x_wconf 88' lang='lat' dir='ltr'><strong>perpetua</strong></span> <span class='ocrx_word' id='word_1_376' title='bbox 846 2008 880 2034; x_wconf 91' lang='lat' dir='ltr'><strong>et</strong></span> <span class='ocrx_word' id='word_1_377' title='bbox 893 2003 1094 2044; x_wconf 86' lang='lat' dir='ltr'><strong>inexplebilis</strong></span> <span class='ocrx_word' id='word_1_378' title='bbox 1109 2003 1286 2034; x_wconf 82' lang='lat' dir='ltr'><strong>divitiarum</strong></span> <span class='ocrx_word' id='word_1_379' title='bbox 1302 2003 1459 2044; x_wconf 84' lang='lat' dir='ltr'><strong>cupiditas</strong></span> <span class='ocrx_word' id='word_1_380' title='bbox 1477 2014 1484 2033; x_wconf 79' lang='lat' dir='ltr'><strong>t</strong></span> <span class='ocrx_word' id='word_1_381' title='bbox 1503 2013 1564 2045; x_wconf 88' lang='lat' dir='ltr'><strong>qua</strong></span> <span class='ocrx_word' id='word_1_382' title='bbox 1578 2013 1671 2034; x_wconf 88' lang='lat' dir='ltr'><strong>occu-</strong></span> 
     </span>
     <span class='ocr_line' id='line_1_34' title="bbox 213 2055 1673 2099; baseline 0.002 -14"><span class='ocrx_word' id='word_1_383' title='bbox 213 2056 278 2096; x_wconf 83' lang='lat' dir='ltr'><strong>pati</strong></span> <span class='ocrx_word' id='word_1_384' title='bbox 302 2055 417 2096; x_wconf 88' lang='lat' dir='ltr'><strong>singuli</strong></span> <span class='ocrx_word' id='word_1_385' title='bbox 439 2055 642 2097; x_wconf 84' lang='lat' dir='ltr'><strong>prohibentur</strong></span> <span class='ocrx_word' id='word_1_386' title='bbox 662 2067 729 2087; x_wconf 83' lang='lat' dir='ltr'><strong>rem</strong></span> <span class='ocrx_word' id='word_1_387' title='bbox 753 2057 906 2092; x_wconf 84' lang='lat' dir='ltr'><strong>bellicam,</strong></span> <span class='ocrx_word' id='word_1_388' title='bbox 932 2062 967 2087; x_wconf 92' lang='lat' dir='ltr'><strong>ut</strong></span> <span class='ocrx_word' id='word_1_389' title='bbox 982 2057 1085 2093; x_wconf 84' lang='lat' dir='ltr'><strong>decet,</strong></span> <span class='ocrx_word' id='word_1_390' title='bbox 1109 2067 1228 2088; x_wconf 87' lang='lat' dir='ltr'><strong>curare.</strong></span> <span class='ocrx_word' id='word_1_391' title='bbox 1250 2057 1306 2088; x_wconf 91' lang='lat' dir='ltr'><strong>sed</strong></span> <span class='ocrx_word' id='word_1_392' title='bbox 1323 2058 1452 2088; x_wconf 85' lang='lat' dir='ltr'><strong>alteram</strong></span> <span class='ocrx_word' id='word_1_393' title='bbox 1459 2057 1525 2098; x_wconf 83' lang='lat' dir='ltr'><strong>jam</strong></span> <span class='ocrx_word' id='word_1_394' title='bbox 1541 2067 1673 2099; x_wconf 86' lang='lat' dir='ltr'><strong>expone.</strong></span> 
     </span>
     <span class='ocr_line' id='line_1_35' title="bbox 213 2108 1672 2151; baseline 0.001 -11"><span class='ocrx_word' id='word_1_395' title='bbox 213 2108 352 2140; x_wconf 64' lang='lat' dir='ltr'><strong>Arnen.</strong></span> <span class='ocrx_word' id='word_1_396' title='bbox 377 2109 462 2139; x_wconf 90' lang='lat' dir='ltr'><strong>Num</strong></span> <span class='ocrx_word' id='word_1_397' title='bbox 479 2110 564 2140; x_wconf 88' lang='lat' dir='ltr'><strong>vobis</strong></span> <span class='ocrx_word' id='word_1_398' title='bbox 575 2109 695 2146; x_wconf 84' lang='lat' dir='ltr'><strong>videor,</strong></span> <span class='ocrx_word' id='word_1_399' title='bbox 709 2111 782 2151; x_wconf 83' lang='lat' dir='ltr'><strong>quia</strong></span> <span class='ocrx_word' id='word_1_400' title='bbox 793 2110 834 2140; x_wconf 89' lang='lat' dir='ltr'><strong>ad</strong></span> <span class='ocrx_word' id='word_1_401' title='bbox 844 2111 973 2140; x_wconf 87' lang='lat' dir='ltr'><strong>alteram</strong></span> <span class='ocrx_word' id='word_1_402' title='bbox 985 2111 1066 2141; x_wconf 86' lang='lat' dir='ltr'><strong>desit</strong></span> <span class='ocrx_word' id='word_1_403' title='bbox 1077 2111 1220 2146; x_wconf 84' lang='lat' dir='ltr'><strong>facultas,</strong></span> <span class='ocrx_word' id='word_1_404' title='bbox 1234 2111 1267 2141; x_wconf 89' lang='lat' dir='ltr'><strong>in</strong></span> <span class='ocrx_word' id='word_1_405' title='bbox 1278 2112 1337 2142; x_wconf 88' lang='lat' dir='ltr'><strong>bac</strong></span> <span class='ocrx_word' id='word_1_406' title='bbox 1351 2112 1482 2142; x_wconf 80' lang='lat' dir='ltr'><strong>nimium</strong></span> <span class='ocrx_word' id='word_1_407' title='bbox 1492 2111 1645 2142; x_wconf 81' lang='lat' dir='ltr'><strong>immorari</strong></span> <span class='ocrx_word' id='word_1_408' title='bbox 1660 2111 1672 2141; x_wconf 87' lang='lat'><strong>?</strong></span> 
     </span>
     <span class='ocr_line' id='line_1_36' title="bbox 214 2163 1673 2206; baseline 0.001 -12"><span class='ocrx_word' id='word_1_409' title='bbox 214 2164 290 2194; x_wconf 78' lang='lat' dir='ltr'><strong>Cu.</strong></span> <span class='ocrx_word' id='word_1_410' title='bbox 315 2163 388 2193; x_wconf 90' lang='lat' dir='ltr'><strong>Non</strong></span> <span class='ocrx_word' id='word_1_411' title='bbox 415 2163 457 2193; x_wconf 87' lang='lat' dir='ltr'><strong>ita</strong></span> <span class='ocrx_word' id='word_1_412' title='bbox 475 2174 482 2192; x_wconf 76' lang='lat' dir='ltr'><strong>t</strong></span> <span class='ocrx_word' id='word_1_413' title='bbox 507 2163 563 2193; x_wconf 86' lang='lat' dir='ltr'><strong>sed</strong></span> <span class='ocrx_word' id='word_1_414' title='bbox 592 2164 664 2194; x_wconf 92' lang='lat' dir='ltr'><strong>odio</strong></span> <span class='ocrx_word' id='word_1_415' title='bbox 693 2164 832 2204; x_wconf 88' lang='lat' dir='ltr'><strong>percitus</strong></span> <span class='ocrx_word' id='word_1_416' title='bbox 859 2163 970 2194; x_wconf 86' lang='lat' dir='ltr'><strong>videris</strong></span> <span class='ocrx_word' id='word_1_417' title='bbox 985 2164 1043 2194; x_wconf 97' lang='grc'><strong>1105</strong></span> <span class='ocrx_word' id='word_1_418' title='bbox 1056 2174 1159 2194; x_wconf 88' lang='lat' dir='ltr'><strong>mores</strong></span> <span class='ocrx_word' id='word_1_419' title='bbox 1174 2165 1345 2200; x_wconf 89' lang='lat' dir='ltr'><strong>hominum,</strong></span> <span class='ocrx_word' id='word_1_420' title='bbox 1361 2165 1401 2195; x_wconf 87' lang='lat' dir='ltr'><strong>ad</strong></span> <span class='ocrx_word' id='word_1_421' title='bbox 1417 2175 1493 2206; x_wconf 86' lang='lat' dir='ltr'><strong>quos</strong></span> <span class='ocrx_word' id='word_1_422' title='bbox 1507 2175 1606 2196; x_wconf 83' lang='lat' dir='ltr'><strong>sermo</strong></span> <span class='ocrx_word' id='word_1_423' title='bbox 1621 2165 1673 2196; x_wconf 89' lang='lat' dir='ltr'><strong>hic</strong></span> 
     </span>
     <span class='ocr_line' id='line_1_37' title="bbox 211 2217 1672 2258; baseline 0.002 -11"><span class='ocrx_word' id='word_1_424' title='bbox 211 2217 333 2253; x_wconf 86' lang='lat' dir='ltr'><strong>incidit,</strong></span> <span class='ocrx_word' id='word_1_425' title='bbox 357 2218 454 2258; x_wconf 83' lang='lat' dir='ltr'><strong>magis</strong></span> <span class='ocrx_word' id='word_1_426' title='bbox 481 2228 574 2258; x_wconf 86' lang='lat' dir='ltr'><strong>quam</strong></span> <span class='ocrx_word' id='word_1_427' title='bbox 601 2217 713 2248; x_wconf 83' lang='lat' dir='ltr'><strong>deceat</strong></span> <span class='ocrx_word' id='word_1_428' title='bbox 740 2217 896 2248; x_wconf 82' lang='lat' dir='ltr'><strong>insectari.</strong></span> <span class='ocrx_word' id='word_1_429' title='bbox 940 2217 1076 2248; x_wconf 71' lang='lat' dir='ltr'><strong>Arnen.</strong></span> <span class='ocrx_word' id='word_1_430' title='bbox 1100 2217 1240 2258; x_wconf 85' lang='lat' dir='ltr'><strong>Optime,</strong></span> <span class='ocrx_word' id='word_1_431' title='bbox 1270 2228 1288 2248; x_wconf 93' lang='grc' dir='ltr'><strong>ο</strong></span> <span class='ocrx_word' id='word_1_432' title='bbox 1318 2218 1479 2254; x_wconf 83' lang='lat' dir='ltr'><strong>carissimi,</strong></span> <span class='ocrx_word' id='word_1_433' title='bbox 1509 2229 1558 2249; x_wconf 87' lang='lat' dir='ltr'><strong>me</strong></span> <span class='ocrx_word' id='word_1_434' title='bbox 1587 2228 1672 2250; x_wconf 82' lang='lat' dir='ltr'><strong>nunc</strong></span> 
     </span>
     <span class='ocr_line' id='line_1_38' title="bbox 213 2270 1671 2312; baseline 0.001 -12"><span class='ocrx_word' id='word_1_435' title='bbox 213 2270 391 2311; x_wconf 86' lang='lat' dir='ltr'><strong>increpatis.</strong></span> <span class='ocrx_word' id='word_1_436' title='bbox 413 2280 522 2311; x_wconf 84' lang='lat' dir='ltr'><strong>quare,</strong></span> <span class='ocrx_word' id='word_1_437' title='bbox 539 2271 622 2312; x_wconf 89' lang='lat' dir='ltr'><strong>quod</strong></span> <span class='ocrx_word' id='word_1_438' title='bbox 640 2270 789 2312; x_wconf 80' lang='lat' dir='ltr'><strong>sequitur,</strong></span> <span class='ocrx_word' id='word_1_439' title='bbox 808 2270 965 2300; x_wconf 83' lang='lat' dir='ltr'><strong>audietis?</strong></span> <span class='ocrx_word' id='word_1_440' title='bbox 1011 2270 1087 2302; x_wconf 75' lang='lat' dir='ltr'><strong>Cu.</strong></span> <span class='ocrx_word' id='word_1_441' title='bbox 1112 2270 1174 2301; x_wconf 89' lang='lat' dir='ltr'><strong>Dic</strong></span> <span class='ocrx_word' id='word_1_442' title='bbox 1198 2276 1328 2302; x_wconf 78' lang='lat' dir='ltr'><strong>tantum.</strong></span> <span class='ocrx_word' id='word_1_443' title='bbox 1373 2270 1512 2303; x_wconf 63' lang='lat' dir='ltr'><strong>Arm-:m</strong></span> <span class='ocrx_word' id='word_1_444' title='bbox 1535 2270 1671 2303; x_wconf 83' lang='lat' dir='ltr'><strong>Causam</strong></span> 
     </span>
     <span class='ocr_line' id='line_1_39' title="bbox 213 2323 1672 2367; baseline 0.001 -13"><span class='ocrx_word' id='word_1_445' title='bbox 213 2323 355 2365; x_wconf 80' lang='lat' dir='ltr'><strong>equidem</strong></span> <span class='ocrx_word' id='word_1_446' title='bbox 373 2334 441 2354; x_wconf 80' lang='lat' dir='ltr'><strong>esse</strong></span> <span class='ocrx_word' id='word_1_447' title='bbox 458 2334 560 2354; x_wconf 87' lang='lat' dir='ltr'><strong>assero</strong></span> <span class='ocrx_word' id='word_1_448' title='bbox 578 2325 835 2365; x_wconf 88' lang='lat' dir='ltr'><strong>gubernationum</strong></span> <span class='ocrx_word' id='word_1_449' title='bbox 852 2334 966 2365; x_wconf 84' lang='lat' dir='ltr'><strong>genera</strong></span> <span class='ocrx_word' id='word_1_450' title='bbox 978 2325 1044 2360; x_wconf 89' lang='lat' dir='ltr'><strong>illa,</strong></span> <span class='ocrx_word' id='word_1_451' title='bbox 1059 2324 1099 2355; x_wconf 86' lang='lat' dir='ltr'><strong>de</strong></span> <span class='ocrx_word' id='word_1_452' title='bbox 1115 2325 1228 2365; x_wconf 90' lang='lat' dir='ltr'><strong>quibus</strong></span> <span class='ocrx_word' id='word_1_453' title='bbox 1243 2335 1326 2366; x_wconf 75' lang='lat' dir='ltr'><strong>saepe</strong></span> <span class='ocrx_word' id='word_1_454' title='bbox 1339 2324 1405 2366; x_wconf 90' lang='lat' dir='ltr'><strong>jam</strong></span> <span class='ocrx_word' id='word_1_455' title='bbox 1416 2324 1558 2361; x_wconf 78' lang='lat' dir='ltr'><strong>diximus,</strong></span> <span class='ocrx_word' id='word_1_456' title='bbox 1572 2335 1672 2367; x_wconf 87' lang='lat' dir='ltr'><strong>popu·</strong></span> 
     </span>
     <span class='ocr_line' id='line_1_40' title="bbox 214 2377 1673 2420; baseline 0.002 -12"><span class='ocrx_word' id='word_1_457' title='bbox 214 2377 310 2408; x_wconf 79' lang='lat' dir='ltr'><strong>larem</strong></span> <span class='ocrx_word' id='word_1_458' title='bbox 326 2378 578 2419; x_wconf 81' lang='lat' dir='ltr'><strong>gubernationem</strong></span> <span class='ocrx_word' id='word_1_459' title='bbox 596 2388 761 2418; x_wconf 85' lang='lat' dir='ltr'><strong>paucorum</strong></span> <span class='ocrx_word' id='word_1_460' title='bbox 774 2379 943 2419; x_wconf 87' lang='lat' dir='ltr'><strong>potentiam</strong></span> <span class='ocrx_word' id='word_1_461' title='bbox 958 2384 989 2409; x_wconf 84' lang='lat' dir='ltr'><strong>et</strong></span> <span class='ocrx_word' id='word_1_462' title='bbox 1001 2379 1205 2420; x_wconf 84' lang='lat' dir='ltr'><strong>tyrannidem.</strong></span> <span class='ocrx_word' id='word_1_463' title='bbox 1225 2379 1311 2409; x_wconf 87' lang='lat' dir='ltr'><strong>nulla</strong></span> <span class='ocrx_word' id='word_1_464' title='bbox 1322 2385 1406 2410; x_wconf 89' lang='lat' dir='ltr'><strong>certe</strong></span> <span class='ocrx_word' id='word_1_465' title='bbox 1417 2385 1553 2420; x_wconf 86' lang='lat' dir='ltr'><strong>potestas</strong></span> <span class='ocrx_word' id='word_1_466' title='bbox 1564 2378 1673 2420; x_wconf 80' lang='lat' dir='ltr'><strong>hujus-</strong></span> 
     </span>
     <span class='ocr_line' id='line_1_41' title="bbox 212 2432 1672 2475; baseline 0.002 -14"><span class='ocrx_word' id='word_1_467' title='bbox 212 2432 299 2462; x_wconf 88' lang='lat' dir='ltr'><strong>modi</strong></span> <span class='ocrx_word' id='word_1_468' title='bbox 312 2432 490 2473; x_wconf 82' lang='lat' dir='ltr'><strong>respublica</strong></span> <span class='ocrx_word' id='word_1_469' title='bbox 501 2439 550 2463; x_wconf 90' lang='lat' dir='ltr'><strong>est</strong></span> <span class='ocrx_word' id='word_1_470' title='bbox 563 2444 570 2462; x_wconf 89' lang='grc'>;</span> <span class='ocrx_word' id='word_1_471' title='bbox 596 2432 651 2463; x_wconf 83' lang='lat' dir='ltr'><strong>sed</strong></span> <span class='ocrx_word' id='word_1_472' title='bbox 667 2432 838 2463; x_wconf 85' lang='lat' dir='ltr'><strong>seditiones</strong></span> <span class='ocrx_word' id='word_1_473' title='bbox 850 2433 1001 2473; x_wconf 85' lang='lat' dir='ltr'><strong>appellari</strong></span> <span class='ocrx_word' id='word_1_474' title='bbox 1017 2443 1126 2463; x_wconf 87' lang='lat' dir='ltr'><strong>omnes</strong></span> <span class='ocrx_word' id='word_1_475' title='bbox 1139 2433 1311 2464; x_wconf 84' lang='lat' dir='ltr'><strong>rectissime</strong></span> <span class='ocrx_word' id='word_1_476' title='bbox 1323 2439 1465 2475; x_wconf 78' lang='lat' dir='ltr'><strong>possunt.</strong></span> <span class='ocrx_word' id='word_1_477' title='bbox 1484 2433 1571 2464; x_wconf 86' lang='lat' dir='ltr'><strong>nulla</strong></span> <span class='ocrx_word' id='word_1_478' title='bbox 1587 2433 1672 2464; x_wconf 83' lang='lat' dir='ltr'><strong>enirn</strong></span> 
     </span>
     <span class='ocr_line' id='line_1_42' title="bbox 213 2485 1672 2528; baseline 0.002 -13"><span class='ocrx_word' id='word_1_479' title='bbox 213 2485 392 2516; x_wconf 84' lang='lat' dir='ltr'><strong>volentibus</strong></span> <span class='ocrx_word' id='word_1_480' title='bbox 414 2485 533 2521; x_wconf 84' lang='lat' dir='ltr'><strong>volens,</strong></span> <span class='ocrx_word' id='word_1_481' title='bbox 557 2486 612 2516; x_wconf 87' lang='lat' dir='ltr'><strong>sed</strong></span> <span class='ocrx_word' id='word_1_482' title='bbox 637 2486 744 2516; x_wconf 82' lang='lat' dir='ltr'><strong>volem</strong></span> <span class='ocrx_word' id='word_1_483' title='bbox 767 2486 945 2517; x_wconf 80' lang='lat' dir='ltr'><strong>nolentibus</strong></span> <span class='ocrx_word' id='word_1_484' title='bbox 968 2496 1090 2527; x_wconf 85' lang='lat' dir='ltr'><strong>semper</strong></span> <span class='ocrx_word' id='word_1_485' title='bbox 1111 2486 1143 2517; x_wconf 91' lang='lat' dir='ltr'><strong>vi</strong></span> <span class='ocrx_word' id='word_1_486' title='bbox 1172 2487 1276 2528; x_wconf 84' lang='lat' dir='ltr'><strong>aliqua</strong></span> <span class='ocrx_word' id='word_1_487' title='bbox 1301 2487 1488 2518; x_wconf 79' lang='lat' dir='ltr'><strong>dominatur.</strong></span> <span class='ocrx_word' id='word_1_488' title='bbox 1513 2487 1545 2518; x_wconf 88' lang='lat' dir='ltr'><strong>in</strong></span> <span class='ocrx_word' id='word_1_489' title='bbox 1561 2487 1672 2528; x_wconf 87' lang='lat' dir='ltr'><strong>quibus</strong></span> 
     </span>
     <span class='ocr_line' id='line_1_43' title="bbox 214 2539 1673 2579; baseline 0.003 -11"><span class='ocrx_word' id='word_1_490' title='bbox 214 2547 284 2570; x_wconf 90' lang='lat' dir='ltr'><strong>cum</strong></span> <span class='ocrx_word' id='word_1_491' title='bbox 309 2539 455 2579; x_wconf 84' lang='lat' dir='ltr'><strong>princeps</strong></span> <span class='ocrx_word' id='word_1_492' title='bbox 477 2539 617 2570; x_wconf 87' lang='lat' dir='ltr'><strong>subditos</strong></span> <span class='ocrx_word' id='word_1_493' title='bbox 646 2539 766 2575; x_wconf 79' lang='lat' dir='ltr'><strong>timeat,</strong></span> <span class='ocrx_word' id='word_1_494' title='bbox 793 2549 852 2571; x_wconf 88' lang='lat' dir='ltr'><strong>nec</strong></span> <span class='ocrx_word' id='word_1_495' title='bbox 876 2539 973 2571; x_wconf 83' lang='lat' dir='ltr'><strong>bonos</strong></span> <span class='ocrx_word' id='word_1_496' title='bbox 997 2550 1057 2571; x_wconf 89' lang='lat' dir='ltr'><strong>nec</strong></span> <span class='ocrx_word' id='word_1_497' title='bbox 1075 2540 1189 2571; x_wconf 82' lang='lat' dir='ltr'><strong>divites</strong></span> <span class='ocrx_word' id='word_1_498' title='bbox 1204 2551 1263 2571; x_wconf 90' lang='lat' dir='ltr'><strong>nec</strong></span> <span class='ocrx_word' id='word_1_499' title='bbox 1277 2540 1420 2571; x_wconf 83' lang='lat' dir='ltr'><strong>robustos</strong></span> <span class='ocrx_word' id='word_1_500' title='bbox 1433 2549 1492 2572; x_wconf 87' lang='lat' dir='ltr'><strong>nec</strong></span> <span class='ocrx_word' id='word_1_501' title='bbox 1502 2541 1598 2572; x_wconf 77' lang='lat' dir='ltr'><strong>fortes</strong></span> <span class='ocrx_word' id='word_1_502' title='bbox 1610 2549 1673 2572; x_wconf 83' lang='lat' dir='ltr'><strong>nec</strong></span> 
     </span>
     <span class='ocr_line' id='line_1_44' title="bbox 213 2592 1672 2637; baseline 0.003 -15"><span class='ocrx_word' id='word_1_503' title='bbox 213 2592 340 2623; x_wconf 87' lang='lat' dir='ltr'><strong>omnino</strong></span> <span class='ocrx_word' id='word_1_504' title='bbox 367 2592 532 2623; x_wconf 86' lang='lat' dir='ltr'><strong>bellicosos</strong></span> <span class='ocrx_word' id='word_1_505' title='bbox 554 2599 665 2635; x_wconf 86' lang='lat' dir='ltr'><strong>sponte</strong></span> <span class='ocrx_word' id='word_1_506' title='bbox 683 2603 817 2635; x_wconf 76' lang='lat' dir='ltr'><strong>unquam</strong></span> <span class='ocrx_word' id='word_1_507' title='bbox 835 2594 898 2624; x_wconf 85' lang='lat' dir='ltr'><strong>fieri</strong></span> <span class='ocrx_word' id='word_1_508' title='bbox 910 2595 1055 2635; x_wconf 86' lang='lat' dir='ltr'><strong>patietur.</strong></span> <span class='ocrx_word' id='word_1_509' title='bbox 1079 2596 1127 2626; x_wconf 84' lang='lat' dir='ltr'><strong>hae</strong></span> <span class='ocrx_word' id='word_1_510' title='bbox 1143 2596 1214 2627; x_wconf 85' lang='lat' dir='ltr'><strong>duae</strong></span> <span class='ocrx_word' id='word_1_511' title='bbox 1229 2595 1366 2626; x_wconf 86' lang='lat' dir='ltr'><strong>omnium</strong></span> <span class='ocrx_word' id='word_1_512' title='bbox 1379 2595 1504 2636; x_wconf 87' lang='lat' dir='ltr'><strong>quidem</strong></span> <span class='ocrx_word' id='word_1_513' title='bbox 1520 2595 1672 2637; x_wconf 79' lang='lat' dir='ltr'><strong>quodam-</strong></span> 
     </span>
     <span class='ocr_line' id='line_1_45' title="bbox 213 2644 1671 2691; baseline 0.005 -17"><span class='ocrx_word' id='word_1_514' title='bbox 213 2644 307 2675; x_wconf 89' lang='lat' dir='ltr'><strong>modo</strong></span> <span class='ocrx_word' id='word_1_515' title='bbox 334 2646 440 2677; x_wconf 86' lang='lat' dir='ltr'><strong>horum</strong></span> <span class='ocrx_word' id='word_1_516' title='bbox 457 2653 540 2678; x_wconf 85' lang='lat' dir='ltr'><strong>certe</strong></span> <span class='ocrx_word' id='word_1_517' title='bbox 567 2648 733 2689; x_wconf 80' lang='lat' dir='ltr'><strong>praecipuae</strong></span> <span class='ocrx_word' id='word_1_518' title='bbox 762 2658 862 2679; x_wconf 84' lang='lat' dir='ltr'><strong>causae</strong></span> <span class='ocrx_word' id='word_1_519' title='bbox 879 2654 959 2679; x_wconf 88' lang='lat' dir='ltr'><strong>sunt.</strong></span> <span class='ocrx_word' id='word_1_520' title='bbox 976 2659 1052 2690; x_wconf 86' lang='lat' dir='ltr'><strong>quas</strong></span> <span class='ocrx_word' id='word_1_521' title='bbox 1068 2655 1215 2691; x_wconf 83' lang='lat' dir='ltr'><strong>utrasque</strong></span> <span class='ocrx_word' id='word_1_522' title='bbox 1231 2650 1406 2691; x_wconf 84' lang='lat' dir='ltr'><strong>respublica</strong></span> <span class='ocrx_word' id='word_1_523' title='bbox 1420 2651 1499 2685; x_wconf 74' lang='lat' dir='ltr'><strong>hoec,</strong></span> <span class='ocrx_word' id='word_1_524' title='bbox 1514 2649 1566 2680; x_wconf 89' lang='lat' dir='ltr'><strong>cui</strong></span> <span class='ocrx_word' id='word_1_525' title='bbox 1587 2658 1671 2681; x_wconf 80' lang='lat' dir='ltr'><strong>nunc</strong></span> 
     </span>
     <span class='ocr_line' id='line_1_46' title="bbox 213 2698 1672 2745; baseline 0.004 -17"><span class='ocrx_word' id='word_1_526' title='bbox 213 2698 298 2739; x_wconf 76' lang='lat' dir='ltr'><strong>leges</strong></span> <span class='ocrx_word' id='word_1_527' title='bbox 312 2700 433 2740; x_wconf 78' lang='lat' dir='ltr'><strong>damus,</strong></span> <span class='ocrx_word' id='word_1_528' title='bbox 448 2700 596 2742; x_wconf 77' lang='lat' dir='ltr'><strong>effugisse</strong></span> <span class='ocrx_word' id='word_1_529' title='bbox 613 2702 746 2733; x_wconf 88' lang='lat' dir='ltr'><strong>videtur.</strong></span> <span class='ocrx_word' id='word_1_530' title='bbox 770 2713 842 2733; x_wconf 88' lang='lat' dir='ltr'><strong>nam</strong></span> <span class='ocrx_word' id='word_1_531' title='bbox 858 2709 889 2734; x_wconf 89' lang='lat' dir='ltr'><strong>et</strong></span> <span class='ocrx_word' id='word_1_532' title='bbox 905 2704 936 2734; x_wconf 91' lang='lat' dir='ltr'><strong>in</strong></span> <span class='ocrx_word' id='word_1_533' title='bbox 953 2705 1018 2735; x_wconf 86' lang='lat' dir='ltr'><strong>otio</strong></span> <span class='ocrx_word' id='word_1_534' title='bbox 1042 2705 1177 2736; x_wconf 71' lang='lat' dir='ltr'><strong>marimo</strong></span> <span class='ocrx_word' id='word_1_535' title='bbox 1192 2709 1239 2736; x_wconf 88' lang='lat' dir='ltr'><strong>est</strong></span> <span class='ocrx_word' id='word_1_536' title='bbox 1253 2710 1286 2735; x_wconf 91' lang='lat' dir='ltr'><strong>et</strong></span> <span class='ocrx_word' id='word_1_537' title='bbox 1295 2704 1425 2745; x_wconf 86' lang='lat' dir='ltr'><strong>penitus</strong></span> <span class='ocrx_word' id='word_1_538' title='bbox 1440 2703 1553 2734; x_wconf 74' lang='lat' dir='ltr'><strong>libera:</strong></span> <span class='ocrx_word' id='word_1_539' title='bbox 1578 2709 1610 2734; x_wconf 84' lang='lat' dir='ltr'><strong>et</strong></span> <span class='ocrx_word' id='word_1_540' title='bbox 1631 2712 1672 2734; x_wconf 87' lang='lat' dir='ltr'><strong>ex</strong></span> 
     </span>
     <span class='ocr_line' id='line_1_47' title="bbox 213 2753 1671 2798; baseline 0.005 -17"><span class='ocrx_word' id='word_1_541' title='bbox 213 2753 261 2782; x_wconf 87' lang='lat' dir='ltr'><strong>his</strong></span> <span class='ocrx_word' id='word_1_542' title='bbox 277 2753 396 2794; x_wconf 85' lang='lat' dir='ltr'><strong>legibus</strong></span> <span class='ocrx_word' id='word_1_543' title='bbox 412 2755 552 2785; x_wconf 81' lang='lat' dir='ltr'><strong>homines</strong></span> <span class='ocrx_word' id='word_1_544' title='bbox 579 2757 783 2796; x_wconf 78' lang='lat' dir='ltr'><strong>pecuniarum</strong></span> <span class='ocrx_word' id='word_1_545' title='bbox 799 2757 906 2798; x_wconf 86' lang='lat' dir='ltr'><strong>cupidi</strong></span> <span class='ocrx_word' id='word_1_546' title='bbox 933 2758 1061 2789; x_wconf 78' lang='lat' dir='ltr'><strong>minime</strong></span> <span class='ocrx_word' id='word_1_547' title='bbox 1084 2759 1174 2790; x_wconf 87' lang='lat' dir='ltr'><strong>fiunt.</strong></span> <span class='ocrx_word' id='word_1_548' title='bbox 1197 2756 1268 2789; x_wconf 84' lang='lat' dir='ltr'><strong>ideo</strong></span> <span class='ocrx_word' id='word_1_549' title='bbox 1285 2758 1450 2789; x_wconf 77' lang='lat' dir='ltr'><strong>verisimile</strong></span> <span class='ocrx_word' id='word_1_550' title='bbox 1466 2764 1523 2793; x_wconf 85' lang='lat' dir='ltr'><strong>est,</strong></span> <span class='ocrx_word' id='word_1_551' title='bbox 1554 2762 1589 2788; x_wconf 87' lang='lat' dir='ltr'><strong>ut</strong></span> <span class='ocrx_word' id='word_1_552' title='bbox 1602 2758 1671 2789; x_wconf 79' lang='lat' dir='ltr'><strong>haeo</strong></span> 
     </span>
     <span class='ocr_line' id='line_1_48' title="bbox 213 2805 1670 2854; baseline 0.004 -18"><span class='ocrx_word' id='word_1_553' title='bbox 213 2805 279 2837; x_wconf 87' lang='lat' dir='ltr'><strong>sola</strong></span> <span class='ocrx_word' id='word_1_554' title='bbox 305 2808 456 2844; x_wconf 87' lang='lat' dir='ltr'><strong>omnium,</strong></span> <span class='ocrx_word' id='word_1_555' title='bbox 483 2819 550 2849; x_wconf 82' lang='lat' dir='ltr'><strong>quae</strong></span> <span class='ocrx_word' id='word_1_556' title='bbox 577 2820 660 2841; x_wconf 86' lang='lat' dir='ltr'><strong>nunc</strong></span> <span class='ocrx_word' id='word_1_557' title='bbox 690 2816 772 2847; x_wconf 87' lang='lat' dir='ltr'><strong>sunt,</strong></span> <span class='ocrx_word' id='word_1_558' title='bbox 792 2822 892 2842; x_wconf 85' lang='lat' dir='ltr'><strong>rerum</strong></span> <span class='ocrx_word' id='word_1_559' title='bbox 913 2812 1105 2853; x_wconf 79' lang='lat' dir='ltr'><strong>publicarum</strong></span> <span class='ocrx_word' id='word_1_560' title='bbox 1131 2813 1327 2854; x_wconf 84' lang='lat' dir='ltr'><strong>disciplinam</strong></span> <span class='ocrx_word' id='word_1_561' title='bbox 1343 2812 1488 2842; x_wconf 81' lang='lat' dir='ltr'><strong>bellicam</strong></span> <span class='ocrx_word' id='word_1_562' title='bbox 1501 2810 1670 2853; x_wconf 84' lang='lat' dir='ltr'><strong>ludumque</strong></span> 
     </span>
     <span class='ocr_line' id='line_1_49' title="bbox 213 2861 1669 2911; baseline 0.005 -21"><span class='ocrx_word' id='word_1_563' title='bbox 213 2861 314 2897; x_wconf 90' lang='lat' dir='ltr'><strong>simul,</strong></span> <span class='ocrx_word' id='word_1_564' title='bbox 331 2862 370 2892; x_wconf 90' lang='lat' dir='ltr'><strong>de</strong></span> <span class='ocrx_word' id='word_1_565' title='bbox 384 2864 495 2903; x_wconf 79' lang='lat' dir='ltr'><strong>quibus</strong></span> <span class='ocrx_word' id='word_1_566' title='bbox 510 2871 592 2895; x_wconf 86' lang='lat' dir='ltr'><strong>recte</strong></span> <span class='ocrx_word' id='word_1_567' title='bbox 608 2866 819 2903; x_wconf 81' lang='lat' dir='ltr'><strong>disseruimus,</strong></span> <span class='ocrx_word' id='word_1_568' title='bbox 834 2868 993 2909; x_wconf 84' lang='lat' dir='ltr'><strong>suscipere</strong></span> <span class='ocrx_word' id='word_1_569' title='bbox 1010 2870 1118 2911; x_wconf 84' lang='lat' dir='ltr'><strong>possit.</strong></span> <span class='ocrx_word' id='word_1_570' title='bbox 1165 2870 1240 2901; x_wconf 75' lang='lat' dir='ltr'><strong>CLr.</strong></span> <span class='ocrx_word' id='word_1_571' title='bbox 1265 2869 1374 2900; x_wconf 86' lang='lat' dir='ltr'><strong>Probe.</strong></span> <span class='ocrx_word' id='word_1_572' title='bbox 1413 2868 1550 2899; x_wconf 64' lang='lat' dir='ltr'><strong>Arnen.</strong></span> <span class='ocrx_word' id='word_1_573' title='bbox 1568 2866 1669 2898; x_wconf 82' lang='lat' dir='ltr'><strong>Dein-</strong></span> 
     </span>
     <span class='ocr_line' id='line_1_50' title="bbox 213 2916 1668 2964; baseline 0.004 -20"><span class='ocrx_word' id='word_1_574' title='bbox 213 2925 287 2956; x_wconf 73' lang='lat' dir='ltr'><strong>ceps</strong></span> <span class='ocrx_word' id='word_1_575' title='bbox 310 2916 349 2946; x_wconf 85' lang='lat' dir='ltr'><strong>de</strong></span> <span class='ocrx_word' id='word_1_576' title='bbox 372 2918 512 2949; x_wconf 81' lang='lat' dir='ltr'><strong>omnibus</strong></span> <span class='ocrx_word' id='word_1_577' title='bbox 536 2920 687 2960; x_wconf 78' lang='lat' dir='ltr'><strong>gymnicis</strong></span> <span class='ocrx_word' id='word_1_578' title='bbox 708 2932 867 2962; x_wconf 84' lang='lat' dir='ltr'><strong>possumus</strong></span> <span class='ocrx_word' id='word_1_579' title='bbox 883 2924 1102 2956; x_wconf 84' lang='lat' dir='ltr'><strong>certaminibus</strong></span> <span class='ocrx_word' id='word_1_580' title='bbox 1117 2923 1232 2961; x_wconf 88' lang='lat' dir='ltr'><strong>dicere,</strong></span> <span class='ocrx_word' id='word_1_581' title='bbox 1248 2929 1281 2954; x_wconf 82' lang='lat' dir='ltr'><strong>ut</strong></span> <span class='ocrx_word' id='word_1_582' title='bbox 1297 2924 1343 2954; x_wconf 87' lang='lat' dir='ltr'><strong>his</strong></span> <span class='ocrx_word' id='word_1_583' title='bbox 1358 2922 1485 2964; x_wconf 81' lang='lat' dir='ltr'><strong>praemia</strong></span> <span class='ocrx_word' id='word_1_584' title='bbox 1500 2925 1668 2962; x_wconf 83' lang='lat' dir='ltr'><strong>ponantur,</strong></span> 
     </span>
    </p>
   </div>
  </div>
 </body>
</html>
