1840 3225
145 242 236 293 127]
690 235 1013 274 ALCIBIADES
1050 236 1076 272 1.
1549 238 1599 273 53

137 344 193 377 So.
217 343 304 381 Quid
322 353 392 374 vero
416 342 450 373 in
478 339 613 371 vestibus
639 338 856 374 conficiendis,
871 347 976 368 nonne
1004 337 1096 367 cerdo
1120 337 1176 368 iste
1201 335 1403 377 imprudens?
1449 337 1512 368 AL.
1537 338 1598 370 Ita.

137 399 194 430 So·
216 397 324 428 Malus
348 406 421 437 ergo
449 395 488 425 ad
518 393 610 424 haec?
658 392 723 422 AL.
747 391 807 422 Ita.
852 391 908 422 So.
932 390 1020 421 Idem
1038 389 1143 431 itaque
1160 385 1331 422 secundum
1348 391 1429 422 hanc
1445 391 1595 423 rationem

139 452 240 483 bonus
264 456 358 492 atque
384 449 481 480 malus
505 447 573 479 erit.
616 445 681 477 AL.
705 445 850 477 Videtur.
897 445 953 477 So.
979 444 1032 475 An
1060 444 1138 476 dicis
1154 445 1234 476 viros
1259 446 1357 476 bonos
1381 445 1477 477 malos
1503 446 1596 477 etiam

136 506 228 536 esse?
272 505 336 536 An.
359 503 577 545 Nequaquam.
623 500 679 532 So.
702 500 791 537 Quos
808 501 934 530 tandem
949 500 1047 530 bonos
1063 499 1178 530 vocas?
1223 499 1289 530 AL.
1313 499 1387 540 Eos,
1401 499 1457 540 qui
1473 499 1504 530 in
1517 500 1596 530 civi-

136 563 200 590 tate
217 569 348 600 praeesse
363 561 504 598 possunt.
549 555 606 586 So.
629 553 704 585 Non
722 559 824 584 tamen
842 553 956 594 equis?
1003 552 1069 584 At..
1093 552 1166 583 Non
1184 557 1277 583 certe.
1324 553 1382 584 So.
1405 553 1450 583 At
1464 553 1598 584 homini-

135 612 216 643 bus?
261 612 323 643 At..
348 611 549 641 Hominibus.
595 609 651 640 So.
686 607 771 638 Num
814 607 993 638 hominibus
1022 606 1266 647 aegrotantibus?
1312 606 1377 638 AL.
1408 606 1496 638 Non.
1540 608 1597 639 So.

137 666 188 697 An
217 665 295 696 forte
321 663 560 705 navigantibus?
607 663 670 694 Ar..
707 661 782 693 Non
813 661 851 692 iis
880 661 965 693 dico.
1010 660 1067 693 So.
1090 660 1350 692 Metentibusne?
1395 661 1458 692 Ar..
1482 661 1596 702 Neque

133 719 212 750 istis.
257 719 314 750 So.
338 718 511 759 Aliquidne
534 717 584 747 vel
610 715 688 747 nibil
713 715 921 747 facientibus?
983 714 1049 746 AL.
1071 713 1284 746 Facientibus.
1332 715 1389 746 So.
1415 714 1501 751 Quid
1528 720 1596 746 tan-

132 772 205 803 dem
220 771 428 803 facientibus?
452 771 483 802 id
500 771 575 801 mihi
590 770 725 802 declara.
773 770 836 801 Ar..
861 769 1067 805 Commercia,
1083 768 1223 810 inquam,
1240 769 1416 810 agentibus,
1429 774 1523 810 atque
1548 769 1595 799 in-

136 826 234 857 vicem
251 830 358 856 mutuo
383 835 416 856 se
441 825 611 860 utentibus,
628 824 891 865 quemadmodum
916 833 972 853 nos
994 823 1027 854 in
1050 822 1228 854 civitatibus
1244 823 1338 853 vitam
1363 822 1496 863 agimus.
1541 822 1598 852 So.

136 878 288 920 Nunquid
306 879 455 920 imperare
471 888 524 909 eos
535 878 612 908 dicis
635 877 825 912 hominibus,
850 877 904 917 qui
929 876 1105 906 hominibus
1132 876 1285 906 utuntur?
1329 875 1394 905 Ar..
1418 875 1493 906 Aio.
1539 875 1595 906 So.

135 931 188 963 An
205 932 472 974 gubernatoribus,
489 931 542 972 qui
559 931 726 971 remigibus
743 930 895 961 utuntur?
941 928 1008 960 Ar..
1033 927 1120 958 Non.
1163 928 1219 960 So.
1244 927 1323 958 Haec
1339 928 1421 958 enim
1444 929 1594 968 guberna-

135 986 222 1017 toriae
238 986 394 1017 facultatis
409 985 502 1016 virtus
517 990 576 1016 est.
622 984 688 1015 AL.
716 984 784 1015 Est.
830 984 884 1014 So.
908 982 1050 1013 Fortasse
1077 981 1227 1022 imperare
1254 981 1380 1012 dicebas
1405 980 1598 1017 tibicinibus,

135 1039 190 1081 qni
206 1040 390 1071 canentibus
405 1044 542 1081 praesunt
556 1038 739 1078 choreisque
757 1041 895 1067 utuntur.
939 1035 1006 1067 AL.
1031 1034 1146 1076 Neque
1162 1035 1240 1066 istis.
1287 1035 1343 1065 So.
1369 1034 1440 1065 Hoc
1463 1044 1598 1075 namque

135 1093 175 1124 ad
191 1092 371 1124 facultatem
386 1092 471 1123 chori
487 1090 662 1132 magistram
688 1090 832 1131 pertinet.
878 1089 942 1120 AL.
966 1088 1116 1120 Omnino.
1161 1088 1215 1119 So.
1239 1087 1326 1125 Quid
1351 1087 1486 1128 denique
1503 1097 1596 1118 vocas

134 1147 286 1188 imperare
303 1156 393 1186 posse
408 1145 596 1183 hominibus,
614 1146 667 1185 qui
685 1148 814 1175 utuntur
830 1143 1006 1173 hominibus
1020 1143 1030 1172 ?
1075 1142 1140 1174 AL.
1165 1142 1301 1172 Praeesse
1317 1141 1494 1172 hominibus
1509 1151 1595 1172 com-

134 1199 364 1231 municantibus
379 1197 513 1229 invicem
529 1197 561 1228 in
581 1198 625 1228 rei
642 1197 775 1238 publicas
792 1197 1061 1228 administratione
1073 1201 1167 1237 atque
1184 1196 1388 1228 commerciis.
1418 1197 1474 1226 So.
1499 1197 1594 1232 Quae-

134 1264 205 1284 nam
221 1254 288 1283 lraec
302 1263 350 1283 ars
364 1253 434 1283 est?
458 1252 721 1293 quemadmodum
734 1251 758 1281 si
775 1256 805 1281 te
821 1250 933 1281 iterum
949 1250 1180 1291 interrogarem,
1196 1260 1266 1291 quas
1291 1250 1423 1280 facultas
1439 1250 1544 1290 efficit,
1559 1256 1594 1280 ut

133 1316 264 1348 praeesse
279 1305 410 1338 sciamus
426 1306 459 1336 in
474 1305 652 1346 navigando
677 1304 1002 1336 communicantibus?
1049 1303 1114 1334 AL.
1138 1303 1376 1334 Gubernatoria.
1422 1304 1476 1335 So.
1501 1305 1594 1336 Com-

132 1360 361 1395 municantibus
377 1364 479 1390 autem
497 1359 529 1389 in
543 1363 650 1395 cantu,
668 1363 703 1389 ut
719 1358 812 1398 paulo
830 1364 902 1388 ante
916 1357 1089 1394 dicebatur,
1106 1367 1176 1398 quae
1192 1357 1323 1388 scientia
1336 1367 1466 1398 praeesse
1476 1359 1569 1389 docet
1584 1359 1594 1387 ?

131 1413 197 1446 AL.
221 1413 324 1451 Quam
339 1419 373 1446 tu
387 1423 487 1454 nuper
502 1412 618 1452 aiebas,
634 1412 719 1443 chori
733 1410 910 1451 disciplina.
957 1410 1013 1441 So.
1035 1410 1073 1440 In
1089 1420 1120 1440 re
1138 1410 1263 1451 publica
1277 1421 1348 1441 vero
1364 1411 1596 1442 communican-

131 1467 226 1505 tibus,
241 1478 335 1508 quam
351 1467 512 1499 scientiam
527 1466 643 1497 vocas?
690 1464 754 1497 AL.
779 1465 908 1496 Bonum
923 1465 1100 1500 consilium,
1116 1475 1135 1495 o
1159 1465 1313 1496 Socrates.
1359 1465 1412 1495 So.
1437 1464 1520 1495 Num
1539 1466 1594 1495 tibi

131 1521 254 1556 videtur
281 1521 519 1562 gubernatorum
546 1530 593 1551 ars
616 1529 719 1550 carere
743 1518 898 1550 consilio?
943 1517 1008 1549 AL.
1033 1518 1179 1548 Minime.
1225 1518 1280 1549 So.
1306 1518 1363 1548 Est
1387 1519 1453 1559 ipsa
1471 1529 1595 1560 quoque

132 1574 250 1605 bonum
265 1573 442 1604 consilium.
489 1572 555 1604 AL.
578 1572 664 1603 Mihi
691 1582 764 1602 sane
781 1572 915 1603 videtur.
940 1572 1039 1614 [126]
1073 1571 1129 1603 So.
1154 1570 1205 1601 Ad
1221 1571 1435 1612 navigantium
1451 1572 1593 1603 salutem.

131 1627 196 1660 AL.
222 1627 322 1659 Recte
339 1626 483 1668 loqueris.
528 1627 584 1657 So.
608 1626 703 1663 Quod
721 1636 792 1656 vero
809 1625 926 1655 bonum
943 1625 1106 1656 consilium
1120 1635 1224 1662 vocas,
1238 1626 1276 1656 ad
1289 1625 1438 1666 quidnam
1452 1626 1593 1666 spectat?

131 1680 196 1713 Αῐ..
217 1681 271 1711 Ad
288 1681 445 1712 meliorem
461 1680 600 1712 civitatis
627 1680 856 1711 institutionem
885 1679 1016 1721 ejusque
1041 1679 1184 1710 salntem.
1229 1679 1283 1710 So.
1308 1679 1451 1715 Quanam
1468 1691 1499 1710 re
1515 1690 1594 1721 prae-

131 1740 219 1765 sente
236 1735 281 1765 vel
299 1735 428 1767 absente
444 1735 554 1765 melius
569 1734 746 1775 disponitur
761 1738 855 1774 atque
872 1733 1033 1764 servatur?
1057 1743 1115 1764 ceu
1138 1732 1206 1773 ipse
1221 1743 1270 1763 me
1285 1743 1418 1773 rogares,
1435 1744 1497 1775 quo
1515 1744 1592 1774 prae-

132 1793 220 1819 sente
235 1793 288 1819 aut
303 1789 431 1819 absente
448 1789 527 1819 bene
544 1799 576 1818 se
592 1788 709 1818 habent
724 1797 874 1827 corpora:
898 1787 1119 1828 responderem
1146 1786 1266 1827 utique,
1282 1787 1414 1817 sanitate
1431 1793 1594 1828 praesente,

132 1841 303 1882 morboque
319 1846 451 1872 remoto.
497 1841 587 1872 Idem
605 1846 637 1871 et
652 1846 684 1871 tu
701 1841 858 1871 existimas
873 1842 884 1871 ἒ
930 1841 993 1871 AL.
1017 1841 1118 1872 Idem.
1163 1840 1220 1871 So.
1245 1839 1340 1875 Quod
1368 1840 1392 1870 si
1408 1841 1490 1871 idem
1507 1852 1592 1882 quae-

130 1906 178 1926 ras
205 1895 245 1926 de
270 1895 381 1932 oculis,
396 1895 506 1926 eadem
534 1894 654 1925 ratione
677 1895 889 1935 respondebo,
905 1894 996 1934 pulsa
1019 1893 1172 1930 caecitate,
1188 1893 1329 1923 adhibito
1345 1894 1425 1924 visu.
1446 1899 1479 1925 et
1504 1905 1591 1925 aures

131 1948 230 1987 curari
244 1948 352 1989 fugata
366 1949 528 1984 surditate,
541 1948 668 1978 admoto
684 1957 754 1978 vero
773 1947 896 1978 auditu.
943 1947 1006 1977 AL.
1031 1946 1144 1978 Recte.
1190 1947 1245 1977 So.
1269 1946 1387 1978 Civitas
1410 1953 1512 1978 autem
1529 1959 1591 1989 quo

131 2007 249 2033 remoto
265 2012 367 2042 quove
382 2002 523 2032 adhibito
541 2001 648 2032 melior
663 2001 698 2030 fit
713 2011 749 2032 ac
765 2001 873 2031 melius
890 2001 1083 2031 instituitur?
1130 2001 1194 2032 AL.
1219 2001 1300 2031 Mihi
1316 2001 1443 2042 quidem
1459 2002 1593 2038 videtur,

132 2065 151 2085 o
167 2055 321 2094 Socrates,
339 2055 465 2096 quando
483 2055 626 2100 amicitia
636 2061 684 2086 est
698 2055 778 2085 inter
793 2055 876 2086 cives
893 2066 899 2085 ε
926 2055 999 2086 odia
1016 2065 1086 2085 vero
1112 2060 1144 2086 et
1171 2055 1341 2086 seditiones
1367 2056 1490 2086 absunt.
1535 2057 1591 2086 So.

133 2108 315 2139 Amicitiam
333 2119 423 2140 vocas
439 2108 676 2140 consensionem
693 2119 732 2139 an
761 2108 1011 2140 dissensionem?
1058 2108 1123 2139 AL.
1148 2107 1407 2141 consensionem.
1453 2109 1508 2142 So.
1535 2109 1594 2139 Per

132 2172 225 2204 quam
252 2167 348 2193 artem
376 2163 517 2194 civitates
543 2163 624 2194 circa
640 2173 782 2193 numeros
808 2163 1031 2194 consentiunt?
1078 2162 1141 2194 Ar..
1166 2162 1226 2193 Per
1254 2162 1490 2194 arithmeticam.
1536 2163 1590 2193 So.

133 2217 250 2248 Privati
263 2227 333 2248 vero
350 2227 389 2247 an
406 2227 469 2247 non
486 2222 610 2258 propter
625 2217 780 2248 eandem?
827 2217 893 2247 Ar..
917 2217 1053 2257 Nempe.
1099 2217 1154 2247 So.
1179 2216 1221 2247 Et
1245 2216 1460 2258 unusquisque
1486 2226 1591 2248 secum

132 2271 224 2312 ipse?
271 2271 335 2302 AL.
359 2271 461 2302 Certe.
507 2271 564 2303 So.
588 2271 649 2302 Per
675 2282 769 2312 quam
795 2276 891 2301 artem
906 2270 1038 2312 quisque
1054 2280 1158 2301 secum
1175 2270 1242 2311 ipse
1257 2270 1415 2301 consentit
1431 2270 1470 2300 de
1488 2270 1590 2310 palmo

130 2330 163 2356 et
188 2325 308 2365 cubito,
326 2331 391 2356 uter
419 2337 455 2356 ex
479 2325 515 2356 iis
542 2325 640 2366 major
666 2326 728 2355 sit?
752 2335 857 2356 nonne
887 2335 942 2365 per
967 2325 1116 2356 metiendi
1143 2324 1311 2365 peritiam?
1358 2324 1421 2354 AL.
1446 2322 1593 2360 Quidni?

133 2379 189 2411 So.
211 2378 328 2410 Nonne
343 2379 436 2410 etiam
454 2379 563 2419 privati
578 2379 711 2410 invicem
740 2385 834 2420 atque
863 2379 1027 2409 civitates?
1073 2379 1136 2409 Ar..
1161 2378 1272 2410 Immo.
1319 2378 1375 2410 So.
1402 2376 1441 2406 Et
1457 2377 1496 2407 de
1514 2386 1594 2417 pon-

130 2432 255 2463 deribus
269 2433 379 2463 eodem
397 2439 489 2474 pacto
504 2434 514 2463 ?
560 2433 622 2464 AL.
649 2433 821 2464 Assentior.
866 2433 920 2464 So.
944 2433 1116 2464 Consensio
1128 2432 1232 2473 igitur,
1245 2441 1336 2472 quam
1353 2430 1491 2466 dicebas,
1507 2440 1593 2470 quae-

133 2495 203 2516 nam
220 2486 286 2517 est?
310 2487 391 2516 circa
415 2487 513 2527 quid?
538 2498 607 2527 quae
632 2497 679 2518 ars
706 2487 789 2517 illam
815 2487 960 2528 praestat?
985 2487 1098 2518 etenim
1122 2486 1180 2515 ista
1204 2485 1367 2516 consensio
1393 2483 1462 2514 talis
1486 2490 1544 2518 cst,
1562 2488 1596 2512 ut

132 2538 207 2573 insit
222 2539 265 2570 rei
283 2539 415 2580 publicus
432 2546 463 2570 et
481 2540 598 2580 privato
616 2541 786 2581 unicuique
803 2542 840 2571 ad
867 2551 898 2571 sc
926 2542 1028 2581 ipsum
1051 2545 1083 2570 et
1098 2540 1135 2570 ad
1153 2539 1242 2568 alios.
1290 2537 1355 2568 AL.
1381 2537 1598 2568 Consentane-

133 2603 197 2627 um·
243 2594 299 2624 So.
323 2593 404 2629 Qum
421 2593 514 2634 igitur
529 2594 598 2624 est?
624 2604 663 2625 ne
692 2595 796 2634 pigeat
823 2594 1021 2634 respondere,
1037 2600 1068 2623 at
1100 2598 1242 2632 prompte
1259 2601 1375 2622 enarra.
1422 2592 1486 2623 AL.
1511 2590 1595 2621 Reor

132 2646 279 2687 equidem
295 2657 362 2677 esse
378 2647 544 2677 amicitiam
560 2652 593 2677 et
616 2648 864 2683 consensionem,
880 2657 942 2687 qua
967 2652 1052 2688 pater
1077 2656 1113 2676 ac
1137 2650 1232 2676 mater
1257 2645 1366 2680 tilium,
1383 2650 1414 2675 et
1428 2645 1521 2675 frater
1537 2645 1596 2674 fra-

131 2704 221 2735 trem,
237 2705 270 2730 et
285 2709 360 2730 uxor
374 2699 471 2730 virum
486 2705 626 2730 amantes
653 2700 862 2731 consentiunt.
911 2700 967 2731 So.
991 2699 1140 2734 Putasne,
1157 2709 1175 2728 o
1201 2697 1396 2734 Alcibiades,
1413 2699 1508 2728 virum
1525 2707 1595 2728 cum

135 2763 230 2784 uxore
246 2753 328 2784 circa
344 2753 513 2784 lanificium
530 2754 709 2789 convenire,
726 2753 904 2794 imperitum
920 2764 990 2785 cnm
1016 2752 1138 2794 perita?
1185 2751 1249 2783 AL.
1273 2751 1494 2793 Nequaquam.
1539 2749 1595 2779 So.

133 2805 246 2847 Neque
263 2812 387 2848 oportet
401 2806 542 2847 quidem.
566 2807 722 2838 muliebris
746 2807 828 2837 enim
855 2808 922 2838 haec
950 2805 1116 2846 disciplina
1145 2810 1203 2836 est.
1247 2805 1311 2836 Ar..
1335 2805 1493 2835 Profecto,
1540 2803 1594 2833 So.

135 2859 221 2896 Quid
239 2871 322 2898 vern,
337 2861 445 2892 mulier
460 2872 530 2893 cum
547 2861 611 2891 viro
627 2861 708 2892 circa
724 2871 803 2901 opus
828 2860 926 2901 [127]
952 2861 1081 2891 militare
1097 2859 1274 2895 conveniet,
1290 2869 1360 2890 cum
1378 2858 1407 2888 id
1434 2856 1596 2897 haudqua-

139 2923 231 2954 quam
255 2914 422 2948 didicerit?
469 2915 532 2947 AL.
557 2914 704 2947 Minime.
750 2914 805 2947 So.
832 2914 932 2946 virile
958 2914 1039 2945 cuim
1066 2913 1099 2944 id
1131 2923 1231 2944 rursus
1261 2922 1327 2943 csse
1356 2911 1485 2943 diceres.
1532 2909 1595 2941 AL.
