1840 3225
287 243 361 283 172
873 241 1137 281 PLATONIS
1645 241 1744 292 [496

285 352 358 378 sunt
380 351 413 377 ct
437 346 564 387 privatis
588 349 620 377 et
644 345 820 377 civitatibus
847 347 995 376 bonorum
1021 344 1192 386 ingentium
1221 349 1374 376 auctores.
1396 344 1474 375 exile
1499 354 1573 376 vero
1585 343 1746 387 ingenium

287 400 365 431 nihil
383 410 519 443 unquam
536 400 584 431 vel
601 400 744 442 privatim
759 401 808 431 vel
825 400 949 442 publice
965 410 1109 441 magnum
1125 399 1230 431 efficit.
1254 399 1336 430 Ani.
1353 398 1438 430 Vera
1448 399 1592 430 nimirum
1602 399 1748 442 loqueris.

287 454 343 485 So.
367 454 447 485 Cum
465 454 602 495 plerique
625 454 664 485 ad
688 454 971 496 philosophandum
996 460 1105 484 natura
1124 453 1228 484 idonei
1252 454 1290 484 ab
1314 454 1374 484 hoc
1388 453 1492 484 studio
1509 454 1747 495 detorquentur,

285 508 578 550 philosophiamque
594 509 805 550 imperfectam
815 514 847 540 et
858 509 1029 540 desolatam
1039 508 1225 547 destituunt,
1238 508 1331 538 vitam
1347 517 1451 548 neque
1465 507 1629 539 decentem
1640 517 1744 548 neque

285 572 389 593 veram
413 563 552 594 ducunt:
578 563 807 605 philosophiam
834 574 918 600 vero,
947 569 1094 603 tanquam
1123 563 1265 603 cognatis
1294 562 1443 598 orbatam,
1470 561 1523 593 alii
1552 561 1679 604 quidam
1708 571 1747 592 ea.

285 621 369 646 certe
383 616 508 659 indigni
523 617 738 659 aggredientes
752 618 943 649 dedecorant
957 618 1057 659 ipsam
1087 616 1228 658 nimium,
1244 626 1342 658 eaque
1368 616 1507 646 afficiunt
1528 615 1670 653 infamia,
1685 625 1749 657 qua

286 671 387 701 notari
412 669 554 711 ipsam'a
578 672 802 703 detractoribus
827 672 889 702 illis
912 671 1186 710 commemorabas,
1202 670 1424 711 objicientibus
1437 671 1524 712 quod
1548 680 1667 705 eorum,
1691 669 1747 710 qui

286 724 494 765 philosophias
519 726 596 756 dant
619 736 757 766 operam,
787 725 930 756 nonnulli
959 724 1045 766 parvi
1071 725 1209 755 faciendi
1233 729 1317 764 sunt,
1344 724 1434 755 multi
1461 734 1533 755 vero
1555 724 1749 765 nequissimi.

285 777 368 810 Am.
391 778 488 810 Dicta
501 785 584 810 certe
610 781 676 811 haec
702 785 785 812 sunt.
831 780 887 810 So.
911 779 960 810 Ac
986 780 1093 810 merito
1119 779 1215 810 dicta.
1262 779 1502 820 Conspicientes
1529 778 1669 819 profecto
1695 777 1748 808 alii

285 831 427 873 plerique
453 833 633 864 homunculi
659 834 765 864 sedem
789 834 870 864 hanc
898 844 1024 864 vacuam
1057 833 1198 874 quidem,
1228 833 1381 874 praeclaris
1405 838 1506 863 tamen
1532 830 1748 873 cognomentis

284 886 500 927 dignitateque
517 886 678 923 illustrem,
694 887 790 918 instar
805 898 909 918 eorum
926 888 979 929 qui
995 899 1030 918 ex
1047 898 1167 918 carcere
1189 887 1228 917 ad
1256 886 1373 928 templa
1401 886 1599 927 confugiunt,
1615 886 1747 916 libenter

284 950 322 971 ex
337 941 452 971 artibus
467 941 505 971 ad
522 941 749 981 philosophiam
765 942 940 982 prosiliunt,
958 943 1137 982 quicunque
1153 941 1321 981 praesertim
1338 941 1370 970 in
1386 940 1561 971 artiuncula
1575 950 1631 970 sua
1642 939 1746 970 excel-

286 993 366 1024 lunt.
388 1004 501 1035 nempe
514 994 727 1036 philosophia,
743 1005 920 1035 quanquam
936 996 979 1024 ita
992 1006 1025 1024 se
1041 995 1146 1030 habet,
1162 995 1277 1024 artibus
1292 1000 1396 1024 tamen
1412 994 1522 1025 ceteris
1536 993 1688 1035 dignitate
1715 998 1747 1024 et

285 1047 518 1088 magnificentia
533 1053 657 1089 praestat
671 1061 677 1078 :
703 1059 795 1089 quam
812 1048 962 1079 affectant
978 1048 1128 1089 plerique,
1146 1053 1256 1078 natura
1270 1048 1396 1089 quidem
1419 1047 1603 1088 imperfecti,
1616 1053 1649 1079 et
1674 1047 1746 1078 arti-

285 1102 343 1131 bus
359 1101 556 1144 opificiisque
571 1102 663 1132 sicuti
678 1113 808 1143 corpora
828 1102 905 1138 laesi,
921 1101 964 1132 sic
988 1107 1020 1132 et
1047 1102 1167 1132 animos
1192 1101 1381 1132 mechanicis
1409 1100 1584 1132 ministeriis
1608 1100 1747 1142 depressi

285 1159 380 1195 atque
406 1155 568 1187 confracti.
590 1166 630 1186 an
656 1167 720 1186 non
745 1157 952 1187 necessarium
979 1161 1025 1187 est
1039 1157 1049 1186 ?
1097 1155 1182 1186 Ant.
1205 1155 1357 1187 Maxime.
1400 1155 1457 1187 So.
1479 1154 1534 1186 An
1559 1165 1667 1186 censes
1691 1165 1747 1186 eos

285 1213 413 1250 aspectu
429 1209 597 1251 quicquam
613 1211 735 1241 differre
751 1221 770 1241 a
784 1211 870 1242 fabro
885 1211 991 1242 aerario
1008 1221 1102 1252 parvo
1118 1211 1284 1251 calvoque,
1299 1210 1354 1251 qui
1370 1220 1470 1252 nuper
1494 1214 1625 1251 accepta
1649 1220 1747 1251 pecu-

286 1262 340 1293 nia
355 1274 372 1294 e
387 1263 518 1295 vinculis
535 1265 622 1302 exiit,
638 1265 821 1307 balneisque
837 1276 869 1296 se
886 1265 972 1301 lavit,
989 1270 1021 1295 et
1035 1275 1115 1295 nova
1130 1275 1162 1295 se
1178 1270 1263 1295 veste
1279 1270 1426 1305 tanquam
1448 1274 1595 1305 sponsum
1615 1264 1748 1305 ornavit,

286 1322 319 1347 et
334 1317 427 1348 filiam
443 1318 562 1349 domini
577 1318 623 1349 sui
638 1318 746 1361 inopia
773 1319 880 1361 pressi,
895 1330 953 1350 nec
977 1319 1071 1349 alium
1100 1319 1151 1349 cui
1177 1319 1265 1349 daret
1288 1319 1444 1357 habentis,
1459 1318 1490 1349 in
1517 1316 1746 1349 matrimonium

285 1371 346 1402 sibi
361 1371 547 1413 conjunxit?
593 1372 676 1404 Aur.
699 1373 793 1404 Haud
811 1373 902 1414 longe
928 1373 1027 1415 [496]
1053 1373 1177 1404 differre
1199 1372 1354 1404 existimo.
1398 1372 1455 1404 So.
1479 1372 1613 1410 Qualem
1637 1382 1674 1402 ex
1699 1371 1747 1402 his

285 1425 405 1466 prolem
420 1427 505 1458 nasci
521 1428 693 1468 putandum
709 1428 779 1458 est?
802 1438 907 1457 nonne
924 1429 1049 1457 notham
1077 1427 1196 1457 scilicet
1217 1432 1250 1457 et
1273 1426 1427 1468 abjectam
1444 1426 1455 1456 ?
1501 1425 1585 1457 Am.
1608 1424 1746 1456 Necesse

285 1484 333 1510 est
348 1480 486 1511 omnino.
532 1481 588 1512 So.
612 1481 764 1512 Homines
781 1487 882 1512 autem
898 1481 1063 1522 disciplina
1079 1481 1236 1522 indignos,
1252 1481 1397 1523 quotiens
1421 1480 1482 1521 ipsi
1508 1484 1617 1522 praeter
1643 1479 1746 1521 digni-

285 1537 379 1564 tatem
394 1534 565 1572 adhaerent,
580 1536 688 1577 quales
716 1535 922 1576 cogitationes
948 1535 1176 1576 opinionesque
1203 1535 1373 1575 producere
1398 1533 1555 1564 dicimus?
1579 1543 1697 1572 nonne,
1713 1538 1748 1563 ut

283 1587 444 1619 nominare
470 1588 573 1625 decet,
600 1589 813 1630 sophismata?
836 1588 976 1630 nihilque
1002 1589 1187 1629 legitimum,
1210 1588 1286 1619 nihil
1310 1589 1452 1629 dignum,
1473 1587 1549 1618 nihil
1570 1586 1745 1629 prudentie

283 1651 364 1672 verae
391 1643 602 1674 conveniens?
648 1643 731 1674 Anr.
752 1643 804 1674 Sic
834 1643 960 1674 omnino
989 1643 1172 1674 dicendum.
1216 1643 1272 1673 So.
1296 1643 1409 1684 Itaque
1446 1640 1540 1683 pauci
1575 1641 1746 1672 admodum

284 1700 400 1726 restant
413 1697 564 1733 homines,
580 1697 760 1733 Adimante,
775 1697 828 1739 qui
845 1698 939 1739 digne
955 1708 1024 1728 cum
1040 1697 1243 1739 philosophia
1258 1702 1416 1728 versemur
1437 1707 1444 1726 :
1467 1695 1563 1737 hique
1587 1700 1672 1735 sunt,
1687 1695 1744 1736 qui

283 1748 367 1784 bona
380 1750 486 1781 indole
501 1751 566 1782 nati
582 1762 618 1783 ac
634 1752 714 1783 bene
729 1751 856 1782 enutriti
872 1752 970 1782 otium
986 1752 1024 1782 ad
1041 1751 1271 1794 philosophiam
1292 1751 1384 1782 exilio
1412 1749 1645 1786 nanciscuntur,
1658 1749 1744 1779 unde

282 1802 489 1845 philosophiae
505 1805 640 1836 adversis
653 1806 914 1848 occupationibus
931 1806 1020 1837 liberi
1035 1812 1145 1837 natura
1160 1806 1240 1837 duce
1257 1805 1319 1836 suis
1341 1805 1375 1835 in
1391 1804 1501 1834 studiis
1525 1808 1743 1845 perseverant:

282 1861 338 1887 aut
353 1868 422 1889 cum
441 1859 623 1900 magnificus
641 1861 766 1901 quidam
786 1861 920 1901 animus,
935 1866 1066 1902 angusta
1080 1861 1112 1890 in
1128 1861 1202 1890 urbe
1218 1865 1321 1895 natus,
1337 1858 1446 1900 spretis
1467 1858 1510 1889 rei
1534 1857 1668 1899 publicae
1691 1856 1744 1898 ip-

283 1910 346 1942 sius
362 1913 550 1950 muneribus,
564 1925 600 1945 ac
617 1914 715 1945 multo
732 1915 829 1956 magis
842 1916 1031 1957 contemptis
1047 1914 1232 1957 reliquarum
1249 1914 1360 1944 artium
1385 1912 1528 1954 opificiis,
1543 1922 1600 1953 pro
1624 1916 1743 1942 naturae

281 1965 408 1996 dotibus
423 1967 463 1997 ad
479 1967 764 2009 philosophandum
778 1980 810 2000 se
824 1969 955 2000 confert.
1001 1969 1094 1999 foret
1108 1968 1202 1999 etiam
1218 1967 1377 1999 familiaris
1402 1967 1497 1997 nostri
1522 1965 1656 2007 Theagis
1682 1965 1743 1996 fre

279 2029 354 2050 num
371 2021 410 2050 ad
427 2021 636 2053 cohibendum
649 2023 722 2053 satis
738 2023 887 2054 validum.
931 2023 1052 2064 Theagi
1067 2023 1148 2054 enim
1166 2028 1271 2053 nostro
1286 2021 1391 2052 omnia
1406 2021 1437 2052 in
1453 2031 1491 2052 eo
1508 2025 1592 2051 statu
1605 2020 1740 2056 fuerant,

282 2078 344 2104 uta
360 2074 557 2116 philosophia
576 2075 736 2107 decideret
749 2088 755 2106 :
781 2078 916 2118 corporis
927 2088 998 2108 vero
1013 2077 1158 2108 debilitas
1175 2078 1275 2118 ipsum
1292 2086 1311 2106 a
1325 2076 1416 2106 rebus
1426 2074 1569 2106 civilibus
1583 2073 1740 2115 prohibet.

279 2125 444 2158 Daemonis
457 2134 560 2159 autem
575 2130 670 2159 nostri
684 2129 805 2170 signum
822 2129 932 2160 referre
948 2140 1031 2160 nune
1047 2141 1110 2160 non
1127 2131 1231 2160 decet.
1245 2130 1293 2160 vel
1311 2130 1393 2160 enim
1411 2128 1536 2160 cuidam
1552 2127 1641 2159 alteri
1655 2127 1736 2157 dun-

279 2184 377 2217 taxat,
384 2182 432 2212 vel
445 2182 524 2212 nulli
535 2183 724 2223 superiorum
738 2183 882 2224 contigit.
906 2183 1025 2214 Horum
1039 2193 1109 2214 vero
1124 2194 1291 2224 paucorum
1303 2183 1484 2224 quicunque
1495 2186 1632 2223 gustant,
1644 2191 1739 2222 quam

280 2234 380 2266 dulcis
396 2235 463 2267 haec
478 2236 567 2268 sitae
583 2237 674 2267 beata
700 2238 866 2278 possessio,
881 2243 912 2268 et
936 2238 1086 2268 insaniam
1113 2237 1313 2279 plurimorum
1338 2237 1467 2268 vident:
1492 2236 1567 2277 qnia
1591 2235 1740 2267 videlicet

280 2287 398 2327 nullus,
413 2295 447 2321 ut
462 2290 592 2322 breviter
606 2291 650 2321 ita
664 2290 906 2333 simpliciterque
922 2291 1038 2328 dicam,
1054 2297 1136 2322 recte
1152 2291 1318 2332 quicquam
1335 2290 1365 2320 in
1381 2290 1471 2320 rebus
1495 2288 1629 2331 publicis
1654 2296 1739 2330 agat,

280 2353 382 2385 neque
397 2344 499 2376 socius
514 2345 625 2386 aliquis
640 2350 672 2376 et
685 2345 809 2387 adjutor
824 2346 1003 2387 reperiatur,
1019 2346 1143 2387 quicum
1160 2345 1366 2376 defendendae
1387 2343 1518 2385 justitiae
1543 2353 1646 2374 curam
1669 2352 1738 2373 sus-

280 2397 399 2438 cipiens
414 2398 526 2440 aliquis
542 2409 648 2441 sospes
663 2401 776 2430 evadat
823 2401 876 2431 sed
895 2406 1041 2441 tanquam
1058 2401 1149 2431 homo
1165 2399 1198 2430 in
1213 2400 1327 2431 bestias
1343 2399 1498 2435 incidens,
1513 2408 1583 2429 cum
1598 2407 1658 2428 nec
1672 2406 1736 2426 una

278 2449 395 2491 injuste
410 2462 501 2494 agere
517 2453 590 2484 velit
604 2464 662 2485 nec
676 2453 759 2484 solus
776 2454 842 2494 ipse
858 2454 999 2484 omnibus
1026 2454 1096 2484 feris
1123 2454 1223 2495 possit
1247 2453 1398 2488 resistere,
1414 2457 1486 2483 aute
1509 2456 1616 2493 pereat
1639 2460 1733 2491 quam

277 2504 444 2547 quicquam
459 2507 507 2538 vel
522 2507 679 2538 civitatem
694 2508 742 2538 vel
759 2508 873 2539 amicos
884 2508 986 2548 juvet,
1004 2513 1096 2550 atque
1112 2509 1155 2538 ita
1170 2513 1202 2539 et
1217 2508 1320 2538 sibiet
1346 2507 1413 2538 aliis
1439 2507 1479 2537 sit
1501 2505 1629 2536 inutilis.
1651 2505 1733 2542 haec,

277 2558 418 2600 inquam,
433 2561 538 2592 omnia
553 2562 731 2604 quicunque
747 2562 912 2604 diligenter
926 2562 1187 2599 animadvertunt,
1203 2562 1340 2604 quietem
1355 2566 1453 2602 agunt
1467 2564 1499 2591 et
1511 2569 1567 2591 sua
1579 2559 1733 2590 duntaxat

277 2618 386 2643 curant
400 2625 407 2643 :
432 2623 469 2645 ac
483 2615 570 2646 velut
582 2617 617 2646 in
632 2616 779 2657 procella,
795 2616 869 2646 dum
886 2621 916 2646 et
933 2616 1021 2647 turbo
1038 2617 1169 2657 agitatur
1185 2622 1216 2648 et
1231 2615 1316 2646 venti
1343 2613 1475 2656 perflant
1501 2619 1534 2643 et
1557 2612 1731 2643 offunditur

275 2665 403 2706 pulvere
418 2668 541 2705 coelum,
557 2669 636 2699 intra
650 2669 782 2710 parietes
806 2669 864 2700 tuti
889 2678 1081 2711 permanent,
1098 2670 1237 2711 aliosque
1262 2668 1369 2700 intuiti
1397 2666 1535 2708 nequitia
1561 2665 1729 2702 involutos,

274 2719 348 2750 satis
361 2720 519 2752 habituros
535 2733 567 2753 se
583 2729 705 2763 putant,
721 2724 746 2754 si
763 2725 830 2765 puri
846 2724 905 2765 ipsi
922 2724 960 2754 ab
975 2723 1132 2764 injustitia
1146 2730 1178 2754 ct
1191 2724 1306 2765 iniquis
1321 2721 1511 2753 facinoribus
1533 2721 1683 2757 rexerint,
1697 2725 1731 2751 et

274 2774 392 2804 exactis
407 2774 477 2805 vitae
492 2776 651 2808 curriculis
667 2778 748 2808 bona
762 2789 832 2809 cum
849 2789 904 2820 spe
920 2778 1033 2809 hilares
1049 2777 1154 2819 piique
1171 2777 1369 2808 decesserint.
1412 2775 1496 2807 Am.
1519 2774 1613 2806 Haud
1636 2783 1732 2814 parva

275 2831 357 2857 certe
372 2827 397 2858 is
412 2829 520 2870 egerit,
536 2830 590 2870 qui
606 2831 649 2861 ita
665 2831 757 2862 vitam
775 2832 933 2874 transiget.
958 2831 1054 2873 [497]
1079 2832 1135 2864 So.
1160 2832 1273 2873 Neque
1289 2831 1421 2861 maxima
1436 2836 1554 2864 tamen,
1568 2828 1593 2858 si
1617 2832 1728 2858 nactus

275 2889 339 2911 non
353 2881 446 2912 fuerit
458 2883 693 2915 convenientem
710 2886 766 2916 sibi
782 2896 843 2916 rem
860 2886 1026 2927 publicam.
1051 2897 1162 2927 nempe
1180 2886 1210 2916 in
1227 2896 1264 2917 ea
1277 2890 1308 2916 et
1322 2885 1391 2926 ipse
1406 2883 1549 2926 proficiet
1569 2880 1729 2912 emicabit-

271 2945 333 2975 que
347 2935 455 2977 magis,
469 2943 501 2968 ct
514 2938 631 2978 privata
647 2939 735 2970 simul
753 2941 939 2983 publicaque
956 2941 1099 2972 servabit.
1145 2940 1318 2976 Hactenus,
1333 2948 1425 2980 quarn
1441 2937 1482 2968 ob
1503 2945 1627 2968 causam
1653 2933 1725 2976 phi

269 2987 413 3031 losophia
426 2990 610 3023 calumniam
627 2993 731 3031 subiit,
744 2997 866 3037 quodve
882 2995 997 3037 injusta
1010 3007 1045 3027 ea
1056 2996 1209 3028 calumnia
1223 2994 1274 3032 sit,
1286 2992 1359 3026 satis
1370 2993 1487 3026 dictum
1500 2990 1645 3023 arbitror:
1663 2987 1724 3020 nisi
