<?xml version="1.0" encoding="UTF-8"?>
<!DOCTYPE html PUBLIC "-//W3C//DTD XHTML 1.0 Transitional//EN"
    "http://www.w3.org/TR/xhtml1/DTD/xhtml1-transitional.dtd">
<html xmlns="http://www.w3.org/1999/xhtml" xml:lang="en" lang="en">
 <head>
  <title>
</title>
<meta http-equiv="Content-Type" content="text/html;charset=utf-8" />
  <meta name='ocr-system' content='tesseract 3.04.00' />
  <meta name='ocr-capabilities' content='ocr_page ocr_carea ocr_par ocr_line ocrx_word'/>
</head>
<body>
  <div class='ocr_page' id='page_1' title='image "./platonisetquaeve11plat_0270.png"; bbox 0 0 1840 3225; ppageno 0'>
   <div class='ocr_carea' id='block_1_1' title="bbox 249 189 1709 250">
    <p class='ocr_par' dir='ltr' id='par_1_1' title="bbox 249 189 1709 250">
     <span class='ocr_line' id='line_1_1' title="bbox 249 189 1709 250; baseline 0 -22"><span class='ocrx_word' id='word_1_1' title='bbox 249 196 329 234; x_wconf 82' lang='lat'>254</span> <span class='ocrx_word' id='word_1_2' title='bbox 854 189 1119 228; x_wconf 86' lang='lat' dir='ltr'>PLATONIS</span> <span class='ocrx_word' id='word_1_3' title='bbox 1638 196 1709 250; x_wconf 82' lang='lat'>[52</span> 
     </span>
    </p>
   </div>
   <div class='ocr_carea' id='block_1_2' title="bbox 232 293 1713 2938">
    <p class='ocr_par' dir='ltr' id='par_1_2' title="bbox 232 293 1713 2938">
     <span class='ocr_line' id='line_1_2' title="bbox 246 293 1709 338; baseline 0.001 -10"><span class='ocrx_word' id='word_1_4' title='bbox 246 306 308 338; x_wconf 88' lang='lat' dir='ltr'>que</span> <span class='ocrx_word' id='word_1_5' title='bbox 324 302 436 327; x_wconf 85' lang='lat' dir='ltr'>terram</span> <span class='ocrx_word' id='word_1_6' title='bbox 451 305 555 337; x_wconf 87' lang='lat' dir='ltr'>neque</span> <span class='ocrx_word' id='word_1_7' title='bbox 570 293 676 326; x_wconf 76' lang='lat' dir='ltr'>ae&#39;rem</span> <span class='ocrx_word' id='word_1_8' title='bbox 691 303 795 336; x_wconf 86' lang='lat' dir='ltr'>neque</span> <span class='ocrx_word' id='word_1_9' title='bbox 812 294 918 336; x_wconf 84' lang='lat' dir='ltr'><strong>ignem</strong></span> <span class='ocrx_word' id='word_1_10' title='bbox 933 304 1036 336; x_wconf 89' lang='lat' dir='ltr'>neque</span> <span class='ocrx_word' id='word_1_11' title='bbox 1051 304 1164 336; x_wconf 84' lang='lat' dir='ltr'>aquam</span> <span class='ocrx_word' id='word_1_12' title='bbox 1179 304 1248 325; x_wconf 83' lang='lat' dir='ltr'>esse</span> <span class='ocrx_word' id='word_1_13' title='bbox 1262 294 1414 332; x_wconf 83' lang='lat' dir='ltr'>dicamus,</span> <span class='ocrx_word' id='word_1_14' title='bbox 1429 305 1535 338; x_wconf 87' lang='lat' dir='ltr'>neque</span> <span class='ocrx_word' id='word_1_15' title='bbox 1550 305 1656 328; x_wconf 82' lang='lat' dir='ltr'>rursus</span> <span class='ocrx_word' id='word_1_16' title='bbox 1669 307 1709 328; x_wconf 85' lang='lat' dir='ltr'>ex</span> 
     </span>
     <span class='ocr_line' id='line_1_3' title="bbox 245 349 1707 392; baseline 0.001 -11"><span class='ocrx_word' id='word_1_17' title='bbox 245 351 295 382; x_wconf 85' lang='lat' dir='ltr'>his</span> <span class='ocrx_word' id='word_1_18' title='bbox 308 350 427 392; x_wconf 83' lang='lat' dir='ltr'>aliquid</span> <span class='ocrx_word' id='word_1_19' title='bbox 443 350 647 381; x_wconf 82' lang='lat' dir='ltr'>constitutum</span> <span class='ocrx_word' id='word_1_20' title='bbox 660 354 714 379; x_wconf 88' lang='lat' dir='ltr'>aut</span> <span class='ocrx_word' id='word_1_21' title='bbox 729 349 844 390; x_wconf 84' lang='lat' dir='ltr'>aliqua,</span> <span class='ocrx_word' id='word_1_22' title='bbox 861 359 900 379; x_wconf 80' lang='lat' dir='ltr'>ex</span> <span class='ocrx_word' id='word_1_23' title='bbox 915 349 1027 390; x_wconf 88' lang='lat' dir='ltr'>quibus</span> <span class='ocrx_word' id='word_1_24' title='bbox 1049 350 1173 390; x_wconf 83' lang='lat' dir='ltr'><strong>proprie</strong></span> <span class='ocrx_word' id='word_1_25' title='bbox 1186 350 1252 380; x_wconf 88' lang='lat' dir='ltr'>haec</span> <span class='ocrx_word' id='word_1_26' title='bbox 1266 349 1335 390; x_wconf 90' lang='lat' dir='ltr'>ipsa</span> <span class='ocrx_word' id='word_1_27' title='bbox 1349 349 1539 381; x_wconf 84' lang='lat' dir='ltr'>subsistunt:</span> <span class='ocrx_word' id='word_1_28' title='bbox 1557 351 1614 382; x_wconf 87' lang='lat' dir='ltr'>sed</span> <span class='ocrx_word' id='word_1_29' title='bbox 1627 351 1707 382; x_wconf 83' lang='lat' dir='ltr'>invi-</span> 
     </span>
     <span class='ocr_line' id='line_1_4' title="bbox 245 403 1707 446; baseline 0.001 -11"><span class='ocrx_word' id='word_1_30' title='bbox 245 403 366 435; x_wconf 86' lang='lat' dir='ltr'>sibilem</span> <span class='ocrx_word' id='word_1_31' title='bbox 390 404 494 446; x_wconf 84' lang='lat' dir='ltr'>potius</span> <span class='ocrx_word' id='word_1_32' title='bbox 518 403 654 445; x_wconf 84' lang='lat' dir='ltr'>speciem</span> <span class='ocrx_word' id='word_1_33' title='bbox 679 404 835 445; x_wconf 87' lang='lat' dir='ltr'>quandam</span> <span class='ocrx_word' id='word_1_34' title='bbox 851 410 881 434; x_wconf 87' lang='lat' dir='ltr'>et</span> <span class='ocrx_word' id='word_1_35' title='bbox 899 404 1058 434; x_wconf 78' lang='lat' dir='ltr'>informem</span> <span class='ocrx_word' id='word_1_36' title='bbox 1084 405 1183 434; x_wconf 76' lang='lat' dir='ltr'>sinum</span> <span class='ocrx_word' id='word_1_37' title='bbox 1200 404 1336 435; x_wconf 86' lang='lat' dir='ltr'>omnium</span> <span class='ocrx_word' id='word_1_38' title='bbox 1363 415 1524 446; x_wconf 80' lang='lat' dir='ltr'>capacem,</span> <span class='ocrx_word' id='word_1_39' title='bbox 1538 406 1592 446; x_wconf 89' lang='lat' dir='ltr'>qui</span> <span class='ocrx_word' id='word_1_40' title='bbox 1614 407 1707 436; x_wconf 91' lang='lat' dir='ltr'>modo</span> 
     </span>
     <span class='ocr_line' id='line_1_5' title="bbox 243 458 1710 510; baseline 0 -20"><span class='ocrx_word' id='word_1_41' title='bbox 243 459 380 500; x_wconf 86' lang='lat' dir='ltr'>quodam</span> <span class='ocrx_word' id='word_1_42' title='bbox 394 459 539 500; x_wconf 89' lang='lat' dir='ltr'>ambiguo</span> <span class='ocrx_word' id='word_1_43' title='bbox 554 463 585 489; x_wconf 87' lang='lat' dir='ltr'>et</span> <span class='ocrx_word' id='word_1_44' title='bbox 601 458 651 489; x_wconf 86' lang='lat' dir='ltr'>vix</span> <span class='ocrx_word' id='word_1_45' title='bbox 666 458 974 510; x_wconf 61' lang='lat' dir='ltr'>explicabil&#39;hgiivinae</span> <span class='ocrx_word' id='word_1_46' title='bbox 989 464 1021 489; x_wconf 87' lang='lat' dir='ltr'>et</span> <span class='ocrx_word' id='word_1_47' title='bbox 1042 458 1245 499; x_wconf 82' lang='lat' dir='ltr'>intelligibilis</span> <span class='ocrx_word' id='word_1_48' title='bbox 1260 463 1377 489; x_wconf 86' lang='lat' dir='ltr'>naturae</span> <span class='ocrx_word' id='word_1_49' title='bbox 1392 459 1428 489; x_wconf 84' lang='lat' dir='ltr'>fit</span> <span class='ocrx_word' id='word_1_50' title='bbox 1444 459 1610 501; x_wconf 80' lang='lat' dir='ltr'>particeps.</span> <span class='ocrx_word' id='word_1_51' title='bbox 1641 459 1710 501; x_wconf 87' lang='lat' dir='ltr'>ipse</span> 
     </span>
     <span class='ocr_line' id='line_1_6' title="bbox 244 512 1709 555; baseline 0 -11"><span class='ocrx_word' id='word_1_52' title='bbox 244 513 371 555; x_wconf 91' lang='lat' dir='ltr'>quidem</span> <span class='ocrx_word' id='word_1_53' title='bbox 395 512 619 554; x_wconf 88' lang='lat' dir='ltr'>comprehendi</span> <span class='ocrx_word' id='word_1_54' title='bbox 635 523 689 554; x_wconf 92' lang='lat' dir='ltr'>per</span> <span class='ocrx_word' id='word_1_55' title='bbox 703 523 735 543; x_wconf 86' lang='lat' dir='ltr'>se</span> <span class='ocrx_word' id='word_1_56' title='bbox 751 512 836 543; x_wconf 91' lang='lat' dir='ltr'>nullo</span> <span class='ocrx_word' id='word_1_57' title='bbox 855 518 946 554; x_wconf 87' lang='lat' dir='ltr'>pacto</span> <span class='ocrx_word' id='word_1_58' title='bbox 964 518 1085 553; x_wconf 82' lang='lat' dir='ltr'>potest:</span> <span class='ocrx_word' id='word_1_59' title='bbox 1104 513 1156 543; x_wconf 81' lang='lat' dir='ltr'>sed</span> <span class='ocrx_word' id='word_1_60' title='bbox 1173 518 1324 554; x_wconf 87' lang='lat' dir='ltr'>quantum</span> <span class='ocrx_word' id='word_1_61' title='bbox 1338 524 1374 543; x_wconf 82' lang='lat' dir='ltr'>ex</span> <span class='ocrx_word' id='word_1_62' title='bbox 1391 523 1486 555; x_wconf 84' lang='lat' dir='ltr'>supra</span> <span class='ocrx_word' id='word_1_63' title='bbox 1500 513 1594 545; x_wconf 87' lang='lat' dir='ltr'>dictis</span> <span class='ocrx_word' id='word_1_64' title='bbox 1617 519 1709 544; x_wconf 87' lang='lat' dir='ltr'>natu-</span> 
     </span>
     <span class='ocr_line' id='line_1_7' title="bbox 244 567 1708 609; baseline 0 -11"><span class='ocrx_word' id='word_1_65' title='bbox 244 578 306 598; x_wconf 87' lang='lat' dir='ltr'>ram</span> <span class='ocrx_word' id='word_1_66' title='bbox 323 568 391 609; x_wconf 87' lang='lat' dir='ltr'>ejus</span> <span class='ocrx_word' id='word_1_67' title='bbox 418 567 571 608; x_wconf 86' lang='lat' dir='ltr'>attingere</span> <span class='ocrx_word' id='word_1_68' title='bbox 587 567 670 603; x_wconf 89' lang='lat' dir='ltr'>licet,</span> <span class='ocrx_word' id='word_1_69' title='bbox 689 567 733 598; x_wconf 85' lang='lat' dir='ltr'>sic</span> <span class='ocrx_word' id='word_1_70' title='bbox 750 567 857 609; x_wconf 84' lang='lat' dir='ltr'>utiquc</span> <span class='ocrx_word' id='word_1_71' title='bbox 882 573 963 598; x_wconf 84' lang='lat' dir='ltr'>recte</span> <span class='ocrx_word' id='word_1_72' title='bbox 991 578 1152 607; x_wconf 82' lang='lat' dir='ltr'>possumus</span> <span class='ocrx_word' id='word_1_73' title='bbox 1178 568 1280 598; x_wconf 85' lang='lat' dir='ltr'>dicere</span> <span class='ocrx_word' id='word_1_74' title='bbox 1294 579 1303 606; x_wconf 76' lang='lat'><em>3</em></span> <span class='ocrx_word' id='word_1_75' title='bbox 1318 567 1419 609; x_wconf 88' lang='lat' dir='ltr'>ignem</span> <span class='ocrx_word' id='word_1_76' title='bbox 1436 567 1563 609; x_wconf 90' lang='lat' dir='ltr'>quidem</span> <span class='ocrx_word' id='word_1_77' title='bbox 1590 572 1708 608; x_wconf 87' lang='lat' dir='ltr'>partem</span> 
     </span>
     <span class='ocr_line' id='line_1_8' title="bbox 244 621 1711 664; baseline 0.001 -12"><span class='ocrx_word' id='word_1_78' title='bbox 244 621 313 663; x_wconf 89' lang='lat' dir='ltr'>ejus</span> <span class='ocrx_word' id='word_1_79' title='bbox 328 622 459 663; x_wconf 83' lang='lat' dir='ltr'><strong>ignitam</strong></span> <span class='ocrx_word' id='word_1_80' title='bbox 474 621 570 653; x_wconf 87' lang='lat' dir='ltr'>videri</span> <span class='ocrx_word' id='word_1_81' title='bbox 585 633 592 652; x_wconf 75' lang='lat' dir='ltr'>t</span> <span class='ocrx_word' id='word_1_82' title='bbox 611 622 818 652; x_wconf 77' lang='lat' dir='ltr'>humefactam</span> <span class='ocrx_word' id='word_1_83' title='bbox 846 632 916 652; x_wconf 83' lang='lat' dir='ltr'>vero</span> <span class='ocrx_word' id='word_1_84' title='bbox 936 628 1051 662; x_wconf 86' lang='lat' dir='ltr'>partem</span> <span class='ocrx_word' id='word_1_85' title='bbox 1067 632 1179 662; x_wconf 88' lang='lat' dir='ltr'>aquam</span> <span class='ocrx_word' id='word_1_86' title='bbox 1196 634 1202 651; x_wconf 88' lang='lat'>:</span> <span class='ocrx_word' id='word_1_87' title='bbox 1222 627 1330 652; x_wconf 88' lang='lat' dir='ltr'>terram</span> <span class='ocrx_word' id='word_1_88' title='bbox 1347 632 1472 663; x_wconf 90' lang='lat' dir='ltr'>quoque</span> <span class='ocrx_word' id='word_1_89' title='bbox 1488 621 1655 664; x_wconf 86' lang='lat' dir='ltr'>a&#39;e&#39;remque</span> <span class='ocrx_word' id='word_1_90' title='bbox 1670 622 1711 653; x_wconf 91' lang='lat' dir='ltr'>si-</span> 
     </span>
     <span class='ocr_line' id='line_1_9' title="bbox 245 675 1710 718; baseline 0.001 -12"><span class='ocrx_word' id='word_1_91' title='bbox 245 676 369 717; x_wconf 82' lang='lat' dir='ltr'>militer,</span> <span class='ocrx_word' id='word_1_92' title='bbox 391 681 543 718; x_wconf 88' lang='lat' dir='ltr'>quatenus</span> <span class='ocrx_word' id='word_1_93' title='bbox 568 676 703 717; x_wconf 86' lang='lat' dir='ltr'>ipsorum</span> <span class='ocrx_word' id='word_1_94' title='bbox 719 676 881 707; x_wconf 83' lang='lat' dir='ltr'>simulacra</span> <span class='ocrx_word' id='word_1_95' title='bbox 905 676 1047 717; x_wconf 80' lang='lat' dir='ltr'>suscipit.</span> <span class='ocrx_word' id='word_1_96' title='bbox 1094 677 1146 706; x_wconf 88' lang='lat' dir='ltr'>sed</span> <span class='ocrx_word' id='word_1_97' title='bbox 1164 677 1203 707; x_wconf 90' lang='lat' dir='ltr'>de</span> <span class='ocrx_word' id='word_1_98' title='bbox 1219 676 1266 706; x_wconf 82' lang='lat' dir='ltr'>his</span> <span class='ocrx_word' id='word_1_99' title='bbox 1281 676 1326 706; x_wconf 84' lang='lat' dir='ltr'>ita</span> <span class='ocrx_word' id='word_1_100' title='bbox 1348 676 1576 718; x_wconf 76' lang='lat' dir='ltr'>distinguentes</span> <span class='ocrx_word' id='word_1_101' title='bbox 1590 675 1710 708; x_wconf 84' lang='lat' dir='ltr'>ratione</span> 
     </span>
     <span class='ocr_line' id='line_1_10' title="bbox 242 729 1710 772; baseline 0 -12"><span class='ocrx_word' id='word_1_102' title='bbox 242 730 442 761; x_wconf 84' lang='lat' dir='ltr'>considerare</span> <span class='ocrx_word' id='word_1_103' title='bbox 453 730 619 761; x_wconf 85' lang='lat' dir='ltr'>debemus:</span> <span class='ocrx_word' id='word_1_104' title='bbox 637 729 717 760; x_wconf 86' lang='lat' dir='ltr'>sitne</span> <span class='ocrx_word' id='word_1_105' title='bbox 730 729 810 770; x_wconf 82' lang='lat' dir='ltr'>ignis</span> <span class='ocrx_word' id='word_1_106' title='bbox 823 730 934 771; x_wconf 77' lang='lat' dir='ltr'>aliquis</span> <span class='ocrx_word' id='word_1_107' title='bbox 949 740 1084 761; x_wconf 87' lang='lat' dir='ltr'>seorsum</span> <span class='ocrx_word' id='word_1_108' title='bbox 1095 740 1113 760; x_wconf 89' lang='lat' dir='ltr'>a</span> <span class='ocrx_word' id='word_1_109' title='bbox 1124 729 1250 760; x_wconf 89' lang='lat' dir='ltr'>materia</span> <span class='ocrx_word' id='word_1_110' title='bbox 1265 730 1330 771; x_wconf 87' lang='lat' dir='ltr'>ipse</span> <span class='ocrx_word' id='word_1_111' title='bbox 1340 740 1525 772; x_wconf 86' lang='lat' dir='ltr'>permanens</span> <span class='ocrx_word' id='word_1_112' title='bbox 1536 729 1569 761; x_wconf 88' lang='lat' dir='ltr'>in</span> <span class='ocrx_word' id='word_1_113' title='bbox 1585 741 1618 762; x_wconf 85' lang='lat' dir='ltr'>se</span> <span class='ocrx_word' id='word_1_114' title='bbox 1628 730 1710 771; x_wconf 86' lang='lat' dir='ltr'>ipso,</span> 
     </span>
     <span class='ocr_line' id='line_1_11' title="bbox 244 783 1711 827; baseline 0.001 -13"><span class='ocrx_word' id='word_1_115' title='bbox 244 789 276 814; x_wconf 89' lang='lat' dir='ltr'>et</span> <span class='ocrx_word' id='word_1_116' title='bbox 298 789 413 825; x_wconf 84' lang='lat' dir='ltr'>cetera,</span> <span class='ocrx_word' id='word_1_117' title='bbox 436 795 506 825; x_wconf 80' lang='lat' dir='ltr'>quae</span> <span class='ocrx_word' id='word_1_118' title='bbox 527 794 611 825; x_wconf 81' lang='lat' dir='ltr'>saepe</span> <span class='ocrx_word' id='word_1_119' title='bbox 634 783 768 815; x_wconf 84' lang='lat' dir='ltr'>dicimus</span> <span class='ocrx_word' id='word_1_120' title='bbox 785 795 838 825; x_wconf 90' lang='lat' dir='ltr'>per</span> <span class='ocrx_word' id='word_1_121' title='bbox 854 795 886 815; x_wconf 92' lang='lat' dir='ltr'>se</span> <span class='ocrx_word' id='word_1_122' title='bbox 902 784 971 825; x_wconf 85' lang='lat' dir='ltr'>ipsa</span> <span class='ocrx_word' id='word_1_123' title='bbox 987 795 1109 815; x_wconf 91' lang='lat' dir='ltr'>manere</span> <span class='ocrx_word' id='word_1_124' title='bbox 1128 785 1138 814; x_wconf 86' lang='lat'>?</span> <span class='ocrx_word' id='word_1_125' title='bbox 1157 795 1196 814; x_wconf 90' lang='lat' dir='ltr'>an</span> <span class='ocrx_word' id='word_1_126' title='bbox 1213 785 1279 815; x_wconf 86' lang='lat' dir='ltr'>haec</span> <span class='ocrx_word' id='word_1_127' title='bbox 1297 784 1364 815; x_wconf 89' lang='lat' dir='ltr'>sola</span> <span class='ocrx_word' id='word_1_128' title='bbox 1379 790 1463 822; x_wconf 87' lang='lat' dir='ltr'>sunt,</span> <span class='ocrx_word' id='word_1_129' title='bbox 1478 795 1548 827; x_wconf 82' lang='lat' dir='ltr'>quae</span> <span class='ocrx_word' id='word_1_130' title='bbox 1572 784 1711 826; x_wconf 86' lang='lat' dir='ltr'>corporis</span> 
     </span>
     <span class='ocr_line' id='line_1_12' title="bbox 244 837 1710 881; baseline 0.001 -13"><span class='ocrx_word' id='word_1_131' title='bbox 244 847 337 868; x_wconf 84' lang='lat' dir='ltr'>sensu</span> <span class='ocrx_word' id='word_1_132' title='bbox 361 837 560 879; x_wconf 86' lang='lat' dir='ltr'>percipimus,</span> <span class='ocrx_word' id='word_1_133' title='bbox 585 843 617 868; x_wconf 90' lang='lat' dir='ltr'>et</span> <span class='ocrx_word' id='word_1_134' title='bbox 633 837 724 869; x_wconf 87' lang='lat' dir='ltr'>talem</span> <span class='ocrx_word' id='word_1_135' title='bbox 751 838 784 868; x_wconf 89' lang='lat' dir='ltr'>in</span> <span class='ocrx_word' id='word_1_136' title='bbox 800 849 832 869; x_wconf 91' lang='lat' dir='ltr'>se</span> <span class='ocrx_word' id='word_1_137' title='bbox 851 838 1015 869; x_wconf 79' lang='lat' dir='ltr'>continent</span> <span class='ocrx_word' id='word_1_138' title='bbox 1031 838 1188 869; x_wconf 88' lang='lat' dir='ltr'>veritatem</span> <span class='ocrx_word' id='word_1_139' title='bbox 1206 850 1213 868; x_wconf 89' lang='lat'>:</span> <span class='ocrx_word' id='word_1_140' title='bbox 1234 849 1290 869; x_wconf 92' lang='lat' dir='ltr'>nec</span> <span class='ocrx_word' id='word_1_141' title='bbox 1316 838 1380 869; x_wconf 92' lang='lat' dir='ltr'>ullo</span> <span class='ocrx_word' id='word_1_142' title='bbox 1397 844 1489 880; x_wconf 88' lang='lat' dir='ltr'>pacto</span> <span class='ocrx_word' id='word_1_143' title='bbox 1504 844 1616 881; x_wconf 86' lang='lat' dir='ltr'>praeter</span> <span class='ocrx_word' id='word_1_144' title='bbox 1641 839 1710 870; x_wconf 87' lang='lat' dir='ltr'>haec</span> 
     </span>
     <span class='ocr_line' id='line_1_13' title="bbox 244 891 1710 935; baseline 0.001 -13"><span class='ocrx_word' id='word_1_145' title='bbox 244 891 309 922; x_wconf 88' lang='lat' dir='ltr'>ulla</span> <span class='ocrx_word' id='word_1_146' title='bbox 324 897 397 923; x_wconf 89' lang='lat' dir='ltr'>sunt</span> <span class='ocrx_word' id='word_1_147' title='bbox 418 892 550 933; x_wconf 85' lang='lat' dir='ltr'>uspiam,</span> <span class='ocrx_word' id='word_1_148' title='bbox 568 893 622 923; x_wconf 90' lang='lat' dir='ltr'>sed</span> <span class='ocrx_word' id='word_1_149' title='bbox 638 892 748 923; x_wconf 76' lang='lat' dir='ltr'>frustra</span> <span class='ocrx_word' id='word_1_150' title='bbox 772 892 998 934; x_wconf 86' lang='lat' dir='ltr'>intelligibilem</span> <span class='ocrx_word' id='word_1_151' title='bbox 1027 892 1272 934; x_wconf 77' lang='lat' dir='ltr'>uniuscujusque</span> <span class='ocrx_word' id='word_1_152' title='bbox 1288 892 1425 934; x_wconf 82' lang='lat' dir='ltr'>speciem</span> <span class='ocrx_word' id='word_1_153' title='bbox 1441 893 1577 935; x_wconf 87' lang='lat' dir='ltr'>aliquam</span> <span class='ocrx_word' id='word_1_154' title='bbox 1593 903 1710 935; x_wconf 87' lang='lat' dir='ltr'>ponere</span> 
     </span>
     <span class='ocr_line' id='line_1_14' title="bbox 245 946 1710 988; baseline 0 -11"><span class='ocrx_word' id='word_1_155' title='bbox 245 946 392 987; x_wconf 85' lang='lat' dir='ltr'>solemus,</span> <span class='ocrx_word' id='word_1_156' title='bbox 416 957 474 977; x_wconf 91' lang='lat' dir='ltr'>nec</span> <span class='ocrx_word' id='word_1_157' title='bbox 490 946 575 977; x_wconf 88' lang='lat' dir='ltr'>aliud</span> <span class='ocrx_word' id='word_1_158' title='bbox 592 947 658 977; x_wconf 85' lang='lat' dir='ltr'>haec</span> <span class='ocrx_word' id='word_1_159' title='bbox 675 951 747 976; x_wconf 85' lang='lat' dir='ltr'>sunt</span> <span class='ocrx_word' id='word_1_160' title='bbox 761 956 854 988; x_wconf 89' lang='lat' dir='ltr'>quam</span> <span class='ocrx_word' id='word_1_161' title='bbox 871 946 975 977; x_wconf 82' lang='lat' dir='ltr'>verba.</span> <span class='ocrx_word' id='word_1_162' title='bbox 998 946 1084 987; x_wconf 91' lang='lat' dir='ltr'>quod</span> <span class='ocrx_word' id='word_1_163' title='bbox 1099 946 1229 987; x_wconf 86' lang='lat' dir='ltr'>quidem</span> <span class='ocrx_word' id='word_1_164' title='bbox 1245 956 1348 987; x_wconf 89' lang='lat' dir='ltr'>neque</span> <span class='ocrx_word' id='word_1_165' title='bbox 1373 946 1417 977; x_wconf 88' lang='lat' dir='ltr'>ita</span> <span class='ocrx_word' id='word_1_166' title='bbox 1433 946 1480 977; x_wconf 85' lang='lat' dir='ltr'>vel</span> <span class='ocrx_word' id='word_1_167' title='bbox 1496 946 1585 977; x_wconf 87' lang='lat' dir='ltr'>aliter</span> <span class='ocrx_word' id='word_1_168' title='bbox 1607 956 1639 977; x_wconf 79' lang='lat' dir='ltr'>se</span> <span class='ocrx_word' id='word_1_169' title='bbox 1654 947 1710 977; x_wconf 80' lang='lat' dir='ltr'>ha·</span> 
     </span>
     <span class='ocr_line' id='line_1_15' title="bbox 232 1000 1709 1042; baseline 0.001 -11"><span class='ocrx_word' id='word_1_170' title='bbox 232 1001 329 1039; x_wconf 57' lang='lat' dir='ltr'>xbere,</span> <span class='ocrx_word' id='word_1_171' title='bbox 352 1006 467 1032; x_wconf 88' lang='lat' dir='ltr'>temere</span> <span class='ocrx_word' id='word_1_172' title='bbox 482 1005 514 1032; x_wconf 90' lang='lat' dir='ltr'>et</span> <span class='ocrx_word' id='word_1_173' title='bbox 528 1000 594 1031; x_wconf 89' lang='lat' dir='ltr'>sine</span> <span class='ocrx_word' id='word_1_174' title='bbox 610 1000 838 1031; x_wconf 84' lang='lat' dir='ltr'>examinatione</span> <span class='ocrx_word' id='word_1_175' title='bbox 854 1000 1065 1036; x_wconf 85' lang='lat' dir='ltr'>asserendum,</span> <span class='ocrx_word' id='word_1_176' title='bbox 1080 1010 1182 1041; x_wconf 83' lang='lat' dir='ltr'>neque</span> <span class='ocrx_word' id='word_1_177' title='bbox 1199 1000 1238 1031; x_wconf 90' lang='lat' dir='ltr'>ad</span> <span class='ocrx_word' id='word_1_178' title='bbox 1255 1005 1441 1042; x_wconf 69' lang='lat' dir='ltr'>praesentem</span> <span class='ocrx_word' id='word_1_179' title='bbox 1464 1000 1709 1042; x_wconf 84' lang='lat' dir='ltr'>disputationem</span> 
     </span>
     <span class='ocr_line' id='line_1_16' title="bbox 243 1053 1710 1096; baseline 0 -11"><span class='ocrx_word' id='word_1_180' title='bbox 243 1059 354 1085; x_wconf 83' lang='lat' dir='ltr'>natura</span> <span class='ocrx_word' id='word_1_181' title='bbox 369 1065 424 1086; x_wconf 88' lang='lat' dir='ltr'>sua</span> <span class='ocrx_word' id='word_1_182' title='bbox 438 1053 588 1096; x_wconf 78' lang='lat' dir='ltr'>prolixam</span> <span class='ocrx_word' id='word_1_183' title='bbox 605 1054 666 1085; x_wconf 90' lang='lat' dir='ltr'>alia</span> <span class='ocrx_word' id='word_1_184' title='bbox 679 1065 805 1096; x_wconf 89' lang='lat' dir='ltr'>quoque</span> <span class='ocrx_word' id='word_1_185' title='bbox 830 1055 950 1096; x_wconf 82' lang='lat' dir='ltr'>prolixa</span> <span class='ocrx_word' id='word_1_186' title='bbox 964 1060 996 1086; x_wconf 92' lang='lat' dir='ltr'>et</span> <span class='ocrx_word' id='word_1_187' title='bbox 1010 1055 1049 1085; x_wconf 88' lang='lat' dir='ltr'>ad</span> <span class='ocrx_word' id='word_1_188' title='bbox 1066 1065 1129 1085; x_wconf 89' lang='lat' dir='ltr'>rem</span> <span class='ocrx_word' id='word_1_189' title='bbox 1146 1054 1273 1086; x_wconf 88' lang='lat' dir='ltr'>minime</span> <span class='ocrx_word' id='word_1_190' title='bbox 1289 1055 1446 1096; x_wconf 82' lang='lat' dir='ltr'>pertinens</span> <span class='ocrx_word' id='word_1_191' title='bbox 1461 1056 1608 1087; x_wconf 84' lang='lat' dir='ltr'>addenda</span> <span class='ocrx_word' id='word_1_192' title='bbox 1622 1055 1710 1086; x_wconf 86' lang='lat' dir='ltr'>vide-</span> 
     </span>
     <span class='ocr_line' id='line_1_17' title="bbox 244 1108 1712 1151; baseline 0 -11"><span class='ocrx_word' id='word_1_193' title='bbox 244 1114 304 1140; x_wconf 88' lang='lat' dir='ltr'>tur.</span> <span class='ocrx_word' id='word_1_194' title='bbox 325 1119 364 1140; x_wconf 87' lang='lat' dir='ltr'>ea</span> <span class='ocrx_word' id='word_1_195' title='bbox 381 1120 450 1140; x_wconf 90' lang='lat' dir='ltr'>vero</span> <span class='ocrx_word' id='word_1_196' title='bbox 464 1108 718 1151; x_wconf 85' lang='lat' dir='ltr'>circumscriptio,</span> <span class='ocrx_word' id='word_1_197' title='bbox 734 1119 804 1150; x_wconf 64' lang='lat' dir='ltr'>quae</span> <span class='ocrx_word' id='word_1_198' title='bbox 820 1109 964 1140; x_wconf 86' lang='lat' dir='ltr'>brevibus</span> <span class='ocrx_word' id='word_1_199' title='bbox 977 1119 1089 1149; x_wconf 87' lang='lat' dir='ltr'>magna</span> <span class='ocrx_word' id='word_1_200' title='bbox 1105 1109 1361 1150; x_wconf 86' lang='lat' dir='ltr'>comprehendat,</span> <span class='ocrx_word' id='word_1_201' title='bbox 1376 1109 1546 1141; x_wconf 82' lang='lat' dir='ltr'>admodum</span> <span class='ocrx_word' id='word_1_202' title='bbox 1559 1114 1712 1151; x_wconf 87' lang='lat' dir='ltr'>opportu-</span> 
     </span>
     <span class='ocr_line' id='line_1_18' title="bbox 241 1163 1711 1205; baseline 0.001 -12"><span class='ocrx_word' id='word_1_203' title='bbox 241 1173 284 1194; x_wconf 89' lang='lat' dir='ltr'>na</span> <span class='ocrx_word' id='word_1_204' title='bbox 300 1163 465 1194; x_wconf 85' lang='lat' dir='ltr'>videbitur.</span> <span class='ocrx_word' id='word_1_205' title='bbox 487 1163 531 1194; x_wconf 87' lang='lat' dir='ltr'>ita</span> <span class='ocrx_word' id='word_1_206' title='bbox 546 1163 638 1205; x_wconf 87' lang='lat' dir='ltr'>igitur</span> <span class='ocrx_word' id='word_1_207' title='bbox 651 1163 721 1205; x_wconf 89' lang='lat' dir='ltr'>ipse</span> <span class='ocrx_word' id='word_1_208' title='bbox 738 1174 837 1194; x_wconf 88' lang='lat' dir='ltr'>meam</span> <span class='ocrx_word' id='word_1_209' title='bbox 855 1165 912 1195; x_wconf 85' lang='lat' dir='ltr'>hac</span> <span class='ocrx_word' id='word_1_210' title='bbox 929 1164 969 1194; x_wconf 90' lang='lat' dir='ltr'>de</span> <span class='ocrx_word' id='word_1_211' title='bbox 985 1175 1016 1194; x_wconf 90' lang='lat' dir='ltr'>re</span> <span class='ocrx_word' id='word_1_212' title='bbox 1031 1163 1216 1195; x_wconf 86' lang='lat' dir='ltr'>sententiam</span> <span class='ocrx_word' id='word_1_213' title='bbox 1232 1163 1338 1194; x_wconf 80' lang='lat' dir='ltr'>seram.</span> <span class='ocrx_word' id='word_1_214' title='bbox 1361 1163 1387 1194; x_wconf 89' lang='lat' dir='ltr'>si</span> <span class='ocrx_word' id='word_1_215' title='bbox 1401 1163 1578 1195; x_wconf 86' lang='lat' dir='ltr'>intellectus</span> <span class='ocrx_word' id='word_1_216' title='bbox 1591 1168 1625 1194; x_wconf 87' lang='lat' dir='ltr'>et</span> <span class='ocrx_word' id='word_1_217' title='bbox 1640 1173 1711 1194; x_wconf 83' lang='lat' dir='ltr'>vera</span> 
     </span>
     <span class='ocr_line' id='line_1_19' title="bbox 243 1217 1710 1260; baseline 0 -12"><span class='ocrx_word' id='word_1_218' title='bbox 243 1217 354 1259; x_wconf 90' lang='lat' dir='ltr'>opinio</span> <span class='ocrx_word' id='word_1_219' title='bbox 369 1218 433 1249; x_wconf 91' lang='lat' dir='ltr'>duo</span> <span class='ocrx_word' id='word_1_220' title='bbox 448 1228 561 1259; x_wconf 88' lang='lat' dir='ltr'>genera</span> <span class='ocrx_word' id='word_1_221' title='bbox 571 1223 654 1255; x_wconf 84' lang='lat' dir='ltr'>sunt,</span> <span class='ocrx_word' id='word_1_222' title='bbox 669 1228 796 1249; x_wconf 85' lang='lat' dir='ltr'>necesse</span> <span class='ocrx_word' id='word_1_223' title='bbox 812 1223 859 1248; x_wconf 87' lang='lat' dir='ltr'>est</span> <span class='ocrx_word' id='word_1_224' title='bbox 874 1217 1054 1259; x_wconf 85' lang='lat' dir='ltr'>hujusmodi</span> <span class='ocrx_word' id='word_1_225' title='bbox 1070 1218 1191 1259; x_wconf 87' lang='lat' dir='ltr'>species</span> <span class='ocrx_word' id='word_1_226' title='bbox 1206 1228 1285 1255; x_wconf 87' lang='lat' dir='ltr'>esse,</span> <span class='ocrx_word' id='word_1_227' title='bbox 1300 1228 1370 1260; x_wconf 87' lang='lat' dir='ltr'>quae</span> <span class='ocrx_word' id='word_1_228' title='bbox 1386 1228 1441 1260; x_wconf 90' lang='lat' dir='ltr'>per</span> <span class='ocrx_word' id='word_1_229' title='bbox 1455 1227 1487 1249; x_wconf 88' lang='lat' dir='ltr'>se</span> <span class='ocrx_word' id='word_1_230' title='bbox 1501 1217 1578 1258; x_wconf 85' lang='lat' dir='ltr'>ipsae</span> <span class='ocrx_word' id='word_1_231' title='bbox 1593 1217 1667 1254; x_wconf 85' lang='lat' dir='ltr'>siut,</span> <span class='ocrx_word' id='word_1_232' title='bbox 1679 1223 1710 1248; x_wconf 89' lang='lat' dir='ltr'>et</span> 
     </span>
     <span class='ocr_line' id='line_1_20' title="bbox 243 1270 1710 1314; baseline 0 -12"><span class='ocrx_word' id='word_1_233' title='bbox 243 1271 454 1313; x_wconf 86' lang='lat' dir='ltr'>intelligentia</span> <span class='ocrx_word' id='word_1_234' title='bbox 470 1272 574 1313; x_wconf 90' lang='lat' dir='ltr'>potius</span> <span class='ocrx_word' id='word_1_235' title='bbox 589 1282 681 1314; x_wconf 84' lang='lat' dir='ltr'>quam</span> <span class='ocrx_word' id='word_1_236' title='bbox 704 1272 845 1303; x_wconf 89' lang='lat' dir='ltr'>sensibus</span> <span class='ocrx_word' id='word_1_237' title='bbox 873 1272 1176 1313; x_wconf 81' lang='lat' dir='ltr'>comprehendantur</span> <span class='ocrx_word' id='word_1_238' title='bbox 1189 1283 1195 1302; x_wconf 76' lang='grc' dir='ltr'>ε</span> <span class='ocrx_word' id='word_1_239' title='bbox 1219 1272 1266 1302; x_wconf 91' lang='lat' dir='ltr'>sin</span> <span class='ocrx_word' id='word_1_240' title='bbox 1282 1276 1401 1314; x_wconf 79' lang='lat' dir='ltr'>autem,</span> <span class='ocrx_word' id='word_1_241' title='bbox 1415 1276 1451 1303; x_wconf 90' lang='lat' dir='ltr'>ut</span> <span class='ocrx_word' id='word_1_242' title='bbox 1464 1271 1650 1313; x_wconf 84' lang='lat' dir='ltr'>quibusdam</span> <span class='ocrx_word' id='word_1_243' title='bbox 1665 1270 1710 1302; x_wconf 82' lang='lat' dir='ltr'>vi-</span> 
     </span>
     <span class='ocr_line' id='line_1_21' title="bbox 245 1325 1708 1368; baseline 0.001 -13"><span class='ocrx_word' id='word_1_244' title='bbox 245 1325 348 1362; x_wconf 85' lang='lat' dir='ltr'>detur,</span> <span class='ocrx_word' id='word_1_245' title='bbox 363 1336 434 1356; x_wconf 86' lang='lat' dir='ltr'>vera</span> <span class='ocrx_word' id='word_1_246' title='bbox 459 1325 566 1368; x_wconf 90' lang='lat' dir='ltr'>opinio</span> <span class='ocrx_word' id='word_1_247' title='bbox 583 1326 622 1357; x_wconf 88' lang='lat' dir='ltr'>ab</span> <span class='ocrx_word' id='word_1_248' title='bbox 638 1326 797 1358; x_wconf 85' lang='lat' dir='ltr'>intellectu</span> <span class='ocrx_word' id='word_1_249' title='bbox 823 1326 922 1356; x_wconf 86' lang='lat' dir='ltr'>nihilo</span> <span class='ocrx_word' id='word_1_250' title='bbox 938 1326 1054 1362; x_wconf 84' lang='lat' dir='ltr'>differt,</span> <span class='ocrx_word' id='word_1_251' title='bbox 1070 1326 1187 1366; x_wconf 89' lang='lat' dir='ltr'>omnia,</span> <span class='ocrx_word' id='word_1_252' title='bbox 1201 1336 1272 1367; x_wconf 87' lang='lat' dir='ltr'>quae</span> <span class='ocrx_word' id='word_1_253' title='bbox 1294 1325 1433 1367; x_wconf 81' lang='lat' dir='ltr'>corporis</span> <span class='ocrx_word' id='word_1_254' title='bbox 1448 1336 1556 1357; x_wconf 87' lang='lat' dir='ltr'>sensus</span> <span class='ocrx_word' id='word_1_255' title='bbox 1571 1325 1708 1367; x_wconf 85' lang='lat' dir='ltr'>attingit,</span> 
     </span>
     <span class='ocr_line' id='line_1_22' title="bbox 244 1378 1711 1420; baseline 0 -10"><span class='ocrx_word' id='word_1_256' title='bbox 244 1384 327 1411; x_wconf 86' lang='lat' dir='ltr'>certe</span> <span class='ocrx_word' id='word_1_257' title='bbox 342 1380 487 1410; x_wconf 88' lang='lat' dir='ltr'>habenda</span> <span class='ocrx_word' id='word_1_258' title='bbox 502 1385 584 1410; x_wconf 86' lang='lat' dir='ltr'>sunt.</span> <span class='ocrx_word' id='word_1_259' title='bbox 616 1380 670 1410; x_wconf 89' lang='lat' dir='ltr'>sed</span> <span class='ocrx_word' id='word_1_260' title='bbox 687 1380 799 1420; x_wconf 87' lang='lat' dir='ltr'>opinor</span> <span class='ocrx_word' id='word_1_261' title='bbox 815 1380 878 1409; x_wconf 89' lang='lat' dir='ltr'>duo</span> <span class='ocrx_word' id='word_1_262' title='bbox 894 1389 963 1410; x_wconf 87' lang='lat' dir='ltr'>esse</span> <span class='ocrx_word' id='word_1_263' title='bbox 984 1379 1130 1415; x_wconf 87' lang='lat' dir='ltr'>dicenda,</span> <span class='ocrx_word' id='word_1_264' title='bbox 1148 1379 1221 1420; x_wconf 85' lang='lat' dir='ltr'>quia</span> <span class='ocrx_word' id='word_1_265' title='bbox 1236 1389 1372 1411; x_wconf 85' lang='lat' dir='ltr'>seorsum</span> <span class='ocrx_word' id='word_1_266' title='bbox 1388 1384 1461 1411; x_wconf 90' lang='lat' dir='ltr'>sunt</span> <span class='ocrx_word' id='word_1_267' title='bbox 1474 1379 1558 1412; x_wconf 76' lang='lat' dir='ltr'>facta</span> <span class='ocrx_word' id='word_1_268' title='bbox 1573 1385 1604 1411; x_wconf 89' lang='lat' dir='ltr'>et</span> <span class='ocrx_word' id='word_1_269' title='bbox 1620 1378 1711 1410; x_wconf 84' lang='lat' dir='ltr'>dissi·</span> 
     </span>
     <span class='ocr_line' id='line_1_23' title="bbox 245 1432 1712 1476; baseline -0.001 -12"><span class='ocrx_word' id='word_1_270' title='bbox 245 1432 331 1463; x_wconf 85' lang='lat' dir='ltr'>milia</span> <span class='ocrx_word' id='word_1_271' title='bbox 353 1438 437 1464; x_wconf 80' lang='lat' dir='ltr'>sunt.</span> <span class='ocrx_word' id='word_1_272' title='bbox 481 1434 602 1474; x_wconf 87' lang='lat' dir='ltr'>quippe</span> <span class='ocrx_word' id='word_1_273' title='bbox 616 1443 748 1474; x_wconf 84' lang='lat' dir='ltr'>quorum</span> <span class='ocrx_word' id='word_1_274' title='bbox 763 1433 893 1464; x_wconf 87' lang='lat' dir='ltr'>alterum</span> <span class='ocrx_word' id='word_1_275' title='bbox 908 1433 1051 1464; x_wconf 87' lang='lat' dir='ltr'>doctrina</span> <span class='ocrx_word' id='word_1_276' title='bbox 1065 1433 1155 1464; x_wconf 89' lang='lat' dir='ltr'>nobis</span> <span class='ocrx_word' id='word_1_277' title='bbox 1170 1433 1319 1470; x_wconf 86' lang='lat' dir='ltr'>insinuat,</span> <span class='ocrx_word' id='word_1_278' title='bbox 1335 1433 1466 1466; x_wconf 89' lang='lat' dir='ltr'>alterum</span> <span class='ocrx_word' id='word_1_279' title='bbox 1481 1433 1639 1476; x_wconf 82' lang='lat' dir='ltr'>persuasio</span> <span class='ocrx_word' id='word_1_280' title='bbox 1653 1445 1661 1464; x_wconf 70' lang='grc' dir='ltr'><strong><em>ε</em></strong></span> <span class='ocrx_word' id='word_1_281' title='bbox 1678 1438 1712 1464; x_wconf 87' lang='lat' dir='ltr'>et</span> 
     </span>
     <span class='ocr_line' id='line_1_24' title="bbox 241 1487 1711 1529; baseline 0.001 -11"><span class='ocrx_word' id='word_1_282' title='bbox 241 1487 322 1518; x_wconf 89' lang='lat' dir='ltr'>illud</span> <span class='ocrx_word' id='word_1_283' title='bbox 339 1487 466 1529; x_wconf 91' lang='lat' dir='ltr'>quidem</span> <span class='ocrx_word' id='word_1_284' title='bbox 489 1498 610 1528; x_wconf 90' lang='lat' dir='ltr'>semper</span> <span class='ocrx_word' id='word_1_285' title='bbox 624 1498 694 1518; x_wconf 88' lang='lat' dir='ltr'>cum</span> <span class='ocrx_word' id='word_1_286' title='bbox 712 1487 831 1518; x_wconf 87' lang='lat' dir='ltr'>ratione</span> <span class='ocrx_word' id='word_1_287' title='bbox 848 1498 930 1528; x_wconf 88' lang='lat' dir='ltr'>vera,</span> <span class='ocrx_word' id='word_1_288' title='bbox 945 1488 1004 1519; x_wconf 91' lang='lat' dir='ltr'>hoc</span> <span class='ocrx_word' id='word_1_289' title='bbox 1020 1494 1123 1519; x_wconf 89' lang='lat' dir='ltr'>autem</span> <span class='ocrx_word' id='word_1_290' title='bbox 1139 1487 1205 1519; x_wconf 89' lang='lat' dir='ltr'>sine</span> <span class='ocrx_word' id='word_1_291' title='bbox 1220 1489 1340 1519; x_wconf 78' lang='lat' dir='ltr'>ratione</span> <span class='ocrx_word' id='word_1_292' title='bbox 1358 1500 1366 1518; x_wconf 75' lang='grc' dir='ltr'><em>τ</em></span> <span class='ocrx_word' id='word_1_293' title='bbox 1383 1487 1463 1519; x_wconf 83' lang='lat' dir='ltr'>illud</span> <span class='ocrx_word' id='word_1_294' title='bbox 1478 1487 1564 1520; x_wconf 83' lang='lat' dir='ltr'>nulla</span> <span class='ocrx_word' id='word_1_295' title='bbox 1585 1497 1711 1529; x_wconf 87' lang='lat' dir='ltr'>persua-</span> 
     </span>
     <span class='ocr_line' id='line_1_25' title="bbox 242 1541 1713 1584; baseline 0.001 -13"><span class='ocrx_word' id='word_1_296' title='bbox 242 1541 331 1572; x_wconf 85' lang='lat' dir='ltr'>sione</span> <span class='ocrx_word' id='word_1_297' title='bbox 356 1541 516 1576; x_wconf 87' lang='lat' dir='ltr'>mutabile,</span> <span class='ocrx_word' id='word_1_298' title='bbox 532 1541 593 1572; x_wconf 90' lang='lat' dir='ltr'>hoc</span> <span class='ocrx_word' id='word_1_299' title='bbox 608 1546 718 1572; x_wconf 83' lang='lat' dir='ltr'>contra</span> <span class='ocrx_word' id='word_1_300' title='bbox 741 1541 814 1573; x_wconf 94' lang='lat' dir='ltr'>huic</span> <span class='ocrx_word' id='word_1_301' title='bbox 832 1541 999 1572; x_wconf 78' lang='lat' dir='ltr'>mutationi</span> <span class='ocrx_word' id='word_1_302' title='bbox 1023 1541 1210 1583; x_wconf 90' lang='lat' dir='ltr'>subjectum.</span> <span class='ocrx_word' id='word_1_303' title='bbox 1246 1552 1325 1573; x_wconf 76' lang='lat' dir='ltr'>verae</span> <span class='ocrx_word' id='word_1_304' title='bbox 1349 1542 1476 1583; x_wconf 89' lang='lat' dir='ltr'>quidem</span> <span class='ocrx_word' id='word_1_305' title='bbox 1492 1541 1651 1584; x_wconf 84' lang='lat' dir='ltr'>opinionis</span> <span class='ocrx_word' id='word_1_306' title='bbox 1666 1541 1713 1572; x_wconf 87' lang='lat' dir='ltr'>vir</span> 
     </span>
     <span class='ocr_line' id='line_1_26' title="bbox 244 1594 1709 1638; baseline 0 -12"><span class='ocrx_word' id='word_1_307' title='bbox 244 1595 377 1637; x_wconf 85' lang='lat' dir='ltr'>quilibet</span> <span class='ocrx_word' id='word_1_308' title='bbox 402 1595 558 1636; x_wconf 84' lang='lat' dir='ltr'>particeps</span> <span class='ocrx_word' id='word_1_309' title='bbox 573 1606 581 1627; x_wconf 64' lang='grc' dir='ltr'>ι</span> <span class='ocrx_word' id='word_1_310' title='bbox 596 1594 812 1636; x_wconf 63' lang='lat' dir='ltr'>intelligentias</span> <span class='ocrx_word' id='word_1_311' title='bbox 839 1606 910 1625; x_wconf 79' lang='lat' dir='ltr'>vere</span> <span class='ocrx_word' id='word_1_312' title='bbox 935 1595 992 1625; x_wconf 89' lang='lat' dir='ltr'>Dii</span> <span class='ocrx_word' id='word_1_313' title='bbox 1007 1596 1135 1636; x_wconf 87' lang='lat' dir='ltr'>quidem</span> <span class='ocrx_word' id='word_1_314' title='bbox 1153 1606 1273 1632; x_wconf 86' lang='lat' dir='ltr'>omnes,</span> <span class='ocrx_word' id='word_1_315' title='bbox 1296 1596 1438 1627; x_wconf 87' lang='lat' dir='ltr'>homines</span> <span class='ocrx_word' id='word_1_316' title='bbox 1454 1607 1527 1628; x_wconf 88' lang='lat' dir='ltr'>vero</span> <span class='ocrx_word' id='word_1_317' title='bbox 1543 1597 1637 1638; x_wconf 82' lang='lat' dir='ltr'>pauci</span> <span class='ocrx_word' id='word_1_318' title='bbox 1653 1595 1709 1626; x_wconf 84' lang='lat' dir='ltr'>ad-</span> 
     </span>
     <span class='ocr_line' id='line_1_27' title="bbox 245 1648 1707 1694; baseline 0.003 -14"><span class='ocrx_word' id='word_1_319' title='bbox 245 1649 375 1680; x_wconf 87' lang='lat' dir='ltr'>modum</span> <span class='ocrx_word' id='word_1_320' title='bbox 398 1648 567 1690; x_wconf 85' lang='lat' dir='ltr'>participes</span> <span class='ocrx_word' id='word_1_321' title='bbox 591 1653 673 1681; x_wconf 86' lang='lat' dir='ltr'>sunt.</span> <span class='ocrx_word' id='word_1_322' title='bbox 697 1658 768 1689; x_wconf 90' lang='lat' dir='ltr'>quae</span> <span class='ocrx_word' id='word_1_323' title='bbox 783 1658 854 1679; x_wconf 91' lang='lat' dir='ltr'>cum</span> <span class='ocrx_word' id='word_1_324' title='bbox 871 1648 915 1678; x_wconf 86' lang='lat' dir='ltr'>ita</span> <span class='ocrx_word' id='word_1_325' title='bbox 930 1659 961 1679; x_wconf 88' lang='lat' dir='ltr'>se</span> <span class='ocrx_word' id='word_1_326' title='bbox 977 1649 1124 1685; x_wconf 85' lang='lat' dir='ltr'>habeant,</span> <span class='ocrx_word' id='word_1_327' title='bbox 1140 1649 1228 1680; x_wconf 77' lang='lat' dir='ltr'>fateri</span> <span class='ocrx_word' id='word_1_328' title='bbox 1243 1654 1367 1690; x_wconf 82' lang='lat' dir='ltr'>oportet</span> <span class='ocrx_word' id='word_1_329' title='bbox 1389 1660 1456 1682; x_wconf 88' lang='lat' dir='ltr'>esse</span> <span class='ocrx_word' id='word_1_330' title='bbox 1471 1651 1621 1693; x_wconf 85' lang='lat' dir='ltr'>speciem,</span> <span class='ocrx_word' id='word_1_331' title='bbox 1636 1662 1707 1694; x_wconf 82' lang='lat' dir='ltr'>quae</span> 
     </span>
     <span class='ocr_line' id='line_1_28' title="bbox 244 1701 1709 1747; baseline 0.003 -14"><span class='ocrx_word' id='word_1_332' title='bbox 244 1714 367 1745; x_wconf 88' lang='lat' dir='ltr'>semper</span> <span class='ocrx_word' id='word_1_333' title='bbox 391 1702 501 1734; x_wconf 90' lang='lat' dir='ltr'>eadem</span> <span class='ocrx_word' id='word_1_334' title='bbox 518 1703 570 1745; x_wconf 80' lang='lat' dir='ltr'>sit,</span> <span class='ocrx_word' id='word_1_335' title='bbox 585 1702 651 1733; x_wconf 89' lang='lat' dir='ltr'>sine</span> <span class='ocrx_word' id='word_1_336' title='bbox 666 1706 734 1732; x_wconf 87' lang='lat' dir='ltr'>ortu</span> <span class='ocrx_word' id='word_1_337' title='bbox 751 1707 844 1743; x_wconf 87' lang='lat' dir='ltr'>atque</span> <span class='ocrx_word' id='word_1_338' title='bbox 867 1701 993 1732; x_wconf 89' lang='lat' dir='ltr'>interitu</span> <span class='ocrx_word' id='word_1_339' title='bbox 1008 1714 1014 1732; x_wconf 75' lang='grc' dir='ltr'>ε</span> <span class='ocrx_word' id='word_1_340' title='bbox 1035 1702 1110 1744; x_wconf 83' lang='grc'>[52]</span> <span class='ocrx_word' id='word_1_341' title='bbox 1129 1714 1200 1744; x_wconf 88' lang='lat' dir='ltr'>quae</span> <span class='ocrx_word' id='word_1_342' title='bbox 1215 1712 1273 1734; x_wconf 86' lang='lat' dir='ltr'>nec</span> <span class='ocrx_word' id='word_1_343' title='bbox 1288 1703 1321 1734; x_wconf 90' lang='lat' dir='ltr'>in</span> <span class='ocrx_word' id='word_1_344' title='bbox 1337 1714 1370 1735; x_wconf 85' lang='lat' dir='ltr'>se</span> <span class='ocrx_word' id='word_1_345' title='bbox 1385 1704 1520 1745; x_wconf 86' lang='lat' dir='ltr'>accipiat</span> <span class='ocrx_word' id='word_1_346' title='bbox 1541 1705 1709 1747; x_wconf 83' lang='lat' dir='ltr'>quicquam</span> 
     </span>
     <span class='ocr_line' id='line_1_29' title="bbox 243 1756 1710 1801; baseline 0.002 -13"><span class='ocrx_word' id='word_1_347' title='bbox 243 1757 331 1789; x_wconf 83' lang='lat' dir='ltr'>aliud</span> <span class='ocrx_word' id='word_1_348' title='bbox 347 1756 486 1793; x_wconf 86' lang='lat' dir='ltr'>aliunde,</span> <span class='ocrx_word' id='word_1_349' title='bbox 501 1767 559 1788; x_wconf 89' lang='lat' dir='ltr'>nec</span> <span class='ocrx_word' id='word_1_350' title='bbox 575 1756 644 1797; x_wconf 88' lang='lat' dir='ltr'>ipsa</span> <span class='ocrx_word' id='word_1_351' title='bbox 660 1756 809 1797; x_wconf 86' lang='lat' dir='ltr'>procedat</span> <span class='ocrx_word' id='word_1_352' title='bbox 821 1756 861 1787; x_wconf 88' lang='lat' dir='ltr'>ad</span> <span class='ocrx_word' id='word_1_353' title='bbox 878 1756 963 1786; x_wconf 88' lang='lat' dir='ltr'>aliud</span> <span class='ocrx_word' id='word_1_354' title='bbox 977 1756 1145 1799; x_wconf 84' lang='lat' dir='ltr'>quicquam</span> <span class='ocrx_word' id='word_1_355' title='bbox 1162 1767 1170 1794; x_wconf 89' lang='lat'>;</span> <span class='ocrx_word' id='word_1_356' title='bbox 1186 1767 1341 1799; x_wconf 87' lang='lat' dir='ltr'>sensuque</span> <span class='ocrx_word' id='word_1_357' title='bbox 1355 1758 1493 1799; x_wconf 88' lang='lat' dir='ltr'>corporis</span> <span class='ocrx_word' id='word_1_358' title='bbox 1508 1758 1594 1790; x_wconf 86' lang='lat' dir='ltr'>nullo</span> <span class='ocrx_word' id='word_1_359' title='bbox 1611 1760 1710 1801; x_wconf 84' lang='lat' dir='ltr'>perci-</span> 
     </span>
     <span class='ocr_line' id='line_1_30' title="bbox 245 1810 1713 1854; baseline 0.001 -11"><span class='ocrx_word' id='word_1_360' title='bbox 245 1812 370 1854; x_wconf 82' lang='lat' dir='ltr'>piatur:</span> <span class='ocrx_word' id='word_1_361' title='bbox 387 1816 480 1853; x_wconf 91' lang='lat' dir='ltr'>atque</span> <span class='ocrx_word' id='word_1_362' title='bbox 495 1811 556 1842; x_wconf 92' lang='lat' dir='ltr'>hoc</span> <span class='ocrx_word' id='word_1_363' title='bbox 568 1815 626 1848; x_wconf 88' lang='lat' dir='ltr'>est,</span> <span class='ocrx_word' id='word_1_364' title='bbox 641 1811 728 1852; x_wconf 91' lang='lat' dir='ltr'>quod</span> <span class='ocrx_word' id='word_1_365' title='bbox 744 1811 784 1842; x_wconf 84' lang='lat' dir='ltr'>ad</span> <span class='ocrx_word' id='word_1_366' title='bbox 801 1810 896 1841; x_wconf 88' lang='lat' dir='ltr'>solam</span> <span class='ocrx_word' id='word_1_367' title='bbox 912 1810 1150 1852; x_wconf 85' lang='lat' dir='ltr'>intelligentiam</span> <span class='ocrx_word' id='word_1_368' title='bbox 1164 1811 1313 1852; x_wconf 84' lang='lat' dir='ltr'>pertinet,</span> <span class='ocrx_word' id='word_1_369' title='bbox 1328 1811 1460 1854; x_wconf 85' lang='lat' dir='ltr'>ejusque</span> <span class='ocrx_word' id='word_1_370' title='bbox 1469 1812 1653 1845; x_wconf 79' lang='lat' dir='ltr'>intentionis</span> <span class='ocrx_word' id='word_1_371' title='bbox 1663 1819 1713 1845; x_wconf 82' lang='lat' dir='ltr'>est</span> 
     </span>
     <span class='ocr_line' id='line_1_31' title="bbox 246 1865 1708 1909; baseline 0.001 -11"><span class='ocrx_word' id='word_1_372' title='bbox 246 1866 416 1909; x_wconf 87' lang='lat' dir='ltr'>proprium.</span> <span class='ocrx_word' id='word_1_373' title='bbox 440 1866 493 1896; x_wconf 89' lang='lat' dir='ltr'>sed</span> <span class='ocrx_word' id='word_1_374' title='bbox 511 1871 560 1896; x_wconf 89' lang='lat' dir='ltr'>est</span> <span class='ocrx_word' id='word_1_375' title='bbox 574 1865 690 1906; x_wconf 89' lang='lat' dir='ltr'>aliquid</span> <span class='ocrx_word' id='word_1_376' title='bbox 709 1871 779 1906; x_wconf 92' lang='lat' dir='ltr'>post</span> <span class='ocrx_word' id='word_1_377' title='bbox 793 1866 864 1901; x_wconf 90' lang='lat' dir='ltr'>hoc,</span> <span class='ocrx_word' id='word_1_378' title='bbox 880 1865 966 1906; x_wconf 87' lang='lat' dir='ltr'>quod</span> <span class='ocrx_word' id='word_1_379' title='bbox 982 1875 1052 1897; x_wconf 82' lang='lat' dir='ltr'>curn</span> <span class='ocrx_word' id='word_1_380' title='bbox 1069 1865 1139 1908; x_wconf 89' lang='lat' dir='ltr'>ipso</span> <span class='ocrx_word' id='word_1_381' title='bbox 1155 1876 1218 1896; x_wconf 91' lang='lat' dir='ltr'>non</span> <span class='ocrx_word' id='word_1_382' title='bbox 1234 1865 1367 1903; x_wconf 84' lang='lat' dir='ltr'>ratione,</span> <span class='ocrx_word' id='word_1_383' title='bbox 1383 1867 1437 1897; x_wconf 85' lang='lat' dir='ltr'>sed</span> <span class='ocrx_word' id='word_1_384' title='bbox 1455 1867 1582 1898; x_wconf 86' lang='lat' dir='ltr'>nornine</span> <span class='ocrx_word' id='word_1_385' title='bbox 1592 1877 1708 1899; x_wconf 79' lang='lat' dir='ltr'>conve·</span> 
     </span>
     <span class='ocr_line' id='line_1_32' title="bbox 246 1919 1710 1962; baseline 0 -10"><span class='ocrx_word' id='word_1_386' title='bbox 246 1921 306 1961; x_wconf 89' lang='lat' dir='ltr'>nit,</span> <span class='ocrx_word' id='word_1_387' title='bbox 321 1920 453 1962; x_wconf 87' lang='lat' dir='ltr'>ejusque</span> <span class='ocrx_word' id='word_1_388' title='bbox 477 1919 710 1951; x_wconf 82' lang='lat' dir='ltr'>similitudinem</span> <span class='ocrx_word' id='word_1_389' title='bbox 727 1920 818 1960; x_wconf 83' lang='lat' dir='ltr'>gerit,</span> <span class='ocrx_word' id='word_1_390' title='bbox 834 1921 985 1961; x_wconf 86' lang='lat' dir='ltr'>genitum,</span> <span class='ocrx_word' id='word_1_391' title='bbox 1000 1920 1142 1951; x_wconf 82' lang='lat' dir='ltr'>sensibus</span> <span class='ocrx_word' id='word_1_392' title='bbox 1163 1919 1373 1957; x_wconf 80' lang='lat' dir='ltr'>manifestum,</span> <span class='ocrx_word' id='word_1_393' title='bbox 1388 1921 1472 1962; x_wconf 88' lang='lat' dir='ltr'>quod</span> <span class='ocrx_word' id='word_1_394' title='bbox 1489 1920 1584 1952; x_wconf 86' lang='lat' dir='ltr'>fertur</span> <span class='ocrx_word' id='word_1_395' title='bbox 1597 1926 1630 1952; x_wconf 87' lang='lat' dir='ltr'>et</span> <span class='ocrx_word' id='word_1_396' title='bbox 1644 1931 1710 1952; x_wconf 88' lang='lat' dir='ltr'>sus-</span> 
     </span>
     <span class='ocr_line' id='line_1_33' title="bbox 245 1973 1710 2015; baseline -0.001 -8"><span class='ocrx_word' id='word_1_397' title='bbox 245 1980 383 2007; x_wconf 88' lang='lat' dir='ltr'>tentatur</span> <span class='ocrx_word' id='word_1_398' title='bbox 405 1974 445 2005; x_wconf 90' lang='lat' dir='ltr'>ab</span> <span class='ocrx_word' id='word_1_399' title='bbox 460 1974 521 2004; x_wconf 90' lang='lat' dir='ltr'>alio</span> <span class='ocrx_word' id='word_1_400' title='bbox 536 1984 670 2015; x_wconf 86' lang='lat' dir='ltr'>semper,</span> <span class='ocrx_word' id='word_1_401' title='bbox 685 1979 717 2004; x_wconf 89' lang='lat' dir='ltr'>et</span> <span class='ocrx_word' id='word_1_402' title='bbox 732 1974 762 2004; x_wconf 93' lang='lat' dir='ltr'>in</span> <span class='ocrx_word' id='word_1_403' title='bbox 779 1973 884 2015; x_wconf 88' lang='lat' dir='ltr'>aliquo</span> <span class='ocrx_word' id='word_1_404' title='bbox 900 1973 970 2004; x_wconf 93' lang='lat' dir='ltr'>loco</span> <span class='ocrx_word' id='word_1_405' title='bbox 990 1974 1138 2015; x_wconf 86' lang='lat' dir='ltr'>gignitur,</span> <span class='ocrx_word' id='word_1_406' title='bbox 1155 1983 1318 2015; x_wconf 85' lang='lat' dir='ltr'>rursusque</span> <span class='ocrx_word' id='word_1_407' title='bbox 1334 1973 1408 2005; x_wconf 91' lang='lat' dir='ltr'>inde</span> <span class='ocrx_word' id='word_1_408' title='bbox 1423 1974 1546 2014; x_wconf 87' lang='lat' dir='ltr'>recidit,</span> <span class='ocrx_word' id='word_1_409' title='bbox 1559 1973 1710 2015; x_wconf 86' lang='lat' dir='ltr'>opinione</span> 
     </span>
     <span class='ocr_line' id='line_1_34' title="bbox 245 2028 1708 2071; baseline 0 -11"><span class='ocrx_word' id='word_1_410' title='bbox 245 2040 300 2071; x_wconf 90' lang='lat' dir='ltr'>per</span> <span class='ocrx_word' id='word_1_411' title='bbox 313 2038 422 2060; x_wconf 85' lang='lat' dir='ltr'>sensus</span> <span class='ocrx_word' id='word_1_412' title='bbox 435 2028 775 2069; x_wconf 87' lang='lat' dir='ltr'>comprehendendum.</span> <span class='ocrx_word' id='word_1_413' title='bbox 792 2028 914 2059; x_wconf 87' lang='lat' dir='ltr'>tertium</span> <span class='ocrx_word' id='word_1_414' title='bbox 930 2039 1028 2070; x_wconf 82' lang='lat' dir='ltr'>genus</span> <span class='ocrx_word' id='word_1_415' title='bbox 1044 2028 1132 2060; x_wconf 89' lang='lat' dir='ltr'>locus</span> <span class='ocrx_word' id='word_1_416' title='bbox 1145 2033 1206 2066; x_wconf 87' lang='lat' dir='ltr'>est,</span> <span class='ocrx_word' id='word_1_417' title='bbox 1215 2028 1383 2070; x_wconf 87' lang='lat' dir='ltr'>quiinterit</span> <span class='ocrx_word' id='word_1_418' title='bbox 1396 2028 1523 2070; x_wconf 86' lang='lat' dir='ltr'>quidem</span> <span class='ocrx_word' id='word_1_419' title='bbox 1536 2039 1708 2071; x_wconf 81' lang='lat' dir='ltr'>nunquam,</span> 
     </span>
     <span class='ocr_line' id='line_1_35' title="bbox 245 2082 1709 2124; baseline 0.001 -11"><span class='ocrx_word' id='word_1_420' title='bbox 245 2083 300 2114; x_wconf 86' lang='lat' dir='ltr'>sed</span> <span class='ocrx_word' id='word_1_421' title='bbox 316 2083 471 2119; x_wconf 84' lang='lat' dir='ltr'>omnibus,</span> <span class='ocrx_word' id='word_1_422' title='bbox 485 2093 555 2124; x_wconf 90' lang='lat' dir='ltr'>quae</span> <span class='ocrx_word' id='word_1_423' title='bbox 571 2082 750 2123; x_wconf 83' lang='lat' dir='ltr'>gignuntur,</span> <span class='ocrx_word' id='word_1_424' title='bbox 766 2083 870 2113; x_wconf 86' lang='lat' dir='ltr'>sedem</span> <span class='ocrx_word' id='word_1_425' title='bbox 886 2082 1023 2114; x_wconf 79' lang='lat' dir='ltr'>exhibet.</span> <span class='ocrx_word' id='word_1_426' title='bbox 1039 2083 1089 2114; x_wconf 90' lang='lat' dir='ltr'>hic</span> <span class='ocrx_word' id='word_1_427' title='bbox 1105 2083 1172 2114; x_wconf 83' lang='lat' dir='ltr'>sine</span> <span class='ocrx_word' id='word_1_428' title='bbox 1187 2082 1344 2124; x_wconf 85' lang='lat' dir='ltr'>tangentis</span> <span class='ocrx_word' id='word_1_429' title='bbox 1358 2093 1449 2114; x_wconf 89' lang='lat' dir='ltr'>sensu</span> <span class='ocrx_word' id='word_1_430' title='bbox 1463 2083 1709 2124; x_wconf 83' lang='lat' dir='ltr'>tangitur,adul-</span> 
     </span>
     <span class='ocr_line' id='line_1_36' title="bbox 246 2135 1707 2178; baseline 0 -11"><span class='ocrx_word' id='word_1_431' title='bbox 246 2136 346 2168; x_wconf 87' lang='lat' dir='ltr'>terina</span> <span class='ocrx_word' id='word_1_432' title='bbox 358 2137 492 2177; x_wconf 87' lang='lat' dir='ltr'>quadam</span> <span class='ocrx_word' id='word_1_433' title='bbox 510 2135 628 2167; x_wconf 87' lang='lat' dir='ltr'>ratione</span> <span class='ocrx_word' id='word_1_434' title='bbox 645 2136 692 2166; x_wconf 88' lang='lat' dir='ltr'>vix</span> <span class='ocrx_word' id='word_1_435' title='bbox 710 2135 886 2176; x_wconf 82' lang='lat' dir='ltr'>opinabilis.</span> <span class='ocrx_word' id='word_1_436' title='bbox 902 2136 1040 2178; x_wconf 87' lang='lat' dir='ltr'>denique</span> <span class='ocrx_word' id='word_1_437' title='bbox 1057 2147 1127 2167; x_wconf 90' lang='lat' dir='ltr'>cum</span> <span class='ocrx_word' id='word_1_438' title='bbox 1144 2137 1182 2167; x_wconf 86' lang='lat' dir='ltr'>ad</span> <span class='ocrx_word' id='word_1_439' title='bbox 1200 2137 1283 2168; x_wconf 88' lang='lat' dir='ltr'>hunc</span> <span class='ocrx_word' id='word_1_440' title='bbox 1299 2136 1403 2168; x_wconf 90' lang='lat' dir='ltr'>animo</span> <span class='ocrx_word' id='word_1_441' title='bbox 1416 2136 1607 2178; x_wconf 82' lang='lat' dir='ltr'>respicimus.</span> <span class='ocrx_word' id='word_1_442' title='bbox 1624 2147 1707 2168; x_wconf 89' lang='lat' dir='ltr'>som-</span> 
     </span>
     <span class='ocr_line' id='line_1_37' title="bbox 247 2190 1709 2232; baseline 0 -10"><span class='ocrx_word' id='word_1_443' title='bbox 247 2190 368 2222; x_wconf 87' lang='lat' dir='ltr'>niamus</span> <span class='ocrx_word' id='word_1_444' title='bbox 393 2190 637 2232; x_wconf 86' lang='lat' dir='ltr'>quodammodo,</span> <span class='ocrx_word' id='word_1_445' title='bbox 654 2190 922 2232; x_wconf 79' lang='lat' dir='ltr'>necessariumque</span> <span class='ocrx_word' id='word_1_446' title='bbox 944 2196 1100 2231; x_wconf 90' lang='lat' dir='ltr'>putamus,</span> <span class='ocrx_word' id='word_1_447' title='bbox 1115 2196 1163 2231; x_wconf 86' lang='lat' dir='ltr'>ut,</span> <span class='ocrx_word' id='word_1_448' title='bbox 1178 2190 1328 2232; x_wconf 83' lang='lat' dir='ltr'>quicquid</span> <span class='ocrx_word' id='word_1_449' title='bbox 1343 2197 1403 2230; x_wconf 83' lang='lat' dir='ltr'>est,</span> <span class='ocrx_word' id='word_1_450' title='bbox 1416 2190 1449 2220; x_wconf 89' lang='lat' dir='ltr'>in</span> <span class='ocrx_word' id='word_1_451' title='bbox 1465 2190 1570 2232; x_wconf 85' lang='lat' dir='ltr'>aliquo</span> <span class='ocrx_word' id='word_1_452' title='bbox 1584 2190 1625 2222; x_wconf 88' lang='lat' dir='ltr'>sit</span> <span class='ocrx_word' id='word_1_453' title='bbox 1639 2191 1709 2223; x_wconf 88' lang='lat' dir='ltr'>loco</span> 
     </span>
     <span class='ocr_line' id='line_1_38' title="bbox 247 2244 1709 2287; baseline -0.001 -10"><span class='ocrx_word' id='word_1_454' title='bbox 247 2245 383 2287; x_wconf 87' lang='lat' dir='ltr'>positum</span> <span class='ocrx_word' id='word_1_455' title='bbox 404 2244 624 2286; x_wconf 85' lang='lat' dir='ltr'>regionemque</span> <span class='ocrx_word' id='word_1_456' title='bbox 638 2245 780 2275; x_wconf 84' lang='lat' dir='ltr'>obtineat</span> <span class='ocrx_word' id='word_1_457' title='bbox 794 2244 928 2285; x_wconf 88' lang='lat' dir='ltr'>aliquam</span> <span class='ocrx_word' id='word_1_458' title='bbox 942 2255 950 2282; x_wconf 76' lang='lat'><em>3</em></span> <span class='ocrx_word' id='word_1_459' title='bbox 966 2250 999 2275; x_wconf 89' lang='lat' dir='ltr'>et</span> <span class='ocrx_word' id='word_1_460' title='bbox 1018 2245 1101 2286; x_wconf 91' lang='lat' dir='ltr'>quod</span> <span class='ocrx_word' id='word_1_461' title='bbox 1130 2254 1232 2286; x_wconf 81' lang='lat' dir='ltr'>neque</span> <span class='ocrx_word' id='word_1_462' title='bbox 1248 2245 1279 2274; x_wconf 89' lang='lat' dir='ltr'>iu</span> <span class='ocrx_word' id='word_1_463' title='bbox 1297 2250 1374 2275; x_wconf 86' lang='lat' dir='ltr'>terra</span> <span class='ocrx_word' id='word_1_464' title='bbox 1399 2254 1501 2286; x_wconf 87' lang='lat' dir='ltr'>neque</span> <span class='ocrx_word' id='word_1_465' title='bbox 1516 2244 1547 2275; x_wconf 89' lang='lat' dir='ltr'>in</span> <span class='ocrx_word' id='word_1_466' title='bbox 1563 2244 1641 2276; x_wconf 86' lang='lat' dir='ltr'>coelo</span> <span class='ocrx_word' id='word_1_467' title='bbox 1657 2244 1709 2281; x_wconf 84' lang='lat' dir='ltr'>sit.</span> 
     </span>
     <span class='ocr_line' id='line_1_39' title="bbox 248 2297 1708 2340; baseline 0 -10"><span class='ocrx_word' id='word_1_468' title='bbox 248 2299 377 2331; x_wconf 89' lang='lat' dir='ltr'>minime</span> <span class='ocrx_word' id='word_1_469' title='bbox 398 2309 466 2330; x_wconf 88' lang='lat' dir='ltr'>esse</span> <span class='ocrx_word' id='word_1_470' title='bbox 489 2298 666 2330; x_wconf 88' lang='lat' dir='ltr'>credimus:</span> <span class='ocrx_word' id='word_1_471' title='bbox 685 2304 777 2340; x_wconf 88' lang='lat' dir='ltr'>atque</span> <span class='ocrx_word' id='word_1_472' title='bbox 794 2299 848 2329; x_wconf 77' lang='lat' dir='ltr'>lias</span> <span class='ocrx_word' id='word_1_473' title='bbox 869 2309 977 2329; x_wconf 86' lang='lat' dir='ltr'>omnes</span> <span class='ocrx_word' id='word_1_474' title='bbox 1000 2304 1032 2330; x_wconf 86' lang='lat' dir='ltr'>et</span> <span class='ocrx_word' id='word_1_475' title='bbox 1053 2298 1169 2329; x_wconf 84' lang='lat' dir='ltr'>similes</span> <span class='ocrx_word' id='word_1_476' title='bbox 1193 2299 1353 2340; x_wconf 84' lang='lat' dir='ltr'>passiones</span> <span class='ocrx_word' id='word_1_477' title='bbox 1368 2308 1387 2329; x_wconf 84' lang='lat' dir='ltr'>a</span> <span class='ocrx_word' id='word_1_478' title='bbox 1411 2297 1550 2340; x_wconf 85' lang='lat' dir='ltr'>pervigili</span> <span class='ocrx_word' id='word_1_479' title='bbox 1574 2309 1708 2340; x_wconf 79' lang='lat' dir='ltr'>vereque</span> 
     </span>
     <span class='ocr_line' id='line_1_40' title="bbox 246 2351 1708 2395; baseline 0.001 -11"><span class='ocrx_word' id='word_1_480' title='bbox 246 2354 420 2385; x_wconf 82' lang='lat' dir='ltr'>exsistente</span> <span class='ocrx_word' id='word_1_481' title='bbox 435 2358 556 2388; x_wconf 86' lang='lat' dir='ltr'>natura,</span> <span class='ocrx_word' id='word_1_482' title='bbox 570 2353 631 2394; x_wconf 82' lang='lat' dir='ltr'>ipsi</span> <span class='ocrx_word' id='word_1_483' title='bbox 645 2351 822 2392; x_wconf 85' lang='lat' dir='ltr'>hujusmodi</span> <span class='ocrx_word' id='word_1_484' title='bbox 840 2353 966 2384; x_wconf 88' lang='lat' dir='ltr'>somniis</span> <span class='ocrx_word' id='word_1_485' title='bbox 982 2353 1139 2394; x_wconf 86' lang='lat' dir='ltr'>occupati,</span> <span class='ocrx_word' id='word_1_486' title='bbox 1157 2363 1314 2385; x_wconf 84' lang='lat' dir='ltr'>secernere</span> <span class='ocrx_word' id='word_1_487' title='bbox 1330 2363 1394 2383; x_wconf 89' lang='lat' dir='ltr'>non</span> <span class='ocrx_word' id='word_1_488' title='bbox 1410 2353 1558 2384; x_wconf 81' lang='lat' dir='ltr'>valemus.</span> <span class='ocrx_word' id='word_1_489' title='bbox 1572 2352 1708 2395; x_wconf 82' lang='lat' dir='ltr'>ideoque</span> 
     </span>
     <span class='ocr_line' id='line_1_41' title="bbox 246 2407 1708 2448; baseline -0.001 -9"><span class='ocrx_word' id='word_1_490' title='bbox 246 2418 307 2440; x_wconf 86' lang='lat' dir='ltr'>nec</span> <span class='ocrx_word' id='word_1_491' title='bbox 324 2408 498 2440; x_wconf 79' lang='lat' dir='ltr'>discernere</span> <span class='ocrx_word' id='word_1_492' title='bbox 513 2408 544 2439; x_wconf 87' lang='lat' dir='ltr'>id</span> <span class='ocrx_word' id='word_1_493' title='bbox 560 2407 652 2438; x_wconf 85' lang='lat' dir='ltr'>etiam</span> <span class='ocrx_word' id='word_1_494' title='bbox 668 2417 840 2448; x_wconf 81' lang='lat' dir='ltr'>possumus,</span> <span class='ocrx_word' id='word_1_495' title='bbox 853 2408 937 2448; x_wconf 83' lang='lat' dir='ltr'>quod</span> <span class='ocrx_word' id='word_1_496' title='bbox 950 2407 1077 2448; x_wconf 86' lang='lat' dir='ltr'>imagini</span> <span class='ocrx_word' id='word_1_497' title='bbox 1091 2407 1229 2448; x_wconf 86' lang='lat' dir='ltr'>quidem,</span> <span class='ocrx_word' id='word_1_498' title='bbox 1244 2413 1407 2448; x_wconf 82' lang='lat' dir='ltr'>postquam</span> <span class='ocrx_word' id='word_1_499' title='bbox 1422 2407 1455 2438; x_wconf 90' lang='lat' dir='ltr'>id</span> <span class='ocrx_word' id='word_1_500' title='bbox 1473 2408 1586 2448; x_wconf 79' lang='lat' dir='ltr'>ipsun),</span> <span class='ocrx_word' id='word_1_501' title='bbox 1600 2407 1634 2438; x_wconf 84' lang='lat' dir='ltr'>iu</span> <span class='ocrx_word' id='word_1_502' title='bbox 1645 2417 1708 2448; x_wconf 90' lang='lat' dir='ltr'>quo</span> 
     </span>
     <span class='ocr_line' id='line_1_42' title="bbox 249 2461 1710 2503; baseline -0.001 -10"><span class='ocrx_word' id='word_1_503' title='bbox 249 2462 332 2493; x_wconf 81' lang='lat' dir='ltr'>sacta</span> <span class='ocrx_word' id='word_1_504' title='bbox 348 2467 406 2498; x_wconf 89' lang='lat' dir='ltr'>est,</span> <span class='ocrx_word' id='word_1_505' title='bbox 421 2472 484 2492; x_wconf 91' lang='lat' dir='ltr'>non</span> <span class='ocrx_word' id='word_1_506' title='bbox 499 2461 598 2502; x_wconf 87' lang='lat' dir='ltr'>ipsius</span> <span class='ocrx_word' id='word_1_507' title='bbox 612 2467 671 2497; x_wconf 87' lang='lat' dir='ltr'>est,</span> <span class='ocrx_word' id='word_1_508' title='bbox 687 2461 741 2492; x_wconf 88' lang='lat' dir='ltr'>sed</span> <span class='ocrx_word' id='word_1_509' title='bbox 757 2471 794 2492; x_wconf 85' lang='lat' dir='ltr'>ea</span> <span class='ocrx_word' id='word_1_510' title='bbox 808 2471 929 2502; x_wconf 81' lang='lat' dir='ltr'>semper</span> <span class='ocrx_word' id='word_1_511' title='bbox 951 2462 1077 2493; x_wconf 75' lang='lat' dir='ltr'>alterius</span> <span class='ocrx_word' id='word_1_512' title='bbox 1092 2462 1187 2493; x_wconf 88' lang='lat' dir='ltr'>fertur</span> <span class='ocrx_word' id='word_1_513' title='bbox 1202 2462 1411 2503; x_wconf 85' lang='lat' dir='ltr'>simulacrum,</span> <span class='ocrx_word' id='word_1_514' title='bbox 1427 2471 1488 2493; x_wconf 85' lang='lat' dir='ltr'>non</span> <span class='ocrx_word' id='word_1_515' title='bbox 1503 2461 1618 2502; x_wconf 72' lang='lat' dir='ltr'>injurio</span> <span class='ocrx_word' id='word_1_516' title='bbox 1632 2472 1710 2494; x_wconf 85' lang='lat' dir='ltr'>con-</span> 
     </span>
     <span class='ocr_line' id='line_1_43' title="bbox 249 2515 1709 2558; baseline 0.001 -12"><span class='ocrx_word' id='word_1_517' title='bbox 249 2516 346 2552; x_wconf 88' lang='lat' dir='ltr'>venit,</span> <span class='ocrx_word' id='word_1_518' title='bbox 363 2522 398 2546; x_wconf 90' lang='lat' dir='ltr'>ut</span> <span class='ocrx_word' id='word_1_519' title='bbox 420 2516 452 2546; x_wconf 92' lang='lat' dir='ltr'>in</span> <span class='ocrx_word' id='word_1_520' title='bbox 472 2515 533 2546; x_wconf 89' lang='lat' dir='ltr'>alio</span> <span class='ocrx_word' id='word_1_521' title='bbox 556 2516 692 2557; x_wconf 84' lang='lat' dir='ltr'>quodam</span> <span class='ocrx_word' id='word_1_522' title='bbox 709 2515 758 2552; x_wconf 84' lang='lat' dir='ltr'>sit,</span> <span class='ocrx_word' id='word_1_523' title='bbox 775 2521 870 2557; x_wconf 88' lang='lat' dir='ltr'>atque</span> <span class='ocrx_word' id='word_1_524' title='bbox 894 2516 936 2546; x_wconf 91' lang='lat' dir='ltr'>ita</span> <span class='ocrx_word' id='word_1_525' title='bbox 960 2517 1191 2557; x_wconf 79' lang='lat' dir='ltr'>quodammodo</span> <span class='ocrx_word' id='word_1_526' title='bbox 1213 2516 1357 2547; x_wconf 63' lang='lat' dir='ltr'>essentia}</span> <span class='ocrx_word' id='word_1_527' title='bbox 1374 2516 1427 2546; x_wconf 80' lang='lat' dir='ltr'>fiat</span> <span class='ocrx_word' id='word_1_528' title='bbox 1442 2516 1606 2558; x_wconf 79' lang='lat' dir='ltr'>particeps,</span> <span class='ocrx_word' id='word_1_529' title='bbox 1619 2515 1709 2547; x_wconf 78' lang='lat' dir='ltr'>aliter</span> 
     </span>
     <span class='ocr_line' id='line_1_44' title="bbox 248 2569 1707 2611; baseline 0.001 -12"><span class='ocrx_word' id='word_1_530' title='bbox 248 2579 322 2600; x_wconf 84' lang='lat' dir='ltr'>vero</span> <span class='ocrx_word' id='word_1_531' title='bbox 345 2580 413 2600; x_wconf 90' lang='lat' dir='ltr'>esse</span> <span class='ocrx_word' id='word_1_532' title='bbox 437 2569 522 2600; x_wconf 91' lang='lat' dir='ltr'>nullo</span> <span class='ocrx_word' id='word_1_533' title='bbox 548 2570 642 2600; x_wconf 91' lang='lat' dir='ltr'>modo</span> <span class='ocrx_word' id='word_1_534' title='bbox 658 2570 765 2611; x_wconf 89' lang='lat' dir='ltr'>possit.</span> <span class='ocrx_word' id='word_1_535' title='bbox 789 2570 818 2600; x_wconf 91' lang='lat' dir='ltr'>ei</span> <span class='ocrx_word' id='word_1_536' title='bbox 833 2576 952 2610; x_wconf 29' lang='lat' dir='ltr'>auteml</span> <span class='ocrx_word' id='word_1_537' title='bbox 964 2571 1049 2611; x_wconf 88' lang='lat' dir='ltr'>quod</span> <span class='ocrx_word' id='word_1_538' title='bbox 1063 2581 1133 2602; x_wconf 86' lang='lat' dir='ltr'>vere</span> <span class='ocrx_word' id='word_1_539' title='bbox 1159 2575 1216 2607; x_wconf 81' lang='lat' dir='ltr'>est.</span> <span class='ocrx_word' id='word_1_540' title='bbox 1234 2581 1305 2601; x_wconf 85' lang='lat' dir='ltr'>vera</span> <span class='ocrx_word' id='word_1_541' title='bbox 1319 2571 1386 2601; x_wconf 84' lang='lat' dir='ltr'>haec</span> <span class='ocrx_word' id='word_1_542' title='bbox 1402 2575 1434 2601; x_wconf 88' lang='lat' dir='ltr'>et</span> <span class='ocrx_word' id='word_1_543' title='bbox 1450 2569 1605 2611; x_wconf 74' lang='lat' dir='ltr'>exquisita</span> <span class='ocrx_word' id='word_1_544' title='bbox 1628 2570 1707 2601; x_wconf 81' lang='lat' dir='ltr'>ratio</span> 
     </span>
     <span class='ocr_line' id='line_1_45' title="bbox 250 2623 1709 2666; baseline 0.002 -13"><span class='ocrx_word' id='word_1_545' title='bbox 250 2623 447 2664; x_wconf 82' lang='lat' dir='ltr'>suffragatur,</span> <span class='ocrx_word' id='word_1_546' title='bbox 462 2623 579 2654; x_wconf 83' lang='lat' dir='ltr'>docens</span> <span class='ocrx_word' id='word_1_547' title='bbox 595 2623 692 2665; x_wconf 90' lang='lat' dir='ltr'>quod,</span> <span class='ocrx_word' id='word_1_548' title='bbox 707 2624 781 2654; x_wconf 92' lang='lat' dir='ltr'>dum</span> <span class='ocrx_word' id='word_1_549' title='bbox 803 2634 849 2655; x_wconf 87' lang='lat' dir='ltr'>res</span> <span class='ocrx_word' id='word_1_550' title='bbox 862 2624 906 2654; x_wconf 86' lang='lat' dir='ltr'>ita</span> <span class='ocrx_word' id='word_1_551' title='bbox 921 2635 954 2655; x_wconf 90' lang='lat' dir='ltr'>se</span> <span class='ocrx_word' id='word_1_552' title='bbox 969 2625 1076 2661; x_wconf 84' lang='lat' dir='ltr'>habet,</span> <span class='ocrx_word' id='word_1_553' title='bbox 1092 2630 1128 2655; x_wconf 89' lang='lat' dir='ltr'>ut</span> <span class='ocrx_word' id='word_1_554' title='bbox 1142 2625 1201 2656; x_wconf 89' lang='lat' dir='ltr'>hoc</span> <span class='ocrx_word' id='word_1_555' title='bbox 1217 2625 1345 2666; x_wconf 87' lang='lat' dir='ltr'>quidem</span> <span class='ocrx_word' id='word_1_556' title='bbox 1361 2624 1445 2655; x_wconf 89' lang='lat' dir='ltr'>aliud</span> <span class='ocrx_word' id='word_1_557' title='bbox 1462 2623 1502 2655; x_wconf 84' lang='lat' dir='ltr'>sit</span> <span class='ocrx_word' id='word_1_558' title='bbox 1516 2630 1549 2655; x_wconf 89' lang='lat' dir='ltr'>et</span> <span class='ocrx_word' id='word_1_559' title='bbox 1562 2623 1641 2655; x_wconf 88' lang='lat' dir='ltr'>illud</span> <span class='ocrx_word' id='word_1_560' title='bbox 1652 2623 1709 2656; x_wconf 70' lang='lat' dir='ltr'>ali·</span> 
     </span>
     <span class='ocr_line' id='line_1_46' title="bbox 250 2677 1706 2719; baseline 0.001 -12"><span class='ocrx_word' id='word_1_561' title='bbox 250 2677 306 2713; x_wconf 90' lang='lat' dir='ltr'>ud,</span> <span class='ocrx_word' id='word_1_562' title='bbox 322 2681 464 2707; x_wconf 89' lang='lat' dir='ltr'>neutrum</span> <span class='ocrx_word' id='word_1_563' title='bbox 481 2677 512 2707; x_wconf 87' lang='lat' dir='ltr'>in</span> <span class='ocrx_word' id='word_1_564' title='bbox 526 2682 635 2708; x_wconf 90' lang='lat' dir='ltr'>neutro</span> <span class='ocrx_word' id='word_1_565' title='bbox 651 2688 786 2719; x_wconf 88' lang='lat' dir='ltr'>unquam</span> <span class='ocrx_word' id='word_1_566' title='bbox 804 2678 919 2710; x_wconf 76' lang='lat' dir='ltr'>factum</span> <span class='ocrx_word' id='word_1_567' title='bbox 933 2689 1029 2710; x_wconf 89' lang='lat' dir='ltr'>unum</span> <span class='ocrx_word' id='word_1_568' title='bbox 1045 2679 1135 2710; x_wconf 83' lang='lat' dir='ltr'>simul</span> <span class='ocrx_word' id='word_1_569' title='bbox 1150 2680 1234 2710; x_wconf 88' lang='lat' dir='ltr'>idem</span> <span class='ocrx_word' id='word_1_570' title='bbox 1250 2684 1283 2710; x_wconf 90' lang='lat' dir='ltr'>et</span> <span class='ocrx_word' id='word_1_571' title='bbox 1296 2679 1358 2710; x_wconf 90' lang='lat' dir='ltr'>duo</span> <span class='ocrx_word' id='word_1_572' title='bbox 1373 2678 1460 2709; x_wconf 81' lang='lat' dir='ltr'>fient.</span> <span class='ocrx_word' id='word_1_573' title='bbox 1499 2679 1565 2710; x_wconf 84' lang='lat' dir='ltr'>haec</span> <span class='ocrx_word' id='word_1_574' title='bbox 1581 2679 1706 2710; x_wconf 79' lang='lat' dir='ltr'>taudem</span> 
     </span>
     <span class='ocr_line' id='line_1_47' title="bbox 250 2731 1708 2774; baseline 0.001 -13"><span class='ocrx_word' id='word_1_575' title='bbox 250 2741 329 2762; x_wconf 73' lang='lat' dir='ltr'>meze</span> <span class='ocrx_word' id='word_1_576' title='bbox 352 2731 462 2762; x_wconf 88' lang='lat' dir='ltr'>mentis</span> <span class='ocrx_word' id='word_1_577' title='bbox 477 2732 651 2763; x_wconf 85' lang='lat' dir='ltr'>summatim</span> <span class='ocrx_word' id='word_1_578' title='bbox 667 2732 823 2764; x_wconf 85' lang='lat' dir='ltr'>sententia</span> <span class='ocrx_word' id='word_1_579' title='bbox 847 2733 898 2769; x_wconf 88' lang='lat' dir='ltr'>sit,</span> <span class='ocrx_word' id='word_1_580' title='bbox 913 2744 979 2765; x_wconf 89' lang='lat' dir='ltr'>esse</span> <span class='ocrx_word' id='word_1_581' title='bbox 995 2739 1027 2765; x_wconf 85' lang='lat' dir='ltr'>et</span> <span class='ocrx_word' id='word_1_582' title='bbox 1041 2739 1114 2765; x_wconf 80' lang='lat' dir='ltr'>ante</span> <span class='ocrx_word' id='word_1_583' title='bbox 1130 2734 1200 2765; x_wconf 87' lang='lat' dir='ltr'>coeli</span> <span class='ocrx_word' id='word_1_584' title='bbox 1216 2740 1315 2765; x_wconf 86' lang='lat' dir='ltr'>ortum</span> <span class='ocrx_word' id='word_1_585' title='bbox 1338 2733 1456 2764; x_wconf 82' lang='lat' dir='ltr'>ratione</span> <span class='ocrx_word' id='word_1_586' title='bbox 1481 2732 1598 2774; x_wconf 83' lang='lat' dir='ltr'>triplici</span> <span class='ocrx_word' id='word_1_587' title='bbox 1613 2732 1708 2764; x_wconf 81' lang='lat' dir='ltr'>fuisse</span> 
     </span>
     <span class='ocr_line' id='line_1_48' title="bbox 250 2784 1710 2830; baseline 0.001 -15"><span class='ocrx_word' id='word_1_588' title='bbox 250 2785 308 2816; x_wconf 87' lang='lat' dir='ltr'>tria</span> <span class='ocrx_word' id='word_1_589' title='bbox 330 2785 409 2821; x_wconf 83' lang='lat' dir='ltr'>haec,</span> <span class='ocrx_word' id='word_1_590' title='bbox 424 2784 587 2822; x_wconf 82' lang='lat' dir='ltr'>exsistens,</span> <span class='ocrx_word' id='word_1_591' title='bbox 601 2786 703 2818; x_wconf 89' lang='lat' dir='ltr'>locum</span> <span class='ocrx_word' id='word_1_592' title='bbox 718 2793 751 2818; x_wconf 90' lang='lat' dir='ltr'>et</span> <span class='ocrx_word' id='word_1_593' title='bbox 766 2788 1008 2829; x_wconf 83' lang='lat' dir='ltr'>generationem.</span> <span class='ocrx_word' id='word_1_594' title='bbox 1047 2788 1256 2830; x_wconf 83' lang='lat' dir='ltr'>generationis</span> <span class='ocrx_word' id='word_1_595' title='bbox 1268 2798 1339 2818; x_wconf 83' lang='lat' dir='ltr'>vero</span> <span class='ocrx_word' id='word_1_596' title='bbox 1355 2787 1520 2827; x_wconf 88' lang='lat' dir='ltr'>nutricem,</span> <span class='ocrx_word' id='word_1_597' title='bbox 1530 2786 1659 2828; x_wconf 78' lang='lat' dir='ltr'>ignitam</span> <span class='ocrx_word' id='word_1_598' title='bbox 1676 2792 1710 2817; x_wconf 89' lang='lat' dir='ltr'>et</span> 
     </span>
     <span class='ocr_line' id='line_1_49' title="bbox 250 2839 1707 2884; baseline 0.002 -15"><span class='ocrx_word' id='word_1_599' title='bbox 250 2839 468 2876; x_wconf 80' lang='lat' dir='ltr'>humefactam,</span> <span class='ocrx_word' id='word_1_600' title='bbox 491 2845 577 2871; x_wconf 82' lang='lat' dir='ltr'>terrae</span> <span class='ocrx_word' id='word_1_601' title='bbox 591 2840 664 2871; x_wconf 89' lang='lat' dir='ltr'>item</span> <span class='ocrx_word' id='word_1_602' title='bbox 680 2846 711 2872; x_wconf 83' lang='lat' dir='ltr'>ct</span> <span class='ocrx_word' id='word_1_603' title='bbox 726 2842 804 2872; x_wconf 72' lang='lat' dir='ltr'>aeris</span> <span class='ocrx_word' id='word_1_604' title='bbox 818 2842 932 2873; x_wconf 76' lang='lat' dir='ltr'>formas</span> <span class='ocrx_word' id='word_1_605' title='bbox 956 2842 1189 2884; x_wconf 85' lang='lat' dir='ltr'>suscipientem,</span> <span class='ocrx_word' id='word_1_606' title='bbox 1205 2841 1426 2884; x_wconf 79' lang='lat' dir='ltr'>passionesque</span> <span class='ocrx_word' id='word_1_607' title='bbox 1442 2841 1550 2871; x_wconf 87' lang='lat' dir='ltr'>horum</span> <span class='ocrx_word' id='word_1_608' title='bbox 1569 2840 1707 2882; x_wconf 85' lang='lat' dir='ltr'>pedisse—</span> 
     </span>
     <span class='ocr_line' id='line_1_50' title="bbox 249 2894 1705 2938; baseline 0.001 -14"><span class='ocrx_word' id='word_1_609' title='bbox 249 2902 327 2933; x_wconf 84' lang='lat' dir='ltr'>quas</span> <span class='ocrx_word' id='word_1_610' title='bbox 344 2894 581 2935; x_wconf 77' lang='lat' dir='ltr'>perpetientem,</span> <span class='ocrx_word' id='word_1_611' title='bbox 595 2895 807 2928; x_wconf 87' lang='lat' dir='ltr'>omniformem</span> <span class='ocrx_word' id='word_1_612' title='bbox 824 2902 951 2938; x_wconf 79' lang='lat' dir='ltr'>aspectu</span> <span class='ocrx_word' id='word_1_613' title='bbox 968 2897 1063 2929; x_wconf 85' lang='lat' dir='ltr'>videri</span> <span class='ocrx_word' id='word_1_614' title='bbox 1080 2909 1086 2926; x_wconf 90' lang='lat'>:</span> <span class='ocrx_word' id='word_1_615' title='bbox 1105 2908 1208 2929; x_wconf 78' lang='lat' dir='ltr'>verum</span> <span class='ocrx_word' id='word_1_616' title='bbox 1224 2896 1297 2938; x_wconf 84' lang='lat' dir='ltr'>quia</span> <span class='ocrx_word' id='word_1_617' title='bbox 1312 2907 1370 2928; x_wconf 87' lang='lat' dir='ltr'>nec</span> <span class='ocrx_word' id='word_1_618' title='bbox 1385 2895 1535 2927; x_wconf 85' lang='lat' dir='ltr'>similibus</span> <span class='ocrx_word' id='word_1_619' title='bbox 1550 2906 1651 2936; x_wconf 78' lang='lat' dir='ltr'>neque</span> <span class='ocrx_word' id='word_1_620' title='bbox 1665 2895 1705 2925; x_wconf 84' lang='lat' dir='ltr'>ad</span> 
     </span>
    </p>
   </div>
  </div>
 </body>
</html>
