1840 3225
230 289 306 326 140
836 281 1103 320 PLATONIS
1277 299 1282 302 -
1592 280 1689 332 [433

227 391 312 421 istud
341 390 421 420 haud
449 390 541 430 longe
569 397 625 418 nos
656 386 867 428 effugiturum.
913 385 1026 416 Gmu.
1052 385 1182 415 faustus
1213 389 1294 415 certe
1325 384 1465 415 nuntius.
1509 383 1562 414 So.
1585 382 1688 419 Quam

232 444 340 475 molles
355 444 545 484 hebetesque
568 451 716 482 sumus,0
735 440 869 471 Glauco,
916 438 1029 471 Guu.
1055 439 1140 476 Quid
1164 439 1269 469 istud?
1315 438 1371 469 So.‘
1393 437 1588 478 jampridem
1603 437 1695 467 nobis

231 498 271 528 ab
287 498 355 538 ipso
374 496 545 538 principio,
564 497 607 526 vir
622 496 727 531 beate,
743 494 828 536 quod
845 493 1022 535 quaerimus,
1039 493 1077 523 ad
1103 493 1199 534 pedes
1222 491 1398 528 revolvitur,
1413 501 1515 532 neque
1530 490 1632 531 ipsum
1646 490 1695 520 in-

232 550 390 593 speximus
408 563 414 581 :
441 551 552 581 sedita
566 550 688 581 ridendi
703 549 817 580 fuimus
831 553 867 578 ut
881 547 939 584 illi,
955 547 1010 588 qui
1027 557 1122 588 saepe,
1134 546 1219 588 quod
1235 546 1266 576 in
1278 545 1420 576 manibus
1430 546 1558 582 habent,
1570 544 1694 586 perqui-

232 609 316 635 runt.
339 615 396 635 nos
420 614 545 645 quoque
573 604 666 644 longe
696 603 890 644 petebamus,
916 602 1002 643 quod
1035 611 1133 642 prope
1160 610 1217 631 nos
1241 605 1318 637 erat,
1344 600 1393 630 vel
1419 598 1498 630 forte
1523 608 1581 629 nou
1595 598 1697 629 latuit.

236 658 350 690 GLAu.
373 658 541 695 Quomodo
558 659 641 689 istud
656 658 722 688 ais?
738 670 741 671 ⁷
767 657 823 688 So.
846 657 907 687 Ita.
931 660 1045 697 ne'mpe
1067 655 1208 686 videmur
1226 654 1300 685 mihi
1322 654 1462 685 dicentes
1474 653 1561 684 istud
1576 651 1697 693 pridem

234 718 267 744 et
281 712 459 750 audientes,
482 713 723 753 haudquaquam
747 711 1010 746 animadvertisse,
1034 709 1065 739 id
1090 719 1217 751 quoquo
1240 708 1334 739 modo
1350 718 1407 739 nos
1422 707 1538 739 dicere.
1582 705 1697 737 Guu.

236 766 400 800 Prolixum
427 776 501 797 sane
528 765 710 808 prooemium
737 765 844 795 audire
873 764 1023 806 cupienti.
1071 763 1126 795 So.
1148 763 1303 804 Attende,
1329 762 1354 793 si
1381 761 1458 803 quid
1489 761 1572 792 dico.
1596 761 1697 803 [433]

233 821 318 863 quod
336 819 463 862 quidem
478 819 632 861 principio
656 819 770 860 passim
798 819 960 849 statuimus
984 817 1177 853 faciendum,
1205 827 1274 848 cum
1301 816 1461 848 civitatem
1487 814 1699 851 condidimus,

233 876 293 906 lioc
308 879 368 916 est,
384 879 418 904 ut
434 874 575 910 arbitror,
590 873 638 904 vel
656 871 777 914 species
792 873 934 915 quaedam
952 872 1060 913 ipsius,
1073 871 1207 913 justitia.
1231 880 1302 901 nam
1325 870 1458 901 diximus
1473 878 1701 911 saepenumero,

233 929 257 959 si
276 928 455 965 recordaris,
478 937 733 968 unumquemque
757 932 898 967 oportere
923 937 1019 957 unum
1045 926 1164 967 aliquid
1188 935 1329 956 exercere
1351 933 1468 960 eorum,
1491 933 1562 965 quae
1577 922 1701 954 civitati

234 982 427 1021 conducant,
444 982 484 1011 ad
500 982 586 1022 quod
602 980 699 1022 ipsius
716 986 825 1011 natura
841 986 922 1011 esset
944 980 1115 1021 aptissima.
1162 978 1276 1010 GLAu.
1302 977 1446 1008 Diximus
1470 977 1576 1017 procul
1591 976 1703 1007 dubio.

235 1036 293 1067 So.
318 1035 445 1066 Etenim
464 1035 549 1076 quod
567 1045 623 1065 sua
638 1045 728 1075 agere
746 1045 847 1076 neque
865 1044 919 1075 per
942 1034 1043 1064 aliena
1060 1033 1180 1064 curiose
1196 1031 1444 1072 versarijustitia
1458 1035 1517 1067 est,
1533 1035 1566 1061 et
1579 1040 1618 1061 ex
1633 1030 1705 1061 aliis

236 1089 342 1119 multis
358 1088 532 1119 audivimus
549 1093 580 1118 et
606 1098 691 1129 saepe
707 1087 766 1128 ipsi
783 1087 927 1118 diximus.
973 1086 1089 1118 GLAu.
1113 1085 1259 1116 Diximus
1275 1085 1379 1126 plane.
1424 1084 1480 1115 So.
1504 1083 1577 1114 Hoc
1593 1083 1725 1126 utique*

235 1141 369 1178 videtur,
386 1141 498 1180 amice,
521 1151 591 1171 cum
616 1141 651 1170 fit
666 1140 911 1181 quodammodo,
931 1139 1054 1181 justitia
1079 1149 1158 1176 esse,
1182 1149 1237 1170 sua
1253 1139 1373 1170 scilicet
1388 1147 1491 1179 agere.
1535 1137 1604 1169 Scis
1618 1139 1703 1168 unde

235 1195 319 1225 istud
343 1194 537 1236 conjiciam?
583 1193 698 1225 Grau.
722 1194 952 1235 Nequaquam:
978 1194 1032 1224 sed
1056 1193 1154 1225 dicas.
1199 1193 1254 1224 So.
1278 1192 1412 1223 Videtur
1433 1191 1510 1222 mihi
1531 1192 1617 1233 quod
1633 1191 1704 1222 reli·

234 1259 331 1290 quum
347 1249 438 1279 nobis
454 1255 500 1279 est
515 1247 548 1278 in
565 1248 692 1279 civitate
716 1253 826 1290 praeter
841 1248 905 1284 illa,
929 1258 999 1289 quae
1015 1247 1290 1283 consideravimus,
1315 1246 1564 1288 temperantiam,
1578 1245 1699 1276 fortitu-

231 1302 348 1338 dinem,
367 1302 576 1343 prudentiam,
591 1303 652 1333 hoc
666 1312 746 1342 csse,
762 1302 847 1343 quod
865 1302 1008 1332 omnibus
1025 1301 1085 1331 illis
1102 1301 1162 1331 vim
1179 1300 1323 1342 praebuit,
1339 1310 1401 1341 qua
1416 1305 1447 1330 et
1463 1299 1698 1330 innascere-ntur

234 1361 267 1386 et
282 1356 392 1386 innata
414 1361 656 1396 perseverarent,
677 1361 831 1397 quatenus
846 1355 948 1397 ipsum
976 1356 1076 1387 adest.
1099 1355 1185 1396 atqui
1203 1354 1334 1385 diximus
1346 1353 1499 1394 justitiam
1516 1352 1594 1394 fore,
1616 1352 1702 1394 quod

234 1413 375 1446 restaret,
405 1409 430 1440 si
460 1409 518 1440 tria
546 1408 636 1440 nobis
666 1415 825 1450 comperta
855 1415 968 1440 essent.
1015 1409 1129 1440 Gmu.
1153 1407 1370 1439 Necessarium
1399 1407 1432 1437 id
1462 1407 1601 1448 quidem.
1645 1406 1704 1439 So.

235 1463 450 1494 Veruntamen
476 1463 501 1493 si
514 1462 722 1504 judicandum
740 1463 792 1500 sit,
807 1462 882 1504 quid
907 1463 1014 1493 horum
1033 1462 1238 1503 potissimum,
1261 1471 1333 1493 cum
1356 1461 1451 1501 inest,
1467 1461 1580 1490 bonam
1608 1460 1706 1492 efficit

236 1517 406 1554 civitatem,
418 1517 596 1558 ambiguum
609 1518 680 1554 erit,
693 1522 794 1547 utrum
806 1516 970 1548 consensio
982 1515 1202 1558 imperantium
1215 1521 1246 1546 et
1258 1515 1466 1556 subjectorum
1482 1526 1489 1544 z
1506 1524 1546 1544 an
1556 1514 1703 1556 legitimae

237 1571 394 1612 opinionis
409 1571 541 1602 servatio
557 1571 589 1601 in
606 1571 766 1607 militibus,
787 1570 960 1611 judicantis
977 1570 1147 1601 secundnm
1172 1570 1284 1611 legem,
1300 1578 1370 1610 quae
1385 1567 1531 1598 terribilia
1547 1569 1706 1599 censenda

237 1625 301 1656 sint
315 1636 423 1667 quaeve
439 1636 524 1665 non,
541 1626 588 1656 vel
607 1626 637 1656 in
655 1625 848 1666 principibus
864 1624 939 1666 ipsis
956 1623 1122 1665 prudentia
1136 1629 1167 1654 et
1183 1624 1345 1655 custodia:
1365 1633 1403 1653 an
1421 1622 1452 1652 id
1471 1622 1573 1664 potius
1589 1623 1701 1653 bonam

237 1680 336 1720 ipsam
354 1689 416 1721 prae
431 1680 540 1711 ceteris
564 1680 686 1720 reddat,
710 1690 781 1710 cum
806 1680 886 1710 inest
910 1679 1024 1719 pueris,
1049 1678 1239 1718 mulieribus,
1262 1678 1368 1719 servis,
1392 1677 1506 1714 liberis,
1521 1675 1704 1712 artificibus,

237 1733 467 1775 magistratibus
493 1739 525 1764 et
543 1733 680 1774 privatis,
697 1734 781 1775 quod
808 1733 957 1764 videlicet
980 1743 1067 1763 suum
1092 1733 1224 1774 quisque
1240 1742 1320 1763 unus
1342 1741 1438 1762 unum
1454 1730 1563 1772 egerit,
1578 1729 1704 1760 minime

236 1798 292 1828 per
306 1779 409 1818 aliena
425 1792 564 1828 vagatus.
610 1787 724 1818 GLAU.
748 1787 939 1829 Ambiguum
956 1792 1050 1818 certe.
1075 1786 1208 1828 quidni?
1254 1787 1309 1817 So.
1333 1786 1415 1827 Ergo
1428 1785 1636 1826 visipsa,qua
1648 1793 1704 1814 sua

237 1841 370 1883 quisque
386 1842 417 1871 in
434 1841 562 1872 civitate
579 1842 655 1883 agit,
671 1842 710 1872 de
726 1841 824 1882 ipsius
841 1841 975 1873 civitatis
991 1841 1103 1872 virtute
1119 1852 1155 1872 ex
1171 1850 1264 1882 aequo
1282 1849 1353 1871 cum
1370 1838 1523 1880 sapientia
1537 1838 1606 1879 ejus
1621 1843 1699 1868 tem-

237 1896 442 1937 perantiaque
466 1901 498 1926 et
521 1895 705 1926 fortitudine
728 1901 836 1927 certat.
882 1896 996 1928 GLAU.
1022 1896 1136 1928 Valde.
1183 1897 1240 1926 So.
1266 1895 1317 1925 An
1345 1904 1408 1924 non
1432 1893 1527 1933 igitur
1549 1890 1704 1933 justitiam

239 1960 350 1992 pones,
367 1951 452 1991 quod
467 1961 537 1982 cum
565 1949 632 1980 istis
655 1961 693 1981 ex
720 1960 810 1991 aequo
836 1951 876 1981 dc
899 1950 1036 1981 civitatis
1063 1949 1175 1979 virtute
1199 1948 1382 1980 concertat?
1428 1946 1544 1977 GLAu.
1566 1945 1707 1976 Omnino

240 2003 399 2044 equidem.
444 2003 499 2033 So.
523 2002 697 2033 Considera
714 2009 862 2043 praeterea
885 2008 917 2033 et
932 2004 990 2034 hac
1006 2003 1138 2039 ratione,
1164 2002 1307 2043 nunquid
1325 2001 1380 2032 tibi
1396 2001 1439 2032 sic
1455 2001 1607 2031 videatur.
1653 1999 1705 2030 An

239 2057 433 2098 principibus
460 2057 490 2086 in
519 2057 647 2086 civitate
675 2057 850 2093 mandabis,
875 2062 908 2087 ut
930 2057 1015 2098 juste
1041 2057 1211 2088 sententias
1226 2056 1352 2087 ferant?
1397 2054 1513 2086 Graiu.
1529 2053 1601 2097 ⁴Cur
1614 2054 1705 2084 non?

237 2110 294 2141 So.
318 2110 372 2140 An
385 2109 577 2150 judicabunt
601 2110 727 2141 alterius
753 2110 938 2152 cujusquam
963 2111 1046 2141 avidi
1072 2111 1169 2152 magis
1193 2120 1285 2152 quam
1309 2109 1403 2151 hujus
1418 2109 1526 2150 ipsius,
1543 2113 1578 2138 ut
1592 2107 1707 2149 singuli

237 2173 340 2204 neque
356 2169 507 2205 usurpent
523 2164 624 2194 aliena
639 2174 741 2205 neque
756 2163 819 2195 suis
836 2164 994 2205 priventur
1008 2164 1018 2193 ?
1065 2164 1179 2194 Gmo.
1205 2163 1279 2194 Non
1295 2162 1419 2193 alterius
1434 2166 1529 2198 certe,
1545 2161 1599 2192 sed
1613 2161 1705 2192 istius

238 2218 402 2249 duntaxat.
437 2218 492 2250 So.
506 2218 670 2260 Tanquam
685 2219 717 2249 id
730 2218 850 2259 justum
875 2219 924 2248 sit.
948 2217 1062 2250 GLAo.
1086 2218 1223 2259 Nempe.
1247 2217 1304 2248 So.
1319 2216 1359 2246 Et
1371 2217 1429 2247 hac
1445 2225 1570 2258 quoque
1587 2215 1706 2247 ratione

237 2271 393 2308 asseritur,
421 2272 468 2302 sui
494 2272 607 2312 cuique
634 2277 666 2302 et
691 2272 807 2313 proprii
832 2271 1059 2312 possessionem
1085 2271 1182 2312 [4:34]
1210 2270 1427 2310 actionemque
1454 2279 1522 2300 esse
1537 2268 1704 2308 justitiam.

237 2324 353 2356 GLAU.
374 2325 431 2356 Est
461 2325 513 2356 ita.
559 2326 614 2357 So.
637 2325 733 2362 Vide,
759 2326 900 2366 nunquid
928 2331 960 2355 et
986 2325 1043 2355 tibi
1069 2325 1153 2355 idem
1178 2324 1262 2365 quod
1289 2324 1364 2354 mihi
1391 2323 1543 2354 videatur.
1569 2323 1595 2354 si
1619 2323 1706 2354 faber

236 2389 333 2420 opera
347 2379 471 2411 coriarii
485 2379 683 2420 aggrediatur
696 2379 741 2410 vel
760 2379 908 2409 coriarius
924 2379 1013 2414 fabri,
1030 2379 1078 2408 vel
1093 2378 1294 2408 instrumenta
1306 2377 1386 2408 inter
1402 2387 1432 2408 se
1447 2382 1641 2408 commutent
1655 2376 1706 2408 vel

237 2432 364 2473 praemia
378 2445 387 2472 ;
404 2438 459 2464 aut
476 2433 501 2463 si
516 2433 599 2464 idem
615 2437 744 2474 utraque
760 2443 900 2464 exercere
916 2433 1098 2468 contendat,
1115 2431 1282 2473 omniaque
1298 2431 1374 2462 talia
1386 2431 1518 2462 invicem
1528 2435 1706 2472 permuten-

237 2491 308 2518 tur:
332 2487 476 2529 nunquid
492 2488 766 2518 commutationem
792 2487 871 2518 lianc
894 2486 1050 2518 existimas
1073 2496 1184 2527 magna
1200 2487 1334 2527 quadam
1347 2485 1471 2526 jactura
1493 2485 1616 2516 afficere
1630 2484 1706 2515 civi-

236 2541 356 2571 tatem?
401 2541 517 2572 GLAu.
542 2541 636 2572 Haud
654 2547 735 2573 certe
752 2541 895 2572 nimium.
943 2542 997 2572 So.
1023 2541 1177 2578 Quotiens
1194 2546 1297 2571 autem
1315 2538 1427 2580 aliquis
1441 2538 1548 2570 artifex
1565 2538 1612 2569 vel
1625 2537 1706 2569 aliun

237 2598 347 2624 natura
361 2595 578 2636 quaestuarius,
594 2595 717 2626 divitiis
733 2597 833 2627 elatus
845 2596 892 2626 vel
911 2595 1112 2626 multitudine
1128 2595 1282 2636 copiaque
1297 2594 1346 2625 vel
1363 2594 1471 2624 robore
1481 2597 1535 2623 aut
1549 2591 1705 2633 ejusmodi

237 2647 299 2677 alio
323 2648 486 2688 quopiam,
513 2648 545 2678 in
571 2648 711 2680 militaris
738 2650 872 2680 hominis
901 2649 1041 2680 ordinem
1067 2648 1194 2679 transire
1219 2653 1371 2679 conatur:
1396 2646 1444 2677 vel
1465 2645 1650 2687 miles,cum
1666 2645 1706 2675 sit

236 2698 396 2741 indignus,
422 2701 454 2731 in
483 2703 650 2734 consularis
678 2703 786 2734 nititur
813 2708 845 2734 et
869 2703 1008 2734 custodis
1032 2703 1199 2733 ascendere
1221 2701 1404 2743 dignitatem
1424 2711 1431 2729 :
1456 2705 1488 2730 et
1503 2700 1707 2729 instrumenta

235 2753 370 2784 vicissim
397 2754 447 2784 isti
474 2757 663 2797 praemiaque
689 2762 889 2798 permutant:
916 2763 970 2788 aut
993 2757 1074 2787 idem
1099 2756 1211 2797 aliquis
1234 2757 1301 2786 liaec
1324 2754 1429 2785 omnia
1452 2753 1541 2784 simul
1560 2762 1707 2794 peragere

234 2811 358 2838 tentat:
385 2812 458 2839 tunc
483 2809 610 2840 arbitror
633 2811 848 2843 confusionem
876 2811 1192 2853 pervagationumque
1213 2808 1368 2850 ejusmodi
1384 2807 1482 2838 videri
1498 2807 1554 2837 tibi
1570 2805 1707 2838 civitatis

236 2860 334 2891 totius
350 2861 521 2892 interitum.
568 2863 682 2896 GLAU.
708 2865 749 2895 Et
766 2866 895 2896 maxime
911 2865 1050 2906 quidem.
1096 2865 1150 2895 So.
1174 2864 1254 2895 Cum
1272 2872 1344 2903 ergo
1363 2862 1418 2892 tria
1443 2861 1474 2891 in
1499 2860 1625 2891 civitate
1641 2859 1705 2890 sint

234 2924 360 2955 genera,
378 2916 483 2946 horum
502 2923 608 2947 mutua
632 2920 834 2949 commutatio
859 2919 1046 2961 vngatioquc
1073 2929 1126 2960 per
1143 2919 1232 2960 plura
1255 2922 1389 2948 extrema
1405 2919 1451 2945 est
1467 2913 1604 2945 civitatis
1619 2913 1705 2944 cala-

233 2968 323 2999 mitas
348 2974 377 3000 et
401 2971 533 3002 maxima
559 2973 745 3013 corruptela.
793 2974 907 3006 (ἱιΛυ.
933 2973 1074 3005 Peninus.
1122 2974 1176 3004 So.
1201 2969 1420 3011 Corrupit-lam
1451 2978 1523 3000 vcro
1552 2977 1702 2999 summam
