1840 3225
697 519 1051 570 CRITIAS.

339 756 538 795 TIMAEUS,
562 758 758 795 CRITIAS,
781 758 1021 796 SOCRATES,
1045 758 1399 791 HERMOCRATES.

141 951 240 996 [106]
266 953 376 991 Qum
400 959 487 995 grata
509 954 637 995 longum
660 958 733 995 post
752 953 812 984 iter
835 953 962 984 defesso
983 953 1120 996 requies,
1145 953 1332 991 oSocrates,
1358 958 1423 984 tam
1438 951 1516 983 mihi
1531 957 1604 995 post

141 1007 250 1049 longas
260 1007 482 1050 disputationis
494 1008 641 1049 ambages
655 1009 748 1039 dulce
763 1008 932 1039 silentium.
954 1009 1037 1039 hunc
1053 1013 1160 1039 autem
1172 1007 1295 1038 scilicet
1308 1008 1469 1043 mundum,
1485 1018 1519 1038 re
1532 1007 1603 1048 qui-

143 1062 218 1092 dem
232 1062 300 1103 ipsa
307 1062 439 1104 jamdiu,
453 1073 595 1093 sermone
612 1073 685 1093 vero
701 1073 802 1104 nuper
818 1062 926 1093 Deum
940 1063 1100 1098 effectum,
1115 1063 1258 1097 obsecro,
1271 1067 1306 1092 ut
1320 1062 1345 1092 si
1360 1062 1436 1103 quid
1453 1061 1603 1103 decenter

144 1115 266 1147 dictum
281 1122 339 1153 est,
353 1123 456 1147 servet
468 1117 535 1157 ipse
551 1116 640 1147 nobis
656 1123 750 1158 atque
766 1118 943 1148 custodiat:
969 1118 1017 1148 sin
1032 1122 1138 1148 autem
1151 1116 1305 1147 indecens
1320 1116 1488 1157 quicquam
1504 1116 1536 1147 in
1550 1127 1601 1147 su·-

142 1170 315 1210 perioribus
342 1181 406 1201 non
433 1176 544 1212 sponte
569 1172 766 1212 protuliinuS,
781 1172 906 1202 meritas
923 1183 942 1202 a
955 1172 1044 1202 nobis
1056 1171 1160 1212 exigat
1172 1181 1291 1212 poenas.
1314 1170 1422 1201 debita
1434 1181 1508 1202 vero
1522 1171 1603 1212 ejus,

141 1223 196 1265 qui
223 1234 280 1265 pei-
308 1225 515 1266 ignorantiam
544 1226 809 1267 negligentiamve
830 1226 995 1262 aberravit,
1020 1236 1113 1266 poena
1129 1231 1186 1261 est,
1213 1230 1249 1255 ut
1275 1225 1379 1255 sciens
1397 1225 1550 1256 efficiatur
1573 1230 1606 1256 et

142 1279 289 1320 diligens.
311 1280 514 1320 quamobrem
529 1285 564 1310 ut
579 1280 710 1320 posthac
723 1281 840 1311 rectius
856 1280 895 1311 de
910 1281 1051 1311 Deorum
1068 1279 1271 1321 generatione
1285 1279 1457 1320 loquamur,
1471 1279 1605 1310 medici-

139 1342 214 1363 nam
228 1333 317 1364 nobis
332 1343 351 1363 a
364 1333 436 1363 Deo
451 1333 677 1364 medicinarum
691 1334 831 1365 omnium
844 1334 1105 1376 perfectissimam
1120 1333 1415 1374 saluberrimamque
1439 1333 1517 1369 dari,
1541 1333 1602 1364 sci-

139 1387 269 1424 entiam,
292 1393 487 1428 exoptamus.
510 1388 589 1419 actis
617 1388 754 1430 denique
770 1389 851 1420 votis
874 1395 1062 1431 sequentem
1081 1388 1326 1430 disputationem
1339 1387 1459 1423 Critiae,
1473 1395 1508 1419 ut
1522 1388 1604 1419 inter

138 1451 197 1472 nos
223 1447 422 1477 convenerat,
436 1441 506 1483 jam
530 1442 743 1474 concedimus.
788 1443 869 1474 Cm.
892 1444 1026 1485 Accipio
1045 1443 1204 1484 equidem,
1216 1453 1235 1473 0
1247 1442 1391 1473 Timaee:
1417 1447 1449 1472 et
1463 1453 1556 1484 quam
1570 1447 1605 1474 tu

139 1506 233 1537 supra
243 1496 370 1526 veniam
381 1497 501 1537 petisti,
512 1503 662 1538 tanquam
674 1498 714 1528 de
727 1497 820 1528 rebus
829 1498 952 1540 magnis
965 1498 1189 1540 disputaturus,
1202 1496 1336 1528 eandem
1346 1507 1406 1537 ego
1420 1507 1504 1528 nunc
1518 1502 1607 1538 peto.

139 1550 236 1581 immo
251 1561 326 1581 vero
338 1551 485 1593 majorem
499 1561 624 1593 quoque
637 1552 764 1583 veniam
774 1553 805 1583 in
816 1553 874 1589 his,
887 1563 957 1594 quae
973 1558 1101 1588 restant,
1115 1550 1312 1583 tribuendam
1323 1550 1485 1582 existimo:
1504 1551 1603 1596 [107]

140 1615 330 1647 quamquam
358 1605 423 1636 scio
438 1616 599 1646 procacem
615 1607 846 1647 quodammodo
858 1607 1070 1649 rusticamque
1087 1607 1275 1648 petitionem
1289 1606 1370 1636 hanc
1386 1616 1486 1636 meam
1504 1605 1606 1646 videri

140 1669 245 1701 posse.
268 1658 438 1689 dicendum
464 1665 581 1691 tamen.
603 1660 688 1701 quod
703 1661 832 1702 quidem
843 1672 907 1692 non
920 1666 1006 1692 recte
1021 1661 1075 1692 abs
1093 1666 1125 1691 te
1140 1660 1300 1702 superiora
1314 1659 1399 1690 dicta
1414 1659 1487 1695 siut,
1509 1669 1604 1691 nemo

139 1722 224 1744 sanae
239 1713 350 1744 mentis
365 1713 517 1754 objecerit
532 1726 538 1744 z
564 1714 649 1756 quod
664 1721 781 1752 autem,
798 1727 869 1757 quae
883 1721 1003 1747 restant
1017 1715 1165 1750 dicenda,
1180 1718 1289 1756 utpote
1307 1712 1494 1750 difficiliora,
1506 1713 1605 1755 majo·

141 1777 210 1798 rem
225 1767 352 1809 exigant
365 1768 609 1810 indulgentiam,
625 1770 762 1801 conabor
776 1770 955 1801 ostendere.
978 1769 1102 1801 facilius
1116 1768 1202 1800 enim
1214 1773 1272 1804 est,
1283 1772 1319 1798 ut
1334 1767 1385 1808 qui
1397 1768 1437 1798 de
1452 1767 1525 1798 Diis
1540 1767 1605 1799 dis-

141 1822 225 1858 serit,
241 1822 316 1853 satis
330 1822 433 1853 facere
450 1823 628 1855 hominibus
652 1824 806 1860 videatur,
822 1835 918 1865 quam
943 1824 996 1866 qui
1019 1823 1200 1854 mortalium
1220 1821 1335 1852 retexit
1358 1821 1529 1852 historiam.
1544 1821 1604 1853 im-

141 1877 255 1919 peritia
277 1887 413 1918 namque
426 1883 459 1908 et
469 1877 623 1919 ignoratio
634 1878 829 1909 audientium
840 1878 1001 1909 licentiam
1011 1878 1179 1919 plurimam
1194 1876 1233 1906 ad
1250 1885 1299 1913 ea,
1314 1885 1383 1916 quae
1399 1875 1510 1917 ignota
1523 1880 1606 1907 sunt.

141 1931 320 1972 effingenda
343 1937 489 1972 praestare
513 1931 689 1963 dicentibus
704 1933 866 1963 consuevit
880 1944 886 1962 :
911 1932 1067 1974 quomodo
1081 1942 1154 1962 vero
1169 1930 1264 1961 simus
1280 1929 1364 1960 circa
1379 1928 1469 1960 Deos
1484 1929 1604 1967 affecti,

139 1995 204 2016 non
218 1985 406 2026 ignoramus.
432 1991 466 2016 ut
478 1991 584 2016 autem
600 1987 683 2027 quod
698 1987 797 2017 sentio
810 1986 933 2028 planius
945 1987 1034 2017 vobis
1046 1985 1197 2027 aperiam,
1211 1984 1255 2015 sic
1268 1983 1434 2014 attendite.
1455 1993 1604 2024 quaecun6

141 2049 202 2081 que
218 2049 237 2069 a
250 2039 338 2070 nobis
355 2040 510 2075 dicuntur,
524 2046 670 2082 tanquam
685 2041 893 2072 imitationem
905 2040 1065 2082 quandam
1080 2038 1605 2080 similitudinisque*expressionem

140 2093 317 2125 existimare
334 2094 495 2125 debemus.
517 2105 621 2136 neque
636 2106 697 2126 nos
711 2097 820 2132 lateat,
835 2106 904 2137 quae
919 2095 953 2126 in
969 2095 1125 2137 pictorum
1136 2093 1383 2134 configuratione
1395 2091 1478 2124 circa
1497 2092 1607 2135 divina

141 2149 318 2180 humanave
341 2159 472 2190 corpora
493 2149 545 2180 vel
568 2149 703 2180 facilitas
725 2150 766 2180 sit
786 2151 839 2181 vel
860 2150 1027 2181 difficultas
1043 2149 1082 2180 ad
1099 2149 1170 2184 hoc,
1187 2152 1221 2178 ut
1233 2147 1425 2178 sufficienter
1439 2157 1477 2178 ea
1490 2157 1603 2188 reprae-

141 2209 282 2235 sentasse
298 2203 512 2245 spectantibus
526 2203 703 2235 videantur.
725 2204 878 2246 profecto,
901 2215 975 2235 cum
990 2209 1105 2234 terram
1118 2202 1254 2244 pingunt
1268 2207 1301 2232 et
1315 2206 1450 2238 montes,
1462 2196 1608 2238 flumina,

141 2257 234 2288 silvas
257 2257 430 2299 coelumque
454 2268 558 2295 omne,
586 2269 697 2299 quaeve
725 2259 809 2290 circa
832 2259 947 2290 coelum
972 2258 1148 2290 consistunt
1162 2261 1195 2287 et
1210 2266 1279 2298 quae
1292 2261 1457 2297 vagantur,
1469 2255 1605 2296 primum

143 2311 273 2354 quidem
295 2312 368 2343 satis
382 2317 529 2354 putamus
544 2313 706 2353 effectum,
721 2315 748 2344 si
759 2313 829 2355 quis
843 2313 969 2344 illorum
983 2314 1033 2343 vel
1047 2312 1189 2353 exiguam
1205 2310 1363 2352 quandam
1377 2309 1490 2340 referre
1506 2310 1605 2351 possit

144 2365 329 2407 imaginem:
354 2367 483 2403 deinde,
509 2373 618 2408 utpote
646 2368 756 2398 talium
781 2378 907 2409 prorsus
933 2367 1047 2408 ignari,
1072 2376 1177 2407 neque
1204 2365 1418 2395 examinamus
1449 2365 1605 2405 pictorum

143 2430 239 2462 opera
263 2430 367 2461 neque
391 2421 488 2451 etiam
503 2421 729 2463 redarguimus,
746 2421 802 2452 sed
816 2422 946 2453 confusa
960 2422 1096 2462 quadam
1106 2419 1342 2450 adumbratione
1359 2418 1526 2458 fallacique
1544 2417 1604 2449 uti-

145 2484 224 2505 mur.
247 2485 318 2505 cum
332 2484 406 2505 vero
423 2475 491 2516 quis
515 2475 633 2517 fingere
655 2476 837 2518 aggreditur
863 2481 1038 2507 nostrorum
1067 2484 1231 2515 corporum
1255 2472 1503 2508 similitudinem,
1530 2477 1605 2503 tunc

143 2534 272 2571 propter
292 2528 477 2559 familiarem
499 2529 597 2570 ipsam
612 2540 713 2560 rerum
729 2535 902 2561 nostrarum
919 2528 1223 2561 animadversionem
1235 2526 1356 2558 acutius
1364 2531 1466 2557 errata
1477 2522 1605 2567 pei-sen-v

145 2583 248 2620 timus,
264 2583 427 2624 severique
440 2588 473 2614 et
486 2594 571 2614 acres
582 2583 708 2625 judices
724 2589 946 2626 exactoresque
964 2594 1071 2614 sumus
1086 2583 1234 2614 adversus
1246 2591 1329 2617 eum,
1344 2580 1395 2623 qui
1408 2591 1471 2612 non
1483 2581 1608 2624 singula.

144 2637 339 2668 lineamenta
358 2637 540 2680 coloresque
561 2638 759 2680 expresserit.
786 2639 873 2670 idem
897 2649 1021 2680 quoque
1037 2638 1069 2668 in
1086 2635 1281 2668 sermonibus
1293 2635 1408 2666 intueri
1425 2634 1509 2666 licet.
1531 2646 1606 2666 nam

143 2692 220 2723 satis
245 2692 296 2733 agi
323 2698 481 2734 putamus,
508 2693 534 2724 si
561 2693 601 2723 de
628 2692 806 2724 coelestibus
835 2693 1010 2734 divinisque
1032 2692 1123 2723 rebus
1147 2690 1325 2732 quicquam,
1337 2689 1387 2720 vel
1406 2699 1515 2730 parum
1530 2689 1606 2731 quid

145 2746 335 2778 conveniens
361 2747 529 2778 afferatur:
553 2747 697 2778 mortalia
721 2757 794 2778 vero
815 2747 1013 2789 humanaque
1041 2755 1136 2788 opera
1156 2749 1266 2776 exacte
1282 2743 1415 2775 nimium
1430 2744 1605 2775 examinare

146 2799 291 2832 solemus.
314 2801 516 2843 quamobrem
531 2801 557 2832 si
574 2801 674 2832 minus
690 2811 746 2842 pro
761 2800 926 2842 dignitate,
941 2811 1011 2842 quae
1027 2800 1130 2831 statim
1143 2804 1216 2830 sunt.
1229 2798 1376 2834 dicenda,
1394 2798 1605 2833 tractabimus,

144 2853 304 2895 ignoscere
328 2856 433 2887 decet.
454 2866 556 2898 neque
582 2855 668 2886 enim
689 2854 794 2891 facile,
819 2855 914 2887 immo
941 2860 1026 2887 certe
1052 2853 1191 2890 difficile,
1213 2853 1355 2884 mortalia
1369 2851 1410 2882 ad
1424 2850 1605 2892 opinionem

145 2907 319 2940 imitatione
341 2909 412 2951 ipsa
435 2910 566 2953 exprimi
594 2920 687 2952 posse
711 2908 853 2953 putanda
881 2915 965 2942 sunt.
986 2910 1054 2941 haec
1070 2909 1179 2952 itaque
1201 2907 1306 2939 onmia
1328 2905 1403 2942 dixi,
1418 2916 1438 2936 ο
1452 2905 1607 2948 Socrates,
