1840 3225
161 208 253 258 121]
775 203 1007 243 CRITIAS.
1538 211 1615 249 285

155 311 194 342 ad
211 315 320 342 natura
337 311 398 342 illis
413 311 520 342 divina
542 309 760 352 perseveravit,
776 309 896 350 legibus
922 309 1122 346 obediebant,
1139 316 1171 342 et
1187 321 1261 354 erga
1276 313 1414 345 divinum
1432 325 1529 356 genus
1541 316 1618 357 ipsis

117 363 124 370 '
153 370 322 406 cognatum
336 364 471 406 benigne
488 364 593 396 affecti
609 368 706 394 erant.
727 363 903 404 magnificae
931 373 1065 404 namque
1081 364 1204 396 illorum
1222 366 1333 398 animis
1348 373 1380 398 et
1400 378 1480 399 verae
1497 369 1617 410 cogita-

156 418 257 450 tiones
271 419 391 451 inerant
403 431 410 448 :
429 419 511 450 unde
525 427 557 449 et
570 417 722 449 modestia
736 417 902 448 utebantur
916 418 1157 460 prudentiaque,
1171 424 1203 450 ct
1218 420 1257 450 ad
1275 431 1325 462 ea,
1338 432 1407 462 quae
1421 422 1618 459 accidebant,

154 477 187 502 et
202 472 346 504 invicem.
369 472 514 514 quocirca.
527 477 711 513 spernentes
728 476 839 512 praeter
862 470 1007 502 virtutem
1033 472 1150 508 omnia,
1167 474 1255 515 parvi
1268 474 1426 506 faciebant
1441 478 1619 518 praesentia,

153 536 258 568 neque
286 526 504 562 efferebantur,
523 525 619 567 [121]
637 525 693 556 sed
721 530 870 567 tanquam
895 535 973 556 onus
997 527 1155 566 quoddam
1182 527 1401 560 existimabant
1417 531 1483 561 auri
1499 537 1619 563 cetero-

154 590 284 622 rumque
299 580 433 622 copiam.
457 589 559 620 neque
575 579 662 610 velut
687 579 765 609 ebrii
780 580 904 620 gemino
929 589 968 610 ex
984 579 1133 611 alimento
1159 580 1245 617 facti,
1263 581 1295 611 in
1311 582 1415 623 aliquo
1439 595 1494 626 per
1509 584 1618 615 incon-

154 634 320 665 tinentiam
335 635 536 665 aberrabant:
554 634 651 665 immo
665 643 737 664 vero
755 638 865 674 utpote
879 633 973 664 sobrii
983 639 1074 665 acute
1089 635 1256 665 cernebant
1266 636 1333 667 haec
1343 638 1448 667 omnia
1463 639 1620 670 communi

155 698 194 719 ex
207 688 344 719 amicitia
355 698 419 719 una
432 699 504 719 cum
529 688 645 718 virtute
672 687 902 718 incrementum
928 687 1085 728 suscipere
1102 700 1108 717 :
1134 689 1245 719 horum
1270 699 1343 720 vero
1355 690 1459 720 studio
1475 697 1506 721 et
1519 691 1619 723 admi-

153 742 272 773 ratione
285 741 424 784 disperdi
438 743 506 773 haec
521 747 554 773 et
567 742 716 773 virtutem
744 742 977 783 amicitiamque
1006 741 1153 774 deficere.
1177 743 1283 784 quoad
1296 743 1327 773 in
1342 744 1387 774 eis
1401 755 1489 775 mens
1502 745 1573 776 talis
1587 752 1619 777 et

152 800 262 826 natura
273 795 380 826 divina
393 795 504 837 viguit,
516 802 691 831 creverunt,
703 806 772 837 quae
789 805 884 837 supra
898 795 1100 834 narravimus,
1108 796 1229 827 omnia:
1245 803 1407 838 postquam
1421 809 1495 829 vero
1511 797 1619 830 divina

153 859 219 880 sors
233 850 265 879 in
280 850 324 880 eis
341 850 434 891 longo
458 850 557 880 abusu
585 850 762 892 crebrisque
785 851 964 881 mortalium
989 860 1091 880 rerum
1116 850 1281 881 affectibus
1303 850 1467 892 inquinata
1481 852 1619 888 evanuit,

154 913 283 944 mosque
299 905 453 934 humanus
468 904 645 945 praewluit,
662 909 737 935 tunc
755 905 896 945 primum,
914 905 989 946 quia
1003 915 1067 934 non
1093 909 1221 946 possent
1236 904 1315 935 ferre
1328 906 1504 946 praesentia,
1521 906 1618 937 dede-

153 957 216 988 cori
230 953 470 988 succubuerunt.
493 968 566 988 nam
578 957 664 1000 apud
676 968 739 994 eos,
753 959 807 1000 qui
821 969 944 989 cernere
959 963 1114 1000 poterant,
1129 959 1258 1000 turpiter
1269 958 1375 990 affecti
1398 960 1618 991 existimaban-

155 1016 212 1048 tur,
229 1022 300 1042 cum
317 1012 526 1053 pulcherrima
543 1023 580 1043 ex
596 1012 828 1054 pretiosissimis
844 1012 1056 1054 perdidissent
1070 1024 1075 1042 1
1095 1014 1146 1054 qui
1161 1017 1263 1043 autem
1276 1017 1389 1044 rectam
1401 1014 1438 1044 ad
1451 1013 1617 1045 beatitudi-

153 1075 226 1096 nem
243 1065 506 1108 vitam-inspicere
522 1077 583 1097 non
599 1067 757 1102 valebant,
775 1072 849 1097 tunc
866 1077 920 1097 eos
944 1066 1109 1109 praeclaros
1124 1067 1293 1109 beatosque
1310 1068 1462 1108 putabant
1477 1069 1619 1106 maxime,

154 1129 225 1150 cum
244 1120 376 1151 maxime
392 1119 501 1162 iniqua
515 1119 586 1162 plus
599 1119 736 1151 habendi
752 1121 924 1162 cupiditate
941 1126 973 1151 et
988 1121 1139 1151 violentia
1155 1121 1358 1162 replerentur.
1373 1127 1448 1153 tunc
1465 1133 1539 1154 sane
1552 1123 1619 1155 De-

154 1184 191 1204 us
207 1173 344 1205 Deorum
362 1174 525 1216 Juppiter,
542 1175 597 1215 qui
613 1175 690 1216 regit
706 1174 952 1215 omnialegibus‚
969 1175 1085 1216 quique
1103 1180 1206 1216 potest
1220 1176 1287 1207 haec
1302 1175 1378 1206 talia
1392 1186 1531 1218 cernere,
1547 1188 1618 1209 cum

154 1227 314 1269 depravari
339 1238 519 1270 generosam
548 1228 676 1270 stirpem
703 1229 973 1265 animadverteret,
1003 1230 1208 1271 hominesque
1239 1240 1292 1260 eos
1320 1231 1428 1271 punire
1457 1232 1563 1268 vellet,
1585 1237 1620 1263 ut

155 1282 262 1324 adepti
279 1283 512 1324 temperantiam
526 1283 729 1313 modestiores
746 1283 1024 1325 concinnioresque
1037 1284 1218 1320 evaderent,
1235 1283 1322 1315 Deos
1345 1295 1450 1316 omnes
1467 1285 1499 1316 in
1512 1287 1617 1317 sedern

154 1347 258 1367 eorum
275 1337 542 1367 honoratissimam
557 1337 753 1373 convocavit,
766 1336 858 1373 unde,
873 1342 1019 1379 tanquam
1035 1348 1073 1368 ex
1086 1338 1194 1369 medio
1209 1338 1318 1368 mundi
1333 1339 1454 1375 throno,
1468 1349 1616 1380 quaecun-

153 1400 214 1432 que
229 1389 423 1433 generationi
439 1391 580 1434 subjecta
593 1396 676 1428 sunt,
690 1391 938 1434 conspiciuntur.
960 1397 1135 1435 vocatoque
1150 1392 1285 1424 concilio
1302 1392 1348 1424 sic
1368 1398 1416 1424 est
1432 1404 1569 1426 exorsus.
