1840 3225
189 211 285 265 312]
769 208 1033 248 EPISTOLA
1089 210 1140 250 ιι.
1578 216 1653 254 471

188 312 277 354 quod
307 313 349 344 de
371 312 476 345 Dione
499 314 629 355 excipis,
651 313 791 345 ostendit
811 324 862 344 me
885 314 917 344 in
933 314 1105 345 familiares
1118 324 1206 345 meos
1222 315 1386 357 imperium
1403 326 1466 347 non
1483 317 1612 348 habere.
1635 319 1663 349 si

189 367 275 398 enim
305 367 451 399 haberem
482 379 555 400 cum
585 368 617 399 in
643 368 722 399 alios
753 374 819 400 tum
849 368 881 398 in
911 368 1051 399 Dionem
1076 379 1112 398 ae
1138 374 1169 399 te
1185 369 1363 410 imperium,
1380 375 1446 401 tam
1462 371 1550 402 vobis
1565 381 1661 413 quam

192 421 308 452 ceteris
325 421 447 453 Graecis
462 422 554 459 bona,
570 428 605 453 ut
621 423 761 458 arbitror,
779 422 913 464 plurima
925 422 1140 463 provenirent.
1161 433 1247 453 nunc
1262 429 1366 454 autem
1379 424 1412 454 in
1425 425 1483 456 hoc
1498 425 1661 457 dumtaxat

190 483 324 516 magnus
346 485 427 512 sum,
449 477 534 517 quod
562 486 610 507 me
636 475 736 516 ipsum
766 483 879 517 praesto
902 475 1012 506 rationi
1038 486 1119 506 meae
1146 476 1360 508 obedientem.
1383 484 1478 519 atque
1494 480 1561 510 haec
1576 480 1661 517 dico,

191 529 269 569 quia
293 530 371 561 nihil
398 530 514 561 sinceri
536 530 724 561 Cratistolus
753 536 786 561 et
800 529 983 572 Polyxenus
1007 531 1046 560 ad
1074 538 1104 560 te
1135 531 1329 561 detulerunt.
1363 541 1495 572 quorum
1526 534 1659 564 alterum

191 581 299 614 dicere
314 583 418 614 ferunt
433 583 558 615 audisse
575 584 734 626 Olympiis
749 584 866 615 multos
882 594 1000 619 eorum,
1019 584 1073 625 qui
1086 594 1212 615 mecum
1228 589 1328 620 erant,
1346 585 1386 615 de
1402 592 1430 616 te
1442 586 1662 627 obloquentes.

192 637 322 668 forsitan
345 638 477 674 acutius,
504 648 598 679 quam
625 648 696 679 ego,
718 638 774 669 ille
799 638 899 668 audit.
923 647 984 679 ego
998 638 1084 668 enim
1099 637 1162 668 tale
1180 638 1257 668 nibil
1272 639 1390 670 audivi.
1414 640 1540 670 videtur
1553 646 1660 672 autem

192 691 269 723 mihi
285 693 429 732 posthac,
446 692 593 732 quotiens
609 692 831 733 hujuscemodi
845 692 963 732 aliquid
982 693 1022 722 ad
1039 698 1069 723 te
1085 691 1232 728 defertur,
1257 698 1288 723 te
1311 693 1355 724 ita
1376 693 1480 725 facere
1503 699 1660 735 oportere,

191 750 228 777 ut
243 744 360 776 scribas
373 746 411 775 ad
427 756 478 776 me
495 751 528 776 et
542 757 609 776 rem
623 747 720 787 ipsam
737 746 908 787 perquiras.
931 756 990 786 ego
1006 746 1091 776 enim
1107 756 1211 777 verum
1228 746 1319 777 fateri
1335 758 1392 778 nec
1407 747 1583 779 formidabo
1598 759 1658 780 nec

190 798 384 830 erubescam.
408 799 484 830 mihi
509 806 617 831 autem
644 805 678 831 et
702 800 760 830 tibi
782 800 828 831 ita
850 811 881 832 se
911 810 957 830 res
972 799 1108 831 invicem
1125 800 1230 831 babet.
1251 811 1356 842 neque
1371 811 1428 832 nos
1443 802 1550 840 alicui,
1566 807 1602 833 ut
1616 803 1661 834 ita

190 852 305 891 dicam,
331 853 512 886 Graecorum
545 855 698 895 incogniti
725 865 842 890 sumus,
870 864 974 894 neque
998 853 1245 885 familiaritatem
1273 860 1416 886 nostram
1445 855 1538 897 hujus
1560 857 1661 888 seculi

193 908 338 940 homines
363 909 593 940 conticescunt.
625 914 742 939 (ertum
773 918 898 949 quoque
927 907 1010 939 illud
1037 908 1164 944 habeto,
1191 918 1295 949 neque
1324 915 1471 950 posteros
1498 911 1661 942 tacituros.

190 962 269 993 tales
284 966 370 998 sunt,
385 962 439 1003 qui
454 972 522 993 eam
538 966 742 1003 exceperunt,
767 966 877 1002 utpote
903 971 1008 1002 neque
1030 971 1160 1003 parvam
1187 972 1289 1003 neque
1314 963 1490 995 obscuram.
1512 975 1659 1006 quorsum

190 1015 282 1046 haec?
306 1016 412 1046 statim
438 1017 587 1056 aperiam,
615 1017 759 1056 superius
784 1016 947 1056 aliquanto
968 1025 1109 1046 exorsus.
1133 1022 1250 1047 naturae
1273 1017 1401 1057 quidem
1417 1018 1488 1060 lege
1504 1020 1661 1060 sapientia

190 1068 397 1110 potentiaque
413 1070 573 1100 excellens
600 1069 632 1100 in
649 1069 734 1099 idem
749 1070 886 1100 tendunt
903 1080 909 1098 :
935 1079 1125 1110 semperque
1141 1069 1202 1100 ista
1215 1069 1278 1100 duo
1294 1081 1328 1101 se
1344 1071 1481 1103 invicem
1496 1073 1661 1111 affectant,

189 1128 432 1164 persequuntur,
457 1124 714 1165 congrediuntur,
738 1123 854 1154 deinde
880 1122 977 1154 etiam
1000 1123 1071 1153 istis
1095 1124 1238 1156 homines
1261 1125 1432 1156 admodum
1447 1126 1660 1164 delectantur,

189 1177 337 1218 quotiens
360 1177 426 1208 sive
453 1178 485 1208 in
511 1178 699 1209 carminibus
723 1177 888 1218 poetarum
903 1177 969 1208 sive
986 1177 1115 1218 privatis
1131 1178 1299 1219 colloquiis
1314 1179 1498 1220 hujusmodi
1513 1182 1660 1223 quaedam

189 1231 332 1262 referunt
356 1236 411 1263 aut
437 1232 591 1262 audiunt:
618 1231 715 1273 [311]
740 1242 800 1262 ceu
828 1241 902 1262 cum
927 1231 968 1262 de
996 1231 1138 1262 Hierone
1169 1237 1198 1265 et
1230 1233 1389 1264 Pausania
1413 1233 1660 1267 Lacedaemonio

188 1285 360 1327 loquuntur
387 1287 540 1322 homines,
565 1287 703 1326 gaudent
727 1285 899 1316 Simonidis
923 1285 1179 1322 familiaritatem,
1204 1297 1274 1328 quae
1297 1298 1365 1318 cum
1395 1287 1457 1318 illis
1477 1289 1548 1326 fuit,
1574 1299 1660 1320 com·

189 1349 374 1376 memorare,
390 1345 433 1380 et,
449 1350 520 1381 quae
536 1341 573 1370 ad
592 1350 647 1370 eos
663 1340 743 1370 dixit
758 1340 907 1381 fecitque,
923 1340 1052 1370 referre.
1076 1340 1222 1371 similiter
1237 1329 1446 1373 Periandrum
1460 1343 1659 1375 Corinthium

187 1398 222 1425 et
249 1393 415 1425 Thaletem
439 1394 604 1424 Milesium
629 1404 693 1424 una
717 1394 876 1425 celebrare
907 1400 1148 1430 consueverunt,
1180 1395 1337 1426 Periclem
1364 1401 1398 1427 et
1421 1396 1658 1438 Anaxagoram,

188 1447 332 1480 Croesum
348 1452 445 1489 atque
458 1448 619 1484 Solonem,
638 1454 670 1478 ut
685 1448 846 1489 sapientes
861 1459 867 1478 :
893 1454 926 1479 et
942 1448 1070 1490 Cyrum,
1089 1454 1124 1480 ut
1138 1453 1314 1489 potentem.
1338 1451 1426 1491 atqui
1452 1452 1520 1482 haec
1543 1451 1660 1482 imitati

189 1501 297 1543 poetae
315 1501 485 1533 Creontem
501 1507 533 1532 et
547 1502 701 1533 Tiresiam
715 1503 806 1533 simul
822 1501 985 1538 inducunt,
1003 1502 1237 1544 Polyidumque
1260 1509 1292 1534 et
1307 1504 1430 1540 Minoa,
1444 1504 1661 1546 Agamemno·

186 1566 261 1587 nem
272 1560 306 1587 et
320 1555 499 1592 Nestorem,
517 1556 558 1587 Ul
561 1566 658 1598 yxem
674 1561 707 1586 et
722 1556 927 1587 Palamedem
942 1568 950 1586 ι
975 1561 1083 1598 atque,
1111 1562 1148 1588 ut
1169 1557 1246 1588 mihi
1262 1558 1399 1596 videtur,
1412 1560 1524 1591 eadem
1535 1561 1660 1592 ratione

185 1609 280 1651 prisci
310 1610 454 1641 homines
481 1610 554 1641 Jovi
583 1610 808 1641 Prometheum
834 1610 1072 1652 conjunxerunt.
1094 1611 1206 1642 horum
1233 1621 1306 1642 vero
1331 1612 1411 1643 alios
1426 1615 1661 1645 consentientes

186 1664 267 1695 alios
294 1663 520 1695 dissentientes
542 1663 697 1695 inducunt
715 1675 721 1693 :
749 1665 826 1695 alios
853 1670 956 1696 autem
973 1664 1164 1706 quandoque
1179 1667 1364 1703 concordes,
1378 1666 1569 1709 quandoque
1584 1678 1659 1699 vero

187 1717 347 1749 discordes
362 1729 368 1748 :
393 1727 563 1759 eorumque
573 1723 636 1748 tam
651 1717 866 1749 dissensiones
881 1729 973 1759 quam
989 1718 1216 1750 consensiones
1230 1725 1358 1750 canunt.
1380 1726 1496 1752 cuncta
1509 1731 1580 1752 vero
1590 1723 1659 1753 haec

187 1771 260 1803 ideo
275 1771 351 1808 dixi,
365 1777 400 1804 ut
416 1772 494 1803 illud
506 1772 716 1808 ostenderem,
733 1773 818 1814 quod
834 1772 931 1804 etiam
947 1783 1018 1804 cum
1041 1773 1154 1804 mortui
1175 1773 1337 1814 fuerimus,
1352 1774 1391 1805 de
1406 1775 1498 1806 nobis
1513 1775 1658 1807 homines

187 1835 252 1858 non
283 1826 430 1857 silebunt.
455 1826 601 1868 quocirca
628 1837 691 1857 non
727 1831 776 1857 est
803 1826 1032 1867 negligendum
1056 1836 1076 1858 a
1101 1827 1193 1858 nobis
1211 1839 1217 1857 :
1257 1829 1314 1858 sed
1343 1838 1452 1859 curam
1478 1829 1658 1862 habendum

186 1880 338 1921 temporis
371 1880 602 1922 subsequentis.
625 1881 660 1911 fit
686 1880 772 1912 euim
800 1887 912 1912 natura
943 1880 1091 1921 quadam,
1121 1886 1157 1912 ut
1184 1881 1382 1923 ignavissimi
1411 1883 1553 1915 homines
1579 1885 1659 1915 nihil

184 1939 304 1970 curent,
327 1944 398 1975 quae
415 1935 456 1966 sit
468 1934 507 1965 de
520 1934 596 1976 ipsis
610 1935 715 1966 futura
730 1935 839 1976 opinio
853 1946 859 1965 :
885 1935 1099 1975 probatissimi
1123 1940 1231 1966 autem
1246 1936 1306 1967 viri
1320 1942 1437 1969 cuncta
1449 1937 1578 1974 saciant,
1595 1948 1658 1979 quo

184 1987 217 2018 in
245 1988 359 2019 futuris
384 1988 497 2019 seculis
527 1989 608 2019 bene
623 1988 663 2019 de
687 1999 720 2020 se
746 1988 912 2029 loquentes
936 1988 1080 2019 homines
1094 1988 1236 2021 audiant.
1261 1999 1355 2031 quam
1372 2001 1431 2032 ego
1447 1992 1656 2034 conjecturam

185 2041 280 2078 facio,
295 2051 366 2073 esse
382 2042 523 2083 aliquem
538 2051 663 2073 sensum
678 2042 729 2079 iis,
745 2043 802 2084 qui
818 2043 931 2075 mortui
946 2047 1033 2078 sunt,
1043 2052 1149 2073 rerum
1157 2048 1334 2075 nostrarum
1348 2055 1355 2072 :
1381 2045 1530 2086 quoniam
1544 2047 1657 2088 optimi

186 2095 284 2128 animi
308 2096 352 2127 sic
374 2095 442 2127 fore
468 2095 630 2134 divinatum
654 2096 815 2127 deterrimi
829 2101 934 2127 autem
949 2106 1164 2138 nequaquam.
1186 2097 1340 2128 validiora
1355 2107 1427 2130 vero
1442 2105 1516 2130 sunt
1530 2101 1656 2132 divino-

185 2160 252 2182 rum
281 2149 415 2181 virorum
444 2149 611 2191 praesagia,
639 2159 731 2191 quam
758 2150 900 2181 aliorum.
923 2155 1001 2192 puto
1026 2156 1144 2188 autem,
1172 2151 1199 2182 si
1227 2152 1338 2182 liceret
1363 2154 1578 2194 superioribus
1594 2156 1660 2187 illis

187 2203 360 2240 defunctis,
386 2204 427 2235 de
454 2204 567 2246 quibus
592 2204 714 2246 loquor,
737 2214 824 2236 suam
855 2204 1118 2237 consuetudinem
1143 2206 1325 2242 emendare,
1344 2207 1511 2247 plurimam
1526 2218 1657 2251 operam

185 2258 391 2296 adhibituros,
415 2263 450 2290 ut
472 2258 619 2290 meliores
648 2258 688 2289 de
715 2269 749 2290 se
777 2269 873 2300 quam
900 2269 984 2290 nunc
1001 2259 1167 2301 opiniones
1183 2260 1466 2294 circumferrentur.
1490 2263 1550 2294 hoc
1566 2264 1660 2296 nobis

187 2311 317 2353 quidem
332 2312 429 2344 etiam
442 2322 539 2350 nunc,
555 2312 682 2345 favente
698 2314 780 2350 Deo,
796 2313 901 2345 facere
917 2314 1004 2350 licet,
1021 2320 1066 2349 et,
1089 2314 1116 2345 si
1138 2314 1216 2355 quid
1226 2314 1259 2345 in
1274 2315 1429 2356 superiori
1442 2316 1657 2350 familiaritate

184 2370 293 2397 nostra
305 2376 371 2398 non
385 2371 472 2398 recte
486 2366 606 2398 factum
620 2372 682 2403 est,
698 2372 762 2399 tam
777 2367 871 2399 factis
886 2378 982 2409 quam
996 2367 1091 2399 dictis
1106 2369 1275 2399 emendare
1287 2368 1368 2400 illud
1381 2376 1476 2410 atque
1488 2371 1656 2413 corrigere,

182 2425 219 2451 ut
245 2429 320 2451 vera
349 2425 383 2450 et
408 2420 540 2462 optima,
556 2421 730 2462 praesertim
742 2426 897 2462 quantum
912 2421 954 2453 ad
969 2422 1198 2463 philosophiam
1215 2423 1341 2460 attinet,
1358 2423 1398 2454 de
1413 2424 1505 2456 nobis
1519 2428 1656 2467 supersit

184 2473 306 2515 opinio,
333 2484 370 2505 ac
399 2474 484 2506 fama
508 2479 685 2507 nostrarum
709 2485 826 2512 rerum,
854 2474 1010 2517 siquidem
1040 2475 1123 2507 bona
1148 2481 1210 2512 est,
1238 2477 1359 2513 melior,
1385 2477 1434 2508 sin
1464 2479 1558 2517 mala,
1573 2480 1657 2511 bona

185 2528 350 2559 efficiatur.
373 2529 462 2570 atqui
476 2539 534 2560 nos
544 2529 606 2561 ista
620 2534 765 2561 curantes
778 2530 858 2560 nihil
874 2529 1052 2571 religiosius
1069 2540 1160 2571 agere
1187 2540 1351 2572 possemus
1365 2542 1372 2561 z
1398 2535 1431 2562 et
1454 2533 1656 2575 negligentes

185 2582 264 2614 nihil
278 2583 452 2624 profanius.
475 2584 742 2624 quemadmodum
758 2588 864 2615 autem
881 2584 939 2615 hoc
955 2584 1021 2615 fieri
1036 2585 1217 2626 conveniat,
1233 2595 1270 2616 ac
1282 2585 1370 2626 juste
1385 2585 1452 2617 fieri
1466 2588 1578 2628 possit,
1594 2598 1655 2629 ego

179 2635 250 2676 jam
265 2636 380 2668 dicam.
402 2636 529 2677 quando
552 2637 586 2668 in
608 2637 747 2668 Siciliam
771 2638 855 2676 veni,
870 2638 952 2668 fama
967 2642 1034 2668 erat
1048 2648 1100 2669 me
1114 2640 1307 2680 permultum
1324 2640 1407 2670 inter
1423 2650 1490 2676 eOS,
1506 2642 1562 2683 qui
1576 2647 1654 2673 tunc

184 2690 501 2732 philosophabantur,
530 2691 694 2722 excellere.
727 2691 825 2734 [312]
862 2692 1031 2733 cupiebam
1053 2692 1161 2729 etiam,
1187 2703 1260 2724 cum
1286 2693 1456 2734 Syracusas
1483 2695 1654 2731 venissem,

184 2743 344 2784 opinionis
366 2744 452 2775 illius
476 2749 592 2776 testem
616 2744 729 2775 habere
756 2749 801 2781 te,
827 2749 863 2776 ut
889 2746 986 2776 etiam
1009 2746 1092 2786 apud
1108 2746 1347 2777 multitudinem
1361 2747 1561 2789 philosophia
1575 2749 1654 2780 mihi

185 2797 399 2832 honoraretur.
421 2808 531 2830 verum
545 2808 609 2830 non
625 2799 700 2829 satis
713 2808 858 2840 prospere
873 2799 951 2830 mihi
966 2809 1016 2830 res
1030 2800 1087 2831 illa
1101 2801 1269 2831 successit.
1279 2810 1405 2831 causam
1421 2811 1495 2832 vero
1507 2802 1594 2843 hujus
1606 2802 1653 2834 rei

186 2860 250 2882 non
264 2851 350 2884 illam
366 2853 462 2884 fuisse
479 2853 565 2890 dico,
579 2862 673 2894 quam
687 2853 831 2895 plerique
845 2853 1063 2885 existimarent
1077 2865 1084 2884 ε
1109 2855 1165 2885 sed
1182 2855 1269 2886 illam
1283 2854 1378 2886 fuisse
1394 2865 1520 2886 causam
1535 2865 1653 2893 assero,

186 2905 271 2946 quod
286 2911 320 2937 tu
335 2916 398 2937 non
412 2908 489 2938 satis
503 2908 581 2939 milii
597 2907 723 2939 credere
739 2908 825 2939 visus
839 2918 885 2944 es,
904 2908 959 2939 sed
976 2918 1027 2939 me
1045 2907 1277 2949 quodammodo
1292 2909 1449 2939 dimittere
1467 2909 1558 2945 velle,
1574 2911 1656 2942 alios
