1840 3225
210 142 287 182 396
799 140 1066 180 PLATONIS
1573 145 1670 195 [858

209 244 366 277 medicum
385 245 654 287 philosophiaeque
679 244 850 276 studiosum
877 244 1041 286 aegrotanti
1067 244 1166 275 libero
1196 244 1430 286 colloquentem
1455 244 1573 281 audiat,
1601 245 1690 276 dum‘

209 299 308 330 morbi
330 299 421 330 initia
445 299 616 329 rationibus
643 299 773 341 indagat
798 305 830 329 et
856 299 896 329 de
911 304 1024 330 natura
1038 309 1202 340 corporum
1217 299 1399 340 diligentius
1414 299 1551 336 disserit,
1565 299 1679 331 ridebit

210 353 352 394 protinus
367 364 374 383 ε
399 358 432 383 et
446 353 596 384 adversus
610 353 698 384 illum
715 363 754 384 ea
769 353 866 390 dicet,
881 363 951 395 quae
968 354 1026 384 hac
1038 353 1071 383 in
1087 363 1119 383 re
1135 352 1275 394 plurimis
1286 352 1478 384 medicorum
1487 353 1522 384 in
1533 359 1680 395 promptu

212 416 337 448 semper
353 417 421 438 esse
438 407 552 438 solent.
574 417 639 438 non
653 407 799 444 meden's,
814 408 946 449 inquiet,
963 407 1140 448 aegrotanti,
1161 417 1180 438 o
1195 407 1280 438 fatue
1298 419 1305 437 :
1329 408 1385 439 sed
1412 408 1502 449 quasi
1524 407 1681 448 doctrina,

209 471 275 491 non
288 461 420 492 sanitate
435 460 588 502 indigeat,
605 462 712 493 doces.
757 461 811 492 An
826 472 889 493 non
905 466 988 493 recte
1004 461 1048 492 sic
1063 461 1150 502 loqui
1163 461 1319 492 videbitur
1335 462 1347 492 ?
1392 461 1508 493 Nonne
1532 466 1566 492 et
1589 461 1681 492 nobis

209 513 320 545 merito
347 514 434 545 idem
446 515 583 557 objiciet,
608 516 692 557 quod
707 516 886 558 quicunque
902 515 942 546 de
960 515 1093 556 legibus,
1109 521 1145 546 ut
1161 515 1255 547 modo
1269 526 1337 553 nos,
1351 515 1488 557 disserit,
1512 527 1576 546 non
1592 515 1681 557 leges

212 567 332 606 condit,
362 569 419 599 sed
449 570 534 601 cives
562 570 664 601 erudit
677 570 687 588 ²
734 570 811 603 ΟΜ.
843 570 999 601 Fortasse.
1052 569 1193 601 Arnim.
1223 571 1287 602 Sed
1316 570 1450 602 feliciter
1465 571 1498 601 in
1513 569 1681 612 praesentia

213 623 305 653 nobis
331 623 496 665 contingit.
541 623 619 655 Cu.
643 624 828 662 Quidnam?
874 624 1017 659 Amen<
1038 623 1133 661 Quod
1160 625 1239 656 nihil
1269 625 1310 656 ad
1340 625 1488 656 ferendas
1513 625 1603 666 leges
1624 634 1682 655 nos

215 682 327 718 urget:
355 677 452 721 [858]
478 679 533 709 sed
565 678 625 719 ipsi
653 684 764 720 sponte
794 680 853 710 hac
877 678 1128 710 consideratione
1154 685 1312 721 suscepta,
1337 679 1378 710 de
1401 679 1486 711 omni
1502 677 1682 720 reipublicae

217 731 397 774 disciplina,
413 732 490 774 quid
505 734 658 774 optimum
681 739 776 774 atque
793 733 1004 764 necessarlum
1018 733 1070 782 sit,
1086 733 1306 775 quomodoque
1322 733 1356 764 id
1371 739 1546 776 peragatur,
1561 732 1682 774 perspi·

213 795 285 818 cere
301 786 438 817 nitimur.
461 787 537 828 quid
554 797 628 829 ergo
655 788 760 824 liceat,
790 788 816 818 si
843 788 997 823 volumus,
1019 787 1097 829 quid
1120 788 1273 829 optimum
1299 789 1339 819 sit
1365 794 1420 819 aut
1446 787 1523 830 quid
1547 787 1681 818 maxime

214 840 428 871 necessarium
450 840 483 871 in
509 842 633 882 legibus
658 841 868 877 considerare,
883 846 982 872 utrum
1000 842 1087 872 vobis
1102 841 1239 878 videtur,
1256 841 1452 878 tractandum
1467 842 1500 872 in
1519 841 1685 883 praesentia

215 894 378 935 eligamus).
425 895 501 926 ΟΜ.
524 894 677 926 Ridicula
701 896 779 931 haec,
807 896 933 937 hospes,
957 896 1044 937 optio
1075 902 1147 926 est:
1174 896 1400 938 manifesteque
1416 906 1474 927 nos
1487 895 1551 926 illis
1567 895 1685 926 similes

219 948 310 985 facit,
325 948 379 990 qui
394 949 584 981 necessitate
597 950 721 991 ingenti
733 950 821 991 leges
835 950 915 981 ferre
930 950 975 981 ita
989 950 1024 980 in
1039 950 1205 991 praesentia
1228 950 1467 992 compelluntur,
1482 955 1516 980 ut
1529 949 1562 980 in
1576 949 1686 980 crasti-

218 1013 294 1033 num
319 1004 413 1034 licere
440 1014 505 1034 non
532 1005 686 1036 videatur.
709 1005 799 1036 nobis
826 1010 931 1036 autem
957 1004 1025 1035 Dei
1051 1005 1177 1041 auxilio,
1204 1005 1471 1046 quemadmodum
1485 1003 1562 1039 iuis,
1577 1003 1685 1044 quiex

217 1057 375 1098 lapidibus
389 1058 441 1088 vel
458 1069 494 1088 ex
520 1058 582 1089 alia
605 1059 716 1100 quavis
733 1059 863 1090 materia
877 1059 996 1101 aliquid
1013 1064 1208 1096 construunt,
1226 1060 1300 1090 licet
1313 1059 1404 1090 susim
1420 1069 1459 1090 ea
1473 1058 1632 1100 colligere,
1649 1067 1686 1087 ex

218 1111 330 1152 quibus
344 1111 448 1142 futura
462 1114 626 1144 commoda
639 1113 729 1155 operi
744 1114 859 1155 absque
875 1114 942 1145 ulla
956 1113 1158 1145 festinatione
1175 1113 1365 1155 deligentur.
1388 1113 1479 1155 quasi
1494 1123 1570 1154 ergo
1588 1111 1687 1142 aedifi-

216 1170 338 1197 catores
349 1166 474 1197 minime
484 1167 682 1204 festinantes,
695 1169 755 1199 alia
764 1168 859 1199 modo
870 1168 1048 1205 fundemus,
1063 1169 1126 1199 alia
1138 1168 1211 1199 hinc
1223 1168 1264 1199 ad
1277 1167 1500 1199 aedificandum
1510 1176 1686 1198 sumemus:

217 1221 297 1251 adeo
312 1221 390 1251 utin
405 1221 542 1253 ferendis
557 1222 690 1264 legibus,
707 1223 779 1259 alia,
807 1223 895 1265 quasi
911 1222 1006 1254 modo
1020 1227 1185 1264 ponantur,
1199 1222 1262 1254 alia
1275 1233 1360 1259 vero,
1377 1222 1466 1264 quasi
1482 1221 1551 1262 jam
1564 1220 1688 1263 positis,

217 1280 427 1317 apponantur.
472 1276 610 1309 Arum«.
633 1278 683 1308 Sic
701 1278 806 1318 utique
820 1277 995 1308 secundum
1010 1283 1155 1309 naturam
1167 1277 1280 1319 magis,
1291 1288 1310 1308 o
1326 1277 1441 1313 Clinia,
1454 1275 1689 1318 compendiaria

218 1328 309 1359 nobis
334 1329 389 1360 fiet
411 1329 516 1371 legum
543 1332 742 1373 conspectio.
766 1331 822 1362 sed
844 1331 924 1362 illud
946 1342 1002 1374 per
1016 1331 1104 1363 Deos
1119 1332 1159 1363 de
1173 1331 1429 1373 legumlatoribus
1443 1329 1690 1361 consideremus.

219 1381 297 1413 Cu.
318 1383 504 1421 Quidnam?
549 1385 690 1416 Amen.
712 1386 887 1417 Multorum
916 1387 1028 1417 litterae
1056 1386 1214 1428 verbaque
1244 1396 1284 1417 ex
1309 1385 1422 1416 litteris
1451 1385 1484 1415 in
1508 1383 1688 1415 civitatibus

222 1437 403 1479 conscripta
426 1439 643 1480 reperiuntur:
670 1441 790 1472 litteras
818 1451 890 1472 vero
920 1441 1000 1482 legis
1023 1451 1147 1483 quoque
1175 1441 1254 1472 lator
1279 1446 1311 1471 et
1336 1440 1429 1470 verba
1450 1439 1568 1470 scribit.
1613 1438 1689 1470 Cm.

222 1491 372 1528 Quidni?
418 1493 558 1525 Arnen.
583 1494 698 1525 Utrum
710 1495 804 1536 igitur
820 1495 982 1537 poetarum
1005 1501 1244 1536 ceterorumque
1271 1494 1452 1536 scriptorum
1479 1493 1627 1534 operibus
1650 1491 1690 1523 de

218 1545 339 1577 ratione
360 1547 486 1578 vivendi
498 1549 683 1589 compositis
696 1550 837 1580 animum
846 1550 1073 1592 applicabimus
1087 1562 1093 1580 :
1120 1551 1226 1591 legum
1238 1559 1314 1579 vero
1326 1549 1459 1579 latorum
1467 1546 1686 1589 nequaquam?

219 1609 260 1630 an
275 1600 323 1631 his
337 1601 471 1632 maxime
487 1603 627 1633 omnium
641 1604 652 1633 ?
698 1603 775 1635 Cu.
798 1604 872 1635 Istis
896 1605 1035 1636 omnino.
1060 1604 1200 1635 Arnen.
1223 1603 1449 1644 Legislatorem
1464 1611 1537 1643 ergo
1552 1600 1690 1632 scriben-

220 1653 299 1685 tium
327 1655 430 1686 solum
453 1661 577 1697 oportet
601 1656 641 1688 de
666 1658 811 1695 honesto,
839 1659 922 1689 bono
943 1659 1093 1701 justoque
1123 1659 1297 1694 consulere,
1313 1657 1490 1698 docereque
1504 1655 1609 1697 qualia
1624 1655 1692 1686 haec

220 1708 295 1745 sint,
311 1714 344 1740 et
359 1709 516 1751 quomodo
530 1711 578 1741 his
593 1711 728 1752 agenda,
743 1713 798 1753 qui
812 1712 922 1743 felices
937 1712 1035 1743 futuri
1051 1718 1134 1743 sunt.
1176 1713 1280 1753 'rur-pe
1309 1711 1395 1741 enim
1409 1716 1469 1746 est.
1485 1720 1558 1741 cum
1570 1709 1692 1740 Home-

222 1773 285 1800 rus,
315 1763 342 1794 T
343 1769 457 1806 yrtaeus
487 1765 646 1806 ceterique
677 1766 782 1807 poetae
811 1767 924 1807 probe,
937 1765 976 1795 de
1006 1767 1072 1796 vita
1097 1766 1272 1806 studiisque
1301 1765 1463 1796 hominum
1490 1764 1691 1805 scripserint:

220 1822 321 1858 turpe,
334 1814 476 1860 inquam,
505 1818 650 1861 Lycurgo
671 1825 767 1860 atque
794 1818 908 1850 Soloni
931 1819 1107 1861 ceterisque
1134 1819 1394 1861 legumlatoribus
1409 1817 1513 1849 minus
1529 1817 1563 1848 id
1577 1819 1694 1850 facere.

222 1877 343 1903 rectum
368 1873 462 1913 igitur
482 1872 598 1914 ipsum,
629 1884 693 1914 prae
718 1873 831 1904 ceteris
856 1873 1002 1904 omnibus
1030 1874 1166 1916 scriptis,
1191 1874 1276 1915 leges
1306 1872 1439 1903 mirifice
1465 1882 1529 1914 prae
1552 1882 1586 1903 se
1614 1871 1693 1903 ferre

222 1926 363 1958 debent:
391 1926 488 1968 [859]
514 1932 685 1958 ceterorum
710 1938 784 1958 vero
812 1927 929 1968 scripta
954 1927 1090 1969 probari,
1120 1927 1146 1958 si
1169 1927 1292 1969 legibus
1306 1932 1516 1958 consentanea
1532 1932 1620 1957 sunt:
1644 1926 1693 1956 sin

222 1980 359 2018 dissona,
371 1980 515 2012 derideri.
530 1981 576 2012 sic
591 1981 685 2023 igitur
698 1982 783 2024 leges
798 1981 975 2013 civitatibus
988 1981 1238 2018 conscribantur,
1251 1987 1286 2012 ut
1297 1981 1392 2022 patris
1405 1981 1575 2022 matrisque
1586 1990 1693 2022 perso-

224 2045 296 2066 nam
312 2036 392 2066 lator
406 2036 511 2077 legum
527 2036 654 2077 penitus
668 2041 755 2077 gerat
769 2048 776 2066 z
802 2036 980 2077 scriptaque
999 2037 1136 2067 caritatis
1151 2035 1390 2078 prudentiaeque
1404 2036 1549 2066 virtutem
1558 2034 1695 2066 habeant

224 2088 330 2129 potius
359 2099 452 2130 quam
477 2089 596 2119 domiui
613 2089 799 2131 tyrannique
812 2090 979 2131 imperium
993 2090 1166 2121 minitantis
1183 2096 1302 2121 tantum
1319 2095 1352 2120 et
1366 2089 1583 2126 describentis,
1598 2089 1694 2119 ratio-

226 2153 298 2174 nem
328 2153 402 2174 vero
431 2143 548 2173 nullam
580 2144 704 2184 penitus
735 2144 934 2184 assignantis
970 2144 1204 2175 consideremus
1233 2144 1338 2185 igitur,
1367 2153 1406 2174 an
1437 2143 1495 2174 hac
1525 2143 1578 2173 via
1604 2141 1695 2173 nobis

227 2197 489 2239 progrediendum
504 2198 555 2234 sit,
573 2197 638 2228 sive
655 2198 809 2238 possimus
823 2198 888 2228 sive
903 2208 977 2228 non.
1002 2198 1058 2229 sed
1075 2199 1274 2239 accingamur
1281 2198 1359 2240 jam,
1375 2202 1408 2228 et
1432 2207 1488 2238 pro
1504 2196 1620 2227 viribus
1635 2196 1695 2227 hac

225 2252 277 2283 via
304 2252 523 2293 procedentes,
549 2252 646 2282 etiam
669 2252 693 2282 si
708 2252 774 2293 pati
790 2253 959 2293 quicquam
974 2262 1102 2284 necesse
1119 2252 1168 2288 sit,
1185 2253 1363 2283 toleremus.
1385 2251 1469 2292 quod
1485 2251 1605 2282 utinam
1620 2250 1696 2281 felix

225 2306 266 2337 sit
280 2306 286 2336 !
312 2306 432 2348 eritque
448 2306 600 2348 profecto,
617 2306 643 2337 si
655 2306 746 2337 Deus
759 2306 898 2339 volucrit.
945 2307 1021 2338 C1,1.
1044 2306 1147 2337 Recte
1159 2307 1280 2337 locutus
1290 2316 1323 2337 es
1338 2318 1344 2336 :
1362 2315 1458 2347 quare
1471 2305 1517 2336 sic
1533 2305 1697 2336 faciamus.

227 2359 367 2391 Arnim.
391 2360 661 2392 Considerandum
677 2369 724 2391 est
745 2371 819 2402 ergo
839 2361 983 2402 pi·1mum‚
1011 2367 1046 2392 ut
1071 2362 1232 2403 coepimus,
1260 2361 1428 2402 diligenter
1454 2360 1495 2391 de
1519 2359 1696 2401 sacrilegio,

229 2415 269 2446 de
285 2415 378 2451 furto,
403 2416 443 2446 de
470 2415 582 2447 ceteris
607 2415 750 2446 omnibus
774 2415 898 2457 injuriis
913 2427 918 2445 τ
945 2427 1003 2446 nec
1021 2416 1154 2456 graviter
1169 2415 1346 2451 ferendum,
1363 2415 1388 2445 si
1404 2415 1437 2445 in
1453 2424 1491 2446 ea
1507 2413 1577 2455 ipsa
1590 2413 1695 2455 legum

227 2469 438 2510 descriptione
454 2469 516 2500 alia
534 2469 603 2511 jam
619 2470 792 2511 posuimus,
808 2471 848 2500 de
861 2470 931 2501 aliis
953 2470 1177 2512 disceptamus.
1199 2480 1263 2501 non
1279 2470 1362 2500 enim
1379 2468 1604 2509 legumlatores
1626 2466 1694 2508 jam

228 2534 347 2559 sumus,
364 2523 422 2554 sed
439 2524 589 2555 efficimur
605 2523 695 2555 modo
710 2536 716 2554 :
741 2530 774 2555 et
795 2524 858 2555 cito
880 2524 1021 2555 fortassis
1046 2525 1170 2556 erimus.
1194 2535 1301 2555 verum
1324 2524 1351 2555 si
1367 2524 1406 2554 de
1423 2523 1481 2558 his,
1495 2532 1565 2564 quae
1580 2531 1695 2563 propo-

229 2577 288 2613 sui,
317 2578 362 2608 ita
384 2583 420 2608 ut
446 2578 522 2614 dixi,
549 2579 766 2609 disserendum
792 2578 927 2614 videtur,
943 2579 1163 2610 edisseramus.
1207 2579 1282 2610 ΟΜ.
1305 2578 1357 2610 Sic
1373 2577 1512 2608 omnino.
1555 2575 1695 2607 Aruns.

232 2631 285 2662 De
308 2631 449 2662 honestis
476 2632 570 2673 igitur
592 2632 750 2674 justisque
766 2633 857 2664 rebus
881 2633 1023 2664 omnibus
1040 2634 1195 2675 inspicere
1211 2633 1244 2663 id
1260 2642 1419 2667 conemur,
1435 2641 1498 2672 quo
1513 2630 1607 2661 nobis
1621 2629 1697 2671 ipsis

230 2685 436 2716 convenimus
464 2691 495 2716 et
521 2698 583 2728 quo
614 2686 837 2728 discrepamus,
862 2688 914 2729 qui
938 2688 969 2718 in
986 2689 1043 2719 hoc
1060 2688 1193 2719 maxime
1208 2687 1334 2718 studere
1348 2696 1404 2717 nos
1420 2685 1612 2727 profitemur,
1627 2690 1662 2714 ut
1678 2694 1697 2715 a

229 2738 370 2779 plurimis
382 2739 575 2772 differamus.
599 2752 662 2782 quo
677 2742 753 2772 item
769 2742 825 2773 alii
841 2752 857 2772 a
873 2752 905 2773 se
923 2742 1000 2784 ipsis
1015 2742 1214 2773 dissentiunt.
1260 2741 1337 2773 Cu.
1368 2740 1463 2777 Quas,
1481 2749 1599 2780 quaeso,
1614 2738 1697 2769 inter

229 2802 286 2822 nos
310 2792 505 2824 differentias
531 2795 631 2825 dicis?
677 2796 813 2827 Arm-m.
839 2796 985 2828 Conabor
1014 2807 1181 2838 exponere.
1204 2797 1243 2827 de
1266 2795 1390 2836 justitia
1402 2793 1694 2835 omninojustisque

231 2846 406 2879 hominibus
420 2852 451 2878 et
463 2848 555 2880 rebus
568 2855 599 2879 et
614 2849 806 2888 actionibus,
821 2861 930 2883 omncs
945 2852 1176 2894 quodammodo
1206 2849 1428 2884 consentimus,
1445 2847 1529 2890 quod
1547 2846 1694 2880 videlicet
