1840 3225
267 174 345 212 340
844 172 1109 212 PLATONIS
1640 174 1738 236 [736

269 284 337 317 eost,
364 274 418 317 qui
443 275 477 306 in
503 275 614 308 leviori
637 276 812 308 eruditione
825 276 1075 319 comprobentur.
1090 275 1172 305 Duae
1194 284 1266 305 vero
1280 279 1354 305 sunt
1367 274 1401 306 in
1416 274 1582 316 republica
1593 274 1716 316 species
1727 286 1737 305 .-

271 329 371 360 altera
385 330 634 372 magistratuum,
651 332 751 362 altera
765 332 870 372 legum
885 331 1079 362 constitutio.
1122 329 1208 360 Ante
1235 339 1307 359 vero
1328 329 1397 360 haec
1418 328 1525 360 omnia
1536 329 1583 360 ita
1596 328 1738 370 cogitan-

271 382 346 413 dum
375 389 442 414 est:
488 385 568 417 Cum
596 391 702 427 pastor
732 391 827 427 atque
854 385 1007 416 bubulcus
1025 393 1238 426 equorumque
1250 389 1374 414 curator
1389 383 1546 424 ceterique
1561 382 1739 425 hujusmodi

269 447 381 478 greges
402 443 435 469 et
449 444 587 470 armenta
617 440 822 481 susceperint,
849 450 913 470 non
942 445 1037 470 antea
1065 443 1184 473 curant,
1213 447 1304 479 quam
1335 436 1467 478 singulis
1497 437 1736 468 convenientem

269 491 488 532 purgationem
501 493 680 525 adhibeant.
702 504 792 535 porro
809 495 894 525 sanis
907 494 946 524 ab
962 493 1183 534 aegrotantibus
1199 491 1419 533 generosisque
1436 491 1475 522 ab
1491 490 1613 532 ignavis
1629 501 1734 532 segre-

270 546 362 585 gatis,
392 547 491 578 altera
512 548 546 578 in
569 558 681 590 greges
707 548 783 579 alios
809 549 946 585 mittent,
970 548 1067 578 altera
1089 558 1162 577 vero
1189 546 1353 582 curabunt,
1375 556 1439 576 non
1458 546 1637 587 ignorantes
1647 545 1738 575 aliter

267 599 384 631 frustra
399 611 431 632 se
446 606 510 632 tam
526 613 582 644 pro
596 613 723 644 corpore
739 612 833 644 quam
847 613 902 644 pro
918 602 1022 632 anima
1036 601 1236 632 laboraturos.
1259 610 1373 641 nempe
1394 605 1514 630 naturae
1529 604 1563 629 et
1576 598 1739 630 educatio-

268 653 320 684 nis
345 655 482 696 pravitas
505 656 551 687 ita
572 658 751 699 corrumpit,
768 663 803 688 ut
818 657 878 687 nisi
891 656 959 698 quis
976 662 1120 697 segreget
1133 666 1279 686 sanorum
1294 655 1548 695 integrorumque
1561 663 1684 683 morum
1701 663 1738 684 ae

268 717 430 750 corpomm
447 721 555 752 genus,
572 711 605 742 in
619 712 748 752 singulis
765 711 951 752 contagione
963 710 1157 741 interimant.
1179 710 1235 740 sed
1260 709 1300 740 de
1330 709 1440 740 ceteris
1456 707 1583 749 quidem
1597 707 1741 738 animali-

267 762 327 793 bus
341 763 443 794 minor
458 775 544 802 cura,
561 771 593 797 et
605 766 740 806 exempli
755 776 848 797 causa
861 766 960 795 solum
978 775 1086 796 eorum
1102 765 1217 795 mentio
1233 763 1391 795 facienda.
1413 763 1452 792 de
1467 761 1645 792 hominibus
1659 771 1736 792 vero

268 816 439 848 maximum
463 819 600 849 studium
629 820 789 860 legislator
818 819 957 856 habebit,
987 829 1022 850 ac
1049 819 1217 860 diligenter
1243 818 1404 849 rimabitur
1425 815 1540 851 onmia,
1555 821 1592 846 ut
1603 815 1736 856 singulis

269 877 483 902 consentanea
509 873 643 903 scribere
669 878 776 914 queat,
801 878 868 903 tum
883 874 923 902 de
938 873 1120 901 lustratione
1137 879 1201 901 tum
1216 870 1256 900 de
1269 870 1381 900 ceteris
1395 869 1538 901 omnibus
1551 869 1739 900 actionibus.

268 924 314 955 sic
328 924 423 965 igitur
435 925 571 956 civitatis
584 927 783 957 lustrationes
796 937 830 956 se
846 926 973 956 habent.
996 925 1101 955 multae
1115 925 1200 954 enim
1226 929 1299 954 sunt
1314 934 1320 952 ε
1346 928 1378 953 et
1402 923 1472 953 aliae
1499 923 1642 959 leviores,
1667 933 1740 965 gra-

268 977 370 1008 viores
387 977 466 1008 aliae.
489 988 526 1008 ac
539 979 565 1008 si
580 980 650 1018 quis
661 968 811 1020 tyrannus
827 979 918 1009 simul
935 978 1075 1019 legisque
1091 978 1171 1007 lator
1186 977 1238 1014 sit,
1250 976 1430 1007 difficilibus
1445 981 1477 1007 et
1485 976 1612 1018 optimis
1622 977 1738 1008 lustra-

270 1030 409 1061 tionibus
421 1031 468 1061 uti
481 1031 608 1072 poterit.
631 1032 711 1074 legis
726 1038 831 1063 autem
847 1032 938 1062 latori
952 1032 1069 1072 absque
1086 1031 1262 1073 tyrannide,
1279 1031 1332 1072 qui
1343 1032 1429 1072 leges
1441 1041 1541 1062 novas
1552 1036 1645 1073 atque
1653 1041 1736 1062 rem-

268 1084 426 1125 publicam
441 1085 565 1122 fundet,
580 1085 654 1116 satis
670 1086 728 1117 erit
741 1085 871 1121 factum,
886 1086 913 1115 si
928 1086 1149 1126 purgationem
1163 1085 1360 1116 mitissimam
1374 1084 1562 1116 adhibuerit.
1581 1094 1656 1116 nam
1678 1095 1733 1116 ex-

268 1137 427 1170 actissima
447 1139 635 1180 purificatio,
664 1139 927 1181 quemadmodum
954 1139 1110 1170 medicina
1126 1150 1196 1180 quae
1217 1139 1350 1170 validior
1364 1139 1545 1180 corporibus
1558 1138 1737 1175 adhibetur,

269 1191 384 1223 doloris
409 1193 505 1234 plena
531 1199 579 1224 est
604 1198 638 1224 et
660 1204 731 1225 cum
754 1194 874 1224 uitione
885 1193 971 1235 justa
985 1203 1111 1234 poenam
1126 1192 1232 1229 infert,
1248 1198 1344 1224 morte
1359 1198 1546 1234 peccantem
1559 1197 1613 1223 aut
1625 1191 1736 1223 exsilio

268 1245 434 1278 damnans.
457 1257 510 1277 eos
534 1247 630 1284 enim,
653 1248 708 1289 qui
735 1247 868 1278 maxima
893 1254 1026 1287 peccata
1052 1251 1226 1289 patrarunt,
1248 1248 1275 1278 si
1296 1247 1487 1278 insanabiles
1499 1246 1732 1288 sint,quoniam

267 1298 390 1331 civitati
418 1301 551 1332 maxime
577 1307 722 1338 noceant,
745 1312 904 1333 removere
931 1302 1058 1332 omnino
1074 1302 1165 1332 solet.
1186 1302 1292 1333 mitior
1307 1311 1379 1332 vero
1393 1301 1538 1343 purgatio
1552 1300 1733 1342 hujusmodi

268 1353 361 1385 nobis
391 1359 440 1385 est
454 1365 461 1384 ε
486 1355 539 1397 qui
570 1356 654 1387 enim
680 1357 720 1387 ob
734 1357 875 1397 inopiam
889 1357 990 1387 victus
1007 1356 1102 1388 duces
1117 1362 1271 1398 quaenmt,
1286 1356 1397 1398 hisque
1412 1361 1524 1397 sponte
1539 1365 1573 1386 se
1585 1354 1734 1392 offerunt,

267 1405 368 1450 [736]
392 1409 530 1440 secuturi
545 1420 582 1440 ex
599 1415 738 1451 egestate
752 1410 900 1441 adversus
915 1421 970 1441 eos
984 1411 1038 1452 qui
1051 1421 1114 1442 non
1125 1416 1230 1452 egent,
1245 1411 1314 1447 hos,
1338 1416 1484 1452 tanquam
1500 1409 1640 1441 morbum
1655 1409 1735 1440 civi-

264 1465 366 1492 tatem
386 1461 641 1500 labefactantem,
668 1466 802 1496 honesto
814 1465 943 1496 coloniae
955 1466 1081 1496 nomine
1096 1465 1230 1506 benigne
1246 1464 1388 1506 expellit.
1400 1465 1467 1495 haec
1483 1463 1569 1494 omni
1583 1463 1734 1505 legumla-

261 1515 322 1546 tori
331 1517 565 1557 quodammodo
578 1529 597 1550 a
609 1519 775 1561 principio,
788 1525 824 1551 ut
836 1520 980 1557 diximus,
1004 1519 1159 1551 facienda.
1176 1519 1269 1550 nobis
1283 1524 1388 1550 autem
1401 1518 1575 1549 difficiliora
1589 1516 1734 1559 quaedam

262 1568 298 1600 in
318 1572 488 1611 praesentia
509 1578 691 1604 evenerunt.
713 1584 786 1604 nam
815 1585 918 1615 neque
945 1574 1101 1605 coloniam
1122 1584 1226 1616 neque
1252 1573 1408 1604 delectum
1425 1571 1563 1613 aliquem
1577 1571 1734 1612 purgandi

263 1623 366 1664 gratia
377 1624 418 1656 ad
432 1635 570 1666 praesens
584 1627 764 1668 excogitare
779 1633 900 1668 oportet
913 1640 921 1666 ;
945 1628 1013 1663 sed,
1039 1628 1129 1669 quasi
1153 1638 1191 1658 ex
1206 1628 1314 1658 multis
1325 1626 1462 1657 fontibus
1476 1625 1730 1666 torrentibusque

263 1687 346 1719 aqua
366 1679 407 1710 ad
430 1680 559 1711 lacunas
578 1682 704 1712 easdem
726 1681 874 1716 confluat,
899 1691 1028 1712 necesse
1052 1687 1100 1712 est
1121 1681 1294 1715 observare,
1317 1686 1363 1716 ut,
1379 1679 1433 1721 qui
1447 1677 1587 1720 undique
1599 1678 1730 1710 confluit

263 1731 385 1770 humor,
400 1734 516 1775 partim
536 1735 761 1772 exhauriendo,
790 1734 1058 1776 effundendoque,
1086 1735 1202 1776 partim
1224 1734 1397 1765 derivando
1421 1739 1517 1774 atque
1543 1732 1729 1765 divertendo

263 1778 360 1827 quam
381 1788 605 1820 mundissimus
627 1789 678 1820 sit.
695 1789 781 1820 labor
795 1794 911 1825 autem,
924 1795 959 1820 ut
973 1788 1110 1826 videtur,
1126 1794 1159 1819 et
1171 1789 1349 1830 periculum
1363 1793 1413 1818 est
1425 1787 1459 1818 in
1471 1787 1557 1818 omni
1570 1788 1724 1819 constitu-

261 1840 350 1872 tione
377 1842 475 1873 civili.
503 1843 653 1885 quoniam
680 1854 755 1874 vero
784 1853 848 1875 non
859 1854 892 1875 re
907 1854 1003 1880 nunc,
1020 1845 1075 1875 sed
1089 1843 1192 1874 verbis
1204 1843 1315 1884 agitur,
1327 1841 1486 1884 perfectus
1494 1841 1562 1882 jam
1581 1841 1671 1872 nobis
1685 1841 1729 1872 sit

262 1894 417 1933 delectus,
444 1897 558 1938 sitque,
583 1903 619 1929 ut
646 1897 870 1934 desideramus,
897 1898 981 1929 facta
1007 1898 1162 1940 purgatio.
1185 1907 1257 1928 nam
1273 1896 1384 1934 malos,
1402 1896 1458 1938 qui
1473 1897 1554 1927 hanc
1565 1895 1725 1927 civitatem

263 1949 351 1980 adire
381 1950 570 1991 gubernatur
595 1951 802 1989 contendent,
817 1963 888 1984 cum
901 1952 978 1983 satis
989 1952 1084 1994 longo
1102 1958 1242 1994 tempore
1256 1950 1547 1991 examinaverimus,
1562 1950 1648 1981 omni
1659 1959 1731 1992 per·

260 2003 406 2035 suasione
435 2007 585 2037 accedere
607 2007 828 2048 prohibemus:
853 2006 968 2048 probos
993 2012 1097 2038 autem
1121 2017 1176 2048 pro
1191 2007 1308 2037 viribus
1322 2004 1492 2036 benevolos
1506 2004 1724 2046 propitiosque

259 2056 415 2088 facientes
426 2058 612 2091 alliciemus.
633 2060 690 2091 sed
706 2070 808 2102 neque
823 2060 920 2091 latere
931 2071 989 2091 nos
1004 2061 1109 2097 debet,
1125 2070 1220 2102 quam
1235 2060 1370 2091 feliciter
1383 2059 1548 2091 nobiscum
1556 2064 1662 2090 actum
1671 2058 1725 2090 sit.

259 2111 380 2152 quippe
406 2113 668 2154 quemadmodum
696 2114 936 2145 Herculidarum
966 2115 1120 2146 coloniam
1146 2115 1274 2146 felicem
1301 2114 1397 2145 fuisse
1412 2113 1558 2148 diximus,
1573 2111 1723 2154 quoniam

261 2164 502 2197 dividendorum
516 2177 660 2209 agrorum
671 2168 982 2210 innovandarumque
998 2169 1171 2199 tabularum
1187 2178 1311 2209 gravem
1326 2173 1359 2198 et
1370 2166 1577 2208 periculosam
1589 2171 1723 2197 conten·

259 2218 378 2250 tionem
393 2220 516 2262 effugit,
532 2232 627 2263 quam
642 2222 771 2263 quidem
785 2232 853 2253 rem
867 2228 1009 2253 veterum
1025 2223 1135 2254 civitas
1151 2222 1237 2264 leges
1249 2222 1328 2252 ferre
1343 2226 1463 2256 coacta,
1477 2230 1581 2262 neque
1593 2225 1723 2262 praeter-

260 2273 383 2304 mittere
406 2280 511 2316 potest
531 2276 659 2307 omnino
686 2286 788 2318 neque
814 2286 937 2308 movere
959 2276 1208 2318 quodammodo:
1232 2277 1277 2306 ita
1303 2275 1400 2306 ferme
1415 2280 1449 2306 et
1465 2274 1554 2306 nobis
1568 2273 1723 2306 accidisse

261 2327 397 2359 videtur.
419 2330 519 2360 solum
543 2340 627 2371 ergo,
651 2335 686 2361 ut
711 2331 756 2361 ita
783 2329 898 2366 dicam,
923 2336 1020 2362 restat
1041 2337 1160 2367 votum,
1181 2340 1339 2372 parvaque
1352 2329 1484 2360 mutatio
1497 2334 1600 2365 cauta,
1612 2339 1723 2370 parum

259 2382 353 2424 longo
367 2383 402 2414 in
418 2388 557 2425 ternpore
569 2385 858 2417 transmutantibus.
882 2390 931 2415 est
953 2391 1057 2416 autem
1079 2386 1156 2421 lraec,
1175 2390 1208 2415 ut
1222 2385 1254 2415 in
1271 2385 1320 2415 his
1330 2383 1556 2415 mutationibus
1564 2382 1721 2414 faciendis

258 2445 322 2467 una
333 2446 406 2468 cum
420 2437 612 2470 debitori'ms
623 2439 732 2470 multis
746 2440 857 2470 mthos
871 2449 996 2481 quoque
1012 2450 1103 2481 agros
1118 2440 1204 2470 cives
1217 2438 1411 2481 possideant,
1425 2438 1589 2479 velintque
1609 2439 1720 2468 huma-

258 2489 341 2521 niter
372 2501 444 2522 cum
473 2493 583 2534 egenis
610 2494 849 2530 communicare,
877 2494 993 2535 partim
1024 2493 1188 2530 mittendo,
1216 2493 1330 2534 partim
1358 2491 1555 2534 accipiendo,
1577 2491 1721 2523 coln-tes

259 2543 519 2582 mediocritatem,
533 2546 810 2589 existimantesque
824 2553 1041 2589 paupertatem
1053 2559 1116 2579 non
1129 2548 1161 2578 in
1172 2547 1379 2578 diminutione
1394 2546 1599 2588 pecuniarum
1612 2545 1669 2576 sed
1685 2546 1718 2576 in

257 2598 441 2637 acquirendi
461 2600 634 2633 insatiabili
656 2602 829 2644 cupiditate
854 2603 1034 2634 consistere.
1058 2604 1116 2634 hoc
1141 2602 1224 2633 enim
1238 2601 1356 2632 civitati
1371 2601 1537 2631 maximum
1550 2606 1599 2631 est
1611 2599 1720 2631 salutis

257 2649 391 2688 initium,
417 2663 511 2695 super
540 2666 614 2697 quo,
637 2657 727 2697 quasi
748 2657 853 2688 stabili
877 2656 1092 2693 fundamento,
1112 2656 1267 2687 aedificare
1293 2660 1417 2697 postea,
1432 2653 1583 2696 quicquid
1596 2653 1719 2685 civitati

254 2703 405 2737 decorum
429 2713 463 2738 et
485 2709 559 2740 huic
582 2711 797 2742 constitutioni
822 2721 994 2752 congruum
1020 2711 1071 2748 sit,
1084 2711 1178 2742 facile
1194 2711 1323 2752 quisque
1339 2709 1468 2750 poterit.
1489 2707 1546 2739 sed
1561 2707 1589 2738 si
1602 2707 1716 2738 funda-

253 2763 395 2790 mentum
409 2761 466 2792 hoc
481 2761 585 2793 debile
601 2764 825 2806 ruinosumque
839 2765 941 2800 suerit,
970 2764 1067 2807 [737]
1096 2765 1182 2795 nulla
1206 2764 1309 2794 civilis
1326 2772 1422 2804 opera
1436 2771 1582 2804 prospere
1596 2760 1715 2792 deinde

251 2812 412 2845 succedet.
431 2814 538 2857 itaque
561 2826 629 2853 noS,
653 2817 687 2848 id
712 2818 879 2861 fugientes,
906 2819 1003 2850 immo
1025 2829 1097 2850 vero
1118 2818 1234 2854 verbis,
1260 2828 1324 2859 quo
1350 2822 1443 2859 pacto
1465 2815 1647 2857 fugiendum
1663 2815 1716 2852 sit,

252 2867 467 2908 ostendentes
482 2869 617 2904 dicimus
631 2873 752 2906 nullam
763 2884 833 2906 esse
845 2874 940 2907 aliam
955 2879 1010 2907 aut
1024 2874 1119 2906 latam
1134 2878 1190 2905 aut
1203 2877 1368 2914 angustam
1383 2869 1528 2913 fugiendi
1546 2869 1642 2908 viam,
1654 2868 1716 2902 nisi
