1840 3225
141 221 242 272 558]
539 219 612 258 DE
643 217 952 257 REPUBLICA
980 216 1082 258 LIB.
1113 218 1224 257 VIII.
1521 219 1599 256 203

135 326 270 358 invicem
286 329 462 367 spectantes
476 336 483 355 :
508 324 594 355 nullo
609 323 706 353 modo
721 322 754 353 in
779 321 827 352 his
852 331 1008 363 pauperes
1023 331 1042 351 a
1056 321 1207 352 divitibus
1228 319 1455 362 despiciuntur,
1470 320 1523 350 sed
1540 319 1603 351 sre-

133 385 270 422 quenter
283 380 376 411 homo
391 389 523 421 pauper,
540 386 653 413 macer,
669 375 829 416 cutimque
844 374 908 405 sole
933 375 1116 412 obduratus,
1142 385 1213 406 cum
1231 375 1262 405 in
1275 374 1344 405 acie
1360 375 1399 404 ad
1416 373 1600 414 opulentum

137 433 272 465 collatus
286 439 344 471 est,
357 433 388 463 in
404 433 511 464 umbra
526 430 660 461 molliter
674 429 854 465 enutritum,
883 433 978 470 atque
1003 428 1098 460 obeso
1125 439 1253 470 corpore
1279 433 1452 464 oneratum,
1467 437 1602 469 eumque

135 486 268 529 inspicit
280 487 476 518 anhelantem
491 491 524 516 et
539 485 676 521 anxium,
693 493 798 514 nonne
814 483 957 514 censebit
971 493 1025 514 sua
1040 483 1173 524 quadam
1189 483 1313 524 ignavia
1328 483 1407 513 viros
1423 481 1603 523 hujusmodi

135 541 251 573 divites
268 541 354 574 fieri:
386 546 419 572 et
443 541 520 571 alter
545 538 646 575 alteri.
671 538 818 580 quotiens
844 537 990 579 privatim
1007 537 1038 567 in
1055 547 1150 567 unum
1175 537 1375 573 convenient,
1402 537 1602 577 enarrabunt,

137 605 210 626 suos
224 595 396 637 superiores
411 593 525 625 nullius
541 593 634 636 pretii
651 593 740 624 esse?
785 592 868 623 Am.
891 591 976 622 Novi
992 596 1075 622 certe
1090 592 1136 622 ita
1149 602 1204 622 eos
1226 590 1358 622 efficere.
1403 591 1459 621 So.
1484 589 1600 621 Nonne

136 649 240 691 igitur,
251 649 514 691 quemadmodum
531 647 634 678 debile
650 652 682 678 et
704 646 963 678 valetudinarium
979 655 1103 686 corpus,
1131 645 1179 676 vel
1206 644 1333 675 minima
1361 644 1532 674 mutatione
1548 654 1601 675 ex-

138 704 288 734 trinsecus
303 703 420 745 injecta
435 703 468 733 in
484 701 606 732 morbos
621 702 744 739 incidit,
762 711 845 742 saepe
861 700 954 731 etiam
969 700 1055 730 nulla
1079 699 1268 730 extrinsecus
1294 709 1326 728 re
1347 703 1480 729 nocente
1497 698 1600 739 ipsunt

135 756 216 788 intra
231 766 263 788 se
279 757 412 791 dissidet
427 769 433 787 :
459 757 503 787 ita
519 762 552 787 et
566 756 677 787 civitas
702 756 813 787 eodem
836 755 928 785 modo
943 753 1094 795 disposita
1111 764 1148 784 ex
1164 763 1258 794 parva
1273 752 1449 788 occasione,
1466 752 1530 782 sive
1546 751 1600 782 alii

136 811 327 842 extrinsecus
354 821 371 841 a
389 821 557 852 paucorum
584 810 736 852 potentiae
764 809 905 850 subjecta
929 808 1056 840 civitate
1083 807 1255 838 subsidium
1283 806 1452 848 praebeant,
1469 806 1533 837 sive
1547 806 1602 836 alii

133 874 174 895 ex
190 865 344 907 populari,
359 869 490 906 aegrotat
505 870 538 895 et
552 875 656 896 secum
672 865 742 905 ipsa
757 862 902 894 dissentit
917 874 924 892 :
951 873 1035 903 saepe
1050 861 1143 892 etiam
1160 861 1277 902 absque
1293 865 1488 891 externorum
1505 870 1601 901 opera

133 918 340 949 seditionibus
357 919 513 960 agitatur?
550 918 648 960 [557]
674 917 757 950 Am.
782 919 922 949 Prorsus.
966 916 1021 947 So.
1046 915 1211 957 Popularis
1225 915 1334 955 utique
1358 914 1539 955 gubernatio
1555 914 1601 951 fit,

134 976 172 1002 ut
185 972 325 1009 arbitror,
341 973 467 1014 quando
486 983 639 1014 pauperes
654 977 836 1013 superantes
851 972 965 1002 divites
980 971 1094 1011 partim
1119 974 1264 1004 enecant,
1281 968 1391 1010 partim
1409 969 1440 998 in
1456 969 1600 999 exsilium

136 1025 276 1067 pellunt:
302 1027 437 1067 reliquos
452 1032 554 1057 autem
572 1026 670 1068 aequis
682 1027 728 1057 >rei
743 1026 880 1068 publicae
896 1025 1065 1055 honoribus
1081 1024 1322 1064 muneribusque
1338 1022 1489 1062 afficiunt,
1507 1028 1600 1063 atque

92 1103 93 1106 η
135 1085 171 1110 ut
187 1080 351 1121 plurimum
370 1081 400 1111 in
417 1091 456 1112 ea
468 1086 549 1112 sorte
565 1081 761 1122 magistratus
788 1080 967 1120 obtingunt.
1013 1078 1097 1110 Am.
1121 1077 1314 1118 Hujusmodi
1336 1082 1418 1107 certe
1434 1081 1481 1106 est
1497 1087 1602 1117 popu·

135 1133 207 1165 laris
231 1134 368 1166 civitatis
383 1134 579 1172 constitutio,
596 1135 661 1165 sive
678 1135 769 1165 armis
784 1135 838 1164 fiat
859 1144 912 1164 seu
939 1138 1024 1164 metu
1042 1132 1110 1163 aliis
1133 1131 1380 1162 discedentibus·
1426 1130 1481 1161 So.
1503 1131 1600 1167 Quae-

134 1197 205 1218 nam
219 1187 278 1219 erit
293 1188 385 1230 igitur
399 1189 507 1219 horum
520 1189 634 1220 civium
649 1188 735 1219 vita?
759 1188 861 1230 qualis
879 1187 1062 1229 gubernatio
1076 1187 1087 1217 ?
1119 1191 1242 1217 constat
1258 1185 1352 1220 enim,
1370 1185 1455 1226 quod
1472 1184 1515 1214 vir
1531 1184 1602 1215 talis

134 1242 296 1283 popularis
312 1242 425 1284 aliquis
441 1243 617 1284 apparebit.
663 1243 744 1273 Am.
769 1243 985 1283 Perspicuum.
1030 1241 1086 1272 So.
1110 1240 1162 1270 An
1186 1250 1249 1270 non
1271 1239 1402 1280 primum
1421 1239 1547 1280 quidem
1565 1238 1601 1268 li-

135 1297 200 1327 beri
215 1302 306 1327 erunt
321 1307 442 1339 omnes,
456 1297 629 1338 civitasque
645 1296 796 1327 libertatis
809 1297 901 1338 plena
917 1308 924 1326 :
950 1305 1132 1336 summaque
1145 1293 1273 1325 licentia
1286 1303 1340 1333 pro
1353 1292 1481 1322 libidine
1497 1292 1603 1322 onmia

133 1359 242 1381 omnes
257 1350 440 1381 audebunt?
485 1350 569 1382 Am.
594 1350 703 1381 Fertur
717 1350 858 1391 quidem.
903 1349 960 1380 So.
984 1349 1047 1380 Ubi
1063 1354 1166 1379 autem
1182 1347 1321 1388 licentia,
1345 1347 1387 1377 ibi
1404 1346 1537 1387 quisque
1554 1356 1602 1376 ar—

132 1404 248 1435 bitratu
263 1414 320 1435 suo
337 1403 432 1434 vitam
449 1403 602 1435 instituet.
647 1404 728 1435 Am.
752 1403 858 1435 Patet.
902 1404 959 1434 So.
983 1402 1194 1434 Omniformes
1208 1402 1239 1432 in
1256 1402 1313 1432 bac
1327 1401 1451 1432 civitate
1466 1410 1602 1430 nascun-

132 1463 181 1488 tur
198 1458 351 1489 homines.
385 1457 469 1488 ΑΜ.
486 1457 602 1490 Valde.
636 1458 692 1490 So.
709 1458 844 1489 Videtur
861 1458 968 1500 utique
986 1459 1052 1488 haec
1069 1457 1206 1487 omnium
1217 1466 1284 1487 esse
1295 1466 1392 1486 rerum
1408 1454 1601 1496 publicarum

132 1511 339 1554 pulcherrima
353 1523 360 1542 :
385 1516 478 1554 atque
495 1517 528 1542 ut
544 1512 673 1553 pallium
690 1513 782 1543 variis
797 1513 958 1554 depictum
972 1511 1128 1543 coloribus
1148 1510 1414 1552 speciosissimum
1431 1519 1498 1539 esse
1515 1508 1602 1539 vide·

132 1569 193 1602 tur,
210 1565 254 1596 ita
266 1565 375 1596 civitas
385 1565 461 1601 ista,
477 1566 604 1596 diversis
616 1576 654 1596 ex
671 1566 807 1596 moribus
828 1567 922 1602 varia,
939 1565 1146 1608 pulcherrima
1161 1575 1283 1606 prorsus
1299 1569 1451 1605 apparet:
1477 1573 1513 1594 ac
1529 1573 1599 1604 per«

131 1618 209 1650 inde
232 1624 270 1650 ut
293 1619 379 1661 pueri
394 1624 427 1650 et
442 1619 586 1651 mulieres
602 1621 749 1651 varietate
765 1621 921 1651 distinctis
937 1620 1071 1661 opificiis
1086 1625 1118 1650 et
1133 1618 1319 1660 spectaculis
1334 1618 1541 1654 delectantur,
1556 1618 1601 1649 sic

133 1672 223 1704 multi
238 1673 318 1704 hauc
333 1678 459 1715 propter
474 1673 652 1705 varietatem
669 1674 905 1715 pulcherrimam
921 1674 1118 1705 arbitrantur.
1149 1672 1234 1704 Am.
1258 1672 1297 1703 Et
1313 1672 1443 1702 maxime
1458 1671 1598 1712 quidem.

132 1727 192 1758 So.
214 1725 317 1769 Atqui
333 1727 428 1758 facile
443 1733 503 1765 est,
517 1738 536 1759 ο
553 1729 656 1769 beate,
671 1729 701 1759 in
717 1730 776 1760 hac
788 1729 915 1760 civitate
929 1739 991 1759 rem
1006 1728 1162 1769 publicam
1177 1738 1325 1768 quaerere.
1371 1725 1454 1757 Am.
1479 1726 1599 1762 Quam-

132 1781 262 1812 obrem?
306 1782 362 1813 So.
386 1783 544 1819 Quoniam
569 1783 674 1813 omnia
699 1793 798 1814 rerum
823 1783 1016 1824 publicarum
1039 1792 1152 1823 genera
1168 1786 1293 1822 propter
1308 1781 1465 1811 licentiam
1481 1781 1597 1810 habet:

131 1845 170 1866 ac
185 1835 306 1866 videtur
321 1837 530 1867 necessarium
543 1847 610 1868 esse
625 1837 725 1873 illum,
750 1838 803 1879 qui
831 1837 1052 1878 rempublicam
1081 1836 1242 1866 instituere
1267 1835 1366 1876 cupit,
1392 1835 1478 1875 quod
1503 1835 1597 1864 modo

132 1898 190 1920 nos
203 1890 345 1927 fecimus,
360 1891 544 1932 popularem
561 1891 718 1922 civitatem
733 1892 920 1933 ingressum,
943 1902 1011 1922 eam
1034 1891 1076 1921 rei
1091 1890 1227 1931 publicae
1243 1888 1511 1924 constitutionem,
1527 1898 1598 1929 quas

131 1944 230 1984 magis
246 1944 369 1985 placeat
384 1945 454 1981 sibi,
470 1944 610 1986 diligere,
628 1946 716 1986 quasi
733 1956 830 1976 rerum
849 1946 1042 1987 publicarum
1059 1943 1215 1974 nundinas
1227 1943 1395 1973 adeuntem
1412 1954 1419 1972 :
1445 1947 1539 1983 atque
1553 1942 1600 1973 ita

132 1997 299 2039 eligentem
314 1998 450 2029 civitatis
462 2000 588 2030 modum
599 2005 745 2031 statuere.
791 1999 875 2031 Am.
899 2000 992 2030 Forte
1006 1998 1150 2040 exempla
1160 1997 1231 2029 huic
1243 2006 1439 2037 nequaquam
1453 1996 1597 2030 deerunt.

131 2052 191 2083 So.
215 2052 302 2089 Quid
317 2054 410 2083 vero?
435 2063 474 2083 an
491 2063 552 2083 non
569 2053 670 2084 dulcis
686 2054 753 2085 liaec
770 2054 868 2095 prima
882 2054 982 2085 fronte
997 2061 1090 2095 atque
1107 2052 1212 2083 divina
1223 2051 1345 2081 videtur
1359 2050 1435 2090 vita,
1449 2056 1484 2080 ut
1496 2060 1598 2091 neque

131 2107 250 2148 cogaris
275 2107 306 2137 in
332 2107 390 2137 bac
413 2107 540 2138 civitate
567 2108 795 2149 magistratibus
819 2108 922 2149 fungi,
949 2119 1007 2139 nec
1033 2108 1128 2139 etiam
1151 2107 1176 2137 si
1204 2106 1244 2136 ad
1265 2105 1296 2136 id
1325 2104 1470 2141 sufficias,
1497 2103 1595 2146 [558]

131 2168 235 2202 neque
258 2171 377 2202 parere,
401 2162 425 2192 si
449 2162 542 2198 nolis,
566 2172 668 2203 neque
695 2163 809 2193 bellum
837 2172 940 2203 gerere
965 2161 1032 2193 aliis
1059 2161 1173 2192 bellum
1203 2159 1393 2201 gerentibus,
1413 2167 1516 2198 neque
1541 2168 1596 2198 pa-

130 2223 197 2245 cem
222 2224 314 2257 ngere
340 2216 504 2257 agentibus
530 2216 610 2252 aliis,
637 2215 697 2247 nisi
721 2217 752 2247 id
784 2217 932 2258 placeat?
967 2217 1014 2247 vel
1043 2216 1135 2246 ctiam
1162 2215 1186 2244 si
1214 2224 1277 2255 qua
1301 2219 1331 2243 te
1362 2212 1411 2243 lex
1443 2212 1597 2253 imperare

130 2272 216 2298 vetet
243 2273 276 2299 et
303 2269 474 2300 sententias
503 2269 595 2306 ferre,
626 2269 831 2301 nihilominus
861 2275 892 2301 et
922 2270 1055 2311 imperes
1084 2274 1117 2300 et
1144 2267 1315 2300 sententias
1343 2266 1423 2297 feras
1449 2266 1480 2295 in
1507 2264 1597 2306 judi-

130 2320 193 2358 cic,
219 2322 313 2353 modo
334 2322 391 2354 tibi
415 2323 475 2354 hoc
503 2324 603 2354 visum
629 2324 720 2355 fuerit
734 2325 745 2355 ?
791 2325 873 2356 Am.
906 2324 998 2355 Forte
1022 2324 1066 2355 sic
1093 2324 1225 2364 primum
1247 2322 1379 2352 videtur.
1423 2320 1480 2351 So.
1507 2320 1594 2356 Quid

130 2381 233 2407 autem
258 2380 467 2409 mansuetudo
498 2379 715 2410 damnatorum
749 2380 956 2421 quorundam,
983 2389 1088 2410 nonne
1116 2378 1253 2409 decora?
1295 2387 1335 2407 an
1366 2376 1505 2406 nondum
1535 2375 1595 2405 hac

130 2430 162 2460 in
191 2430 318 2462 civitate
348 2431 453 2462 vidisti
484 2432 624 2463 homines
655 2438 752 2464 morte
780 2433 828 2464 vel
858 2434 966 2464 exsilio
996 2433 1223 2464 condemnatos
1254 2431 1456 2461 nibilominus
1486 2428 1594 2460 urbem

129 2482 267 2515 incolere
282 2493 317 2516 ac
332 2485 456 2526 prodite
472 2485 504 2515 in
532 2486 681 2522 medium,
706 2493 738 2518 et
760 2497 857 2528 saepe,
882 2488 971 2529 quasi
996 2498 1088 2518 nemo
1117 2487 1147 2517 id
1176 2486 1281 2516 videat
1304 2489 1358 2514 aut
1377 2488 1475 2520 curet,
1499 2483 1595 2513 instar

129 2538 256 2569 hemum
278 2539 475 2580 quorundam
502 2549 558 2580 per
583 2541 688 2571 urbem
706 2541 870 2572 incedere?
922 2541 1004 2573 Am.
1030 2541 1106 2572 Vidi
1121 2541 1269 2581 equidem
1288 2538 1411 2569 multos.
1457 2537 1513 2568 So.
1538 2537 1594 2567 ln-

128 2590 293 2633 dulgentia
309 2602 379 2623 vero
394 2592 493 2634 ipsius
509 2592 604 2623 nimia
624 2599 657 2624 et
681 2595 747 2625 sine
775 2595 837 2625 ulla
852 2596 1081 2630 observatione,
1097 2594 1291 2636 negligentia
1316 2602 1434 2628 eorum,
1450 2601 1520 2632 quae
1537 2601 1595 2621 nos

128 2645 322 2683 dicebamus,
339 2657 401 2677 rem
418 2647 517 2687 ipsam
535 2647 746 2684 lionestantes,
761 2649 888 2690 quando
905 2650 1065 2680 civitatem
1088 2648 1366 2682 constituebamus,
1382 2646 1466 2687 quod
1485 2645 1595 2675 videli-

127 2704 192 2736 cet,
207 2699 266 2730 nisi
280 2700 358 2731 sorte
375 2700 444 2742 quis
459 2701 624 2731 excellenti
640 2701 680 2732 sit
703 2703 829 2744 ingenio
851 2704 1012 2745 praeditus,
1032 2712 1191 2744 nunquam
1216 2701 1261 2731 vir
1284 2701 1447 2742 praeclarus
1470 2699 1595 2735 evadet,

129 2751 188 2783 nisi
204 2763 222 2784 a
237 2750 336 2795 prima
350 2754 484 2795 pueritia
499 2755 603 2786 statim
620 2756 757 2786 honestis
773 2756 806 2787 in
822 2757 904 2788 ludis
919 2762 1066 2794 versetur,
1079 2762 1111 2787 et
1125 2755 1319 2797 ejuscemodi
1329 2755 1435 2786 omnia
1449 2754 1595 2795 frequen-

129 2809 175 2836 ter
189 2814 344 2849 exerceat,
361 2813 508 2850 tanquam
524 2819 595 2850 quae
611 2809 675 2840 alto
699 2810 802 2841 animo
829 2812 897 2843 haee
924 2811 1094 2853 pessundat
1121 2810 1224 2840 onmia
1240 2822 1247 2839 z
1272 2819 1321 2846 ea,
1337 2809 1478 2850 inquam,
1492 2806 1596 2848 negli-

133 2859 237 2899 gentia
253 2861 331 2891 nihil
349 2863 437 2903 pensi
450 2863 556 2899 habet,
571 2873 607 2894 ex
624 2863 738 2905 quibus
751 2865 862 2896 studiis
878 2865 991 2907 aliquis
1006 2876 1038 2896 se
1049 2865 1087 2896 ad
1099 2863 1206 2896 civilia
1219 2863 1370 2899 conferat,
1382 2863 1435 2894 sed
1452 2862 1594 2896 honorat,

133 2911 158 2942 si
173 2912 243 2953 quis
254 2914 409 2947 duntaxat
424 2922 543 2949 ametur
559 2928 576 2948 a
592 2917 696 2959 vulgo.
742 2918 824 2951 Am.
849 2919 949 2950 Valde
967 2919 1135 2950 admodum
1154 2927 1316 2959 geue-rosa.
1360 2917 1416 2947 So.
1440 2915 1518 2946 Haec
1533 2914 1595 2944 uti-
