1840 3225
205 239 283 279 390
766 238 1030 278 PLATole
1561 237 1659 289 [844

205 351 273 373 eam
290 342 478 383 despexerit,
492 342 634 383 duplices
649 351 756 383 poenas
782 341 859 378 luat,
884 343 985 384 primo
1010 342 1137 384 quidem
1168 341 1241 372 Deo
1270 340 1404 377 vindice,
1434 339 1552 371 deinde
1575 339 1658 380 lege,

205 406 275 437 quae
297 396 397 437 jubet,
424 403 458 427 ut
482 407 574 427 nemo
598 402 710 437 sponte
734 396 830 427 vicini
856 397 918 438 agri
943 397 1091 428 terminos
1107 401 1241 427 moveat.
1264 407 1335 426 cum
1349 405 1433 431 vero,
1448 393 1659 436 quimoverit,

202 449 379 491 quicunque
409 451 548 486 voluerit,
575 450 615 481 ad
640 450 791 491 agricolas
818 451 950 486 deferat,
978 451 1124 492 agricolae
1152 451 1193 481 ad
1211 450 1363 492 judicium
1388 449 1506 480 ducant
1522 460 1528 477 :
1554 458 1573 478 a
1599 457 1662 488 quo

205 503 380 541 damnatuS,
396 511 505 546 utpote
521 505 720 535 terminorum
736 506 818 535 clam
833 505 924 546 vique
940 505 1088 540 turbator,
1101 504 1214 535 reddat
1228 505 1438 546 patiaturque,
1463 507 1553 543 prout
1572 500 1660 542 judi-

203 567 256 587 ces
281 557 503 598 judicaverint.
525 559 621 590 multa
648 558 762 589 deinde
781 568 937 600 parvaque
953 559 1077 595 damna,
1094 559 1125 589 in
1142 558 1279 589 vincinia
1293 558 1409 599 saepius
1422 557 1515 593 sacta,
1530 565 1659 597 magnas

201 611 381 643 inimicitias
407 613 542 653 pariunt,
572 613 764 643 vicinitatem
795 612 955 643 difficilem
975 619 1007 644 et
1032 623 1165 644 amaram
1192 612 1337 643 reddunt.
1359 616 1524 653 propterea
1548 615 1661 641 caveat

202 665 335 706 vicinus,
357 677 397 697 ue
425 667 530 698 vicino
555 673 677 703 noct-at,
705 677 774 698 cum
801 668 833 697 in
849 667 918 697 aliis
932 673 999 697 tum
1013 669 1064 698 vel
1083 668 1212 698 maxime
1227 668 1258 698 iu
1276 668 1357 708 agris
1373 658 1524 697 colendis.
1545 673 1661 695 nocere

203 729 339 761 namque
365 731 427 751 non
445 721 571 752 difficile
586 722 641 751 sed
657 720 826 761 cujuslibet
841 722 973 752 hominis
988 728 1046 758 est,
1063 723 1212 763 prodesse
1229 732 1300 752 vero
1314 731 1378 752 non
1393 719 1568 762 cujuslibet.
1591 718 1662 760 qui-

204 784 327 815 cunque
354 785 426 805 vero
455 775 533 805 fines
548 774 687 815 egressus
703 775 800 805 vicini
815 775 945 805 coluerit
960 786 1059 816 agros,
1076 776 1222 806 damnum
1239 775 1393 810 restituat,
1409 779 1440 805 et
1454 773 1661 814 impudentia

203 832 298 869 atque
328 828 551 859 illiberalitatis
580 838 685 869 poenas
716 828 781 858 luat
799 840 804 857 :
830 829 1023 870 duplumque
1056 830 1125 859 loco
1154 829 1279 859 mulctae
1309 829 1368 870 ipsi
1398 829 1547 869 deponat,
1573 827 1662 869 cujus

202 892 311 922 agrum
339 882 444 914 coluit.
466 883 641 924 cognitores
669 892 742 912 vero
770 886 802 912 et
823 882 948 923 judices
963 893 1167 924 censoresque
1183 882 1277 923 hujus
1289 883 1335 914 rei
1349 893 1491 923 agrorum
1506 887 1662 913 curatores

201 937 265 967 sint
282 949 288 966 ε
313 937 345 967 in
361 937 529 978 majoribus
541 937 679 977 quidem,
696 942 730 966 ut
742 946 835 976 supra
851 935 972 966 dictum
988 942 1046 972 est,
1062 937 1224 967 universus
1240 936 1432 967 duodecimae
1448 935 1546 977 partis
1560 935 1634 966 ordo
1651 948 1661 975 ;

200 990 235 1021 in
263 991 434 1022 minoribus
455 1002 538 1027 vero,
565 991 619 1032 qui
650 990 799 1021 custodiis
813 996 960 1031 praesunt.
985 991 1012 1020 si
1033 990 1103 1031 quis
1116 990 1241 1031 pascuis
1256 995 1381 1030 noceat,
1395 989 1443 1020 illi
1458 989 1662 1020 consideratis

199 1045 322 1076 damnis
333 1045 480 1087 judicent
494 1050 587 1086 atque
612 1045 834 1076 condemnent.
859 1045 887 1075 si
908 1044 1011 1075 aliena
1025 1045 1170 1075 examina
1186 1045 1255 1086 quis
1268 1044 1475 1085 persequitur,
1491 1050 1585 1086 atque
1602 1053 1664 1075 aera

201 1100 332 1140 pulsans
347 1099 559 1130 delectatione
577 1109 655 1139 apes
669 1101 709 1130 ad
725 1109 759 1128 se
774 1098 879 1134 trahit,
896 1099 1047 1129 damnum
1061 1099 1217 1129 restituat.
1240 1099 1265 1129 si
1281 1099 1352 1140 quis
1366 1098 1472 1139 ignem
1486 1098 1519 1128 in
1535 1099 1662 1130 materi-

201 1163 251 1184 am
266 1154 308 1184 sic
319 1154 493 1189 immiserit,
507 1159 543 1184 ut
551 1153 653 1184 vicino
666 1163 730 1183 non
745 1153 873 1189 caverit,
885 1158 977 1194 prout
1002 1153 1234 1194 magistratibus
1247 1153 1412 1189 videbitur,
1424 1152 1660 1184 condemnetur.

200 1208 353 1245 similiter,
382 1209 436 1249 qui
463 1208 496 1238 in
522 1207 696 1249 plantando
720 1217 895 1238 mensuram
922 1207 1018 1238 vicini
1046 1207 1110 1248 agri
1125 1218 1187 1238 non
1204 1207 1342 1248 reliquit,
1359 1208 1400 1237 ita
1417 1208 1582 1248 plectatur,
1597 1215 1632 1238 ut
1645 1218 1664 1239 a

198 1262 358 1304 plerisque
381 1262 635 1303 legumlatoribus
661 1261 851 1292 sufficienter
867 1266 915 1291 est
930 1260 1059 1292 dictum.
1083 1272 1210 1303 quorum
1227 1261 1348 1303 legibus
1363 1261 1409 1291 uti
1424 1262 1584 1298 debemus,
1601 1271 1662 1293 nec

199 1321 309 1357 putare
326 1317 423 1347 multa
438 1322 470 1347 et
485 1316 625 1353 minima,
641 1327 711 1358 quae
727 1315 896 1357 cujuslibet
912 1315 1126 1356 legumlatoris
1140 1322 1223 1352 sunt,
1241 1326 1259 1346 a
1275 1315 1382 1356 majori
1398 1315 1533 1346 civitatis
1547 1315 1661 1347 condi-

198 1375 265 1401 tore
281 1381 348 1402 esse
370 1371 554 1402 sancienda.
576 1381 649 1401 narn
677 1376 709 1401 et
735 1371 774 1401 de
801 1370 888 1411 aquis
910 1370 1020 1411 priscae
1046 1370 1133 1412 leges
1162 1376 1194 1401 et
1217 1370 1307 1400 bonae
1328 1375 1411 1405 sunt,
1434 1379 1503 1410 quae
1521 1369 1662 1410 profecto

197 1425 382 1457 recitatione
406 1426 585 1456 derivandae
615 1435 679 1456 non
707 1430 789 1455 sunt·
814 1424 910 1466 [814]
936 1425 992 1455 sed
1021 1425 1073 1466 qui
1103 1435 1214 1466 aquam
1231 1424 1272 1455 ad
1287 1435 1340 1455 sua
1357 1424 1490 1454 voluerit
1501 1424 1627 1459 ducere,
1644 1436 1662 1455 a

197 1480 334 1521 publicis
361 1480 497 1511 fontibus
522 1480 567 1510 ita
595 1479 744 1515 deducat,
771 1486 804 1509 ut
831 1479 947 1509 nullius
976 1479 1088 1519 privati
1118 1478 1319 1509 manifestum
1347 1478 1466 1509 sontem
1489 1478 1661 1519 perturbet.

199 1533 336 1565 deducat
350 1539 464 1570 autem,
481 1545 542 1576 qua
559 1530 646 1570 velit,
661 1539 868 1575 praeterquam
886 1544 942 1574 per
957 1533 1065 1564 domos
1082 1539 1135 1563 aut
1150 1534 1295 1574 sepulcra
1311 1538 1365 1563 aut
1379 1533 1447 1563 loca
1462 1532 1534 1562 Diis
1549 1542 1660 1563 conse-

199 1593 284 1619 crata
302 1600 309 1618 :
334 1599 392 1619 nec
420 1588 503 1618 aliud
533 1589 683 1618 damnum
697 1587 822 1623 inferat,
838 1587 898 1618 nisi
914 1586 998 1628 quod
1013 1587 1051 1618 ab
1067 1588 1136 1628 ipso
1151 1588 1252 1618 rivulo
1269 1587 1411 1618 efficitur.
1428 1587 1512 1628 quod
1528 1586 1553 1616 si
1570 1597 1660 1628 aquae

198 1641 317 1683 inopia,
340 1644 407 1672 solo
435 1642 531 1672 insita
556 1643 587 1672 in
619 1642 697 1672 locis
726 1641 893 1682 aliquibus,
910 1651 1005 1682 aquas
1020 1642 1059 1672 ab
1072 1641 1154 1673 Jove
1171 1642 1359 1682 prodeuntes
1373 1651 1437 1672 non
1451 1641 1577 1676 retinet,
1591 1651 1663 1672 cum

198 1696 384 1727 necessitate
400 1695 556 1737 quispiam
571 1695 775 1737 opprimatur,
793 1695 824 1725 in
838 1695 906 1725 loco
920 1705 976 1726 suo
992 1695 1031 1725 ad
1045 1701 1159 1726 cretam
1171 1706 1272 1736 usque
1284 1695 1416 1726 effodiat
1428 1706 1434 1724 :
1458 1699 1501 1731 et,
1516 1694 1543 1725 si
1555 1695 1614 1725 hac
1628 1694 1662 1725 iu

198 1749 412 1792 profunditate
425 1750 505 1780 nihil
517 1760 606 1790 aquae
621 1749 786 1786 invenerit,
813 1754 934 1779 tantum
961 1759 979 1779 a
1009 1749 1120 1780 vicinis
1147 1754 1288 1791 aquetur,
1313 1754 1462 1790 quantum
1489 1749 1664 1780 necessitas

198 1805 347 1846 postulati
369 1804 425 1835 sed
448 1805 474 1834 si
497 1804 610 1835 vicinis
626 1814 751 1845 quoque
765 1814 866 1845 pauca
882 1803 932 1840 sit,
946 1803 1084 1845 aquandi
1101 1803 1222 1840 modus,
1238 1814 1300 1845 quo
1315 1809 1418 1834 utatur
1432 1803 1585 1844 quotidie,
1601 1802 1662 1834 sibi

198 1858 237 1890 ab
250 1859 316 1900 agri
341 1858 532 1890 curatoribus
561 1863 725 1888 statuatur.
748 1858 775 1888 si
800 1868 872 1888 vero
900 1868 989 1899 aquae
1013 1858 1170 1899 pulviales
1195 1858 1367 1895 abundent,
1384 1864 1417 1889 et
1432 1857 1486 1899 qui
1497 1857 1663 1888 inferiores

198 1918 302 1954 partes
326 1913 470 1944 habitant
489 1917 544 1943 aut
571 1912 690 1948 colunt,
707 1911 862 1942 defluxum
879 1912 924 1942 ita
938 1912 1133 1953 prohibeant,
1149 1917 1184 1943 ut
1199 1912 1408 1953 superioribus
1422 1917 1559 1943 noceant
1574 1923 1581 1941 :
1606 1915 1663 1942 aut

198 1971 306 1998 contra
320 1966 347 1996 si
361 1967 512 2007 superior,
522 1965 755 1996 inconsiderate
768 1965 863 1996 fluere
880 1975 978 2006 aquas
995 1966 1188 2007 permutem,
1202 1966 1343 1997 inferiori
1357 1970 1482 2003 noceat,
1497 1970 1529 1997 et
1543 1975 1660 1997 conve-

197 2020 265 2051 nire
288 2020 371 2051 inter
397 2031 431 2051 se
450 2026 633 2062 nequeant:
657 2020 692 2050 in
718 2019 792 2050 urbe
817 2019 943 2061 quidem
972 2020 1083 2056 aediiis,
1108 2020 1141 2051 in
1170 2021 1251 2062 agris
1265 2031 1352 2057 vero,
1368 2020 1422 2062 qui
1436 2020 1518 2062 agris
1533 2024 1660 2062 praeest,

197 2075 327 2105 modum
355 2074 506 2115 imponat.
528 2084 622 2115 quem
647 2074 672 2103 si
702 2074 771 2115 quis
799 2084 863 2104 non
891 2074 1071 2110 servaverit,
1101 2073 1228 2105 invidiae
1257 2081 1290 2106 et
1319 2074 1524 2116 perversitatis
1549 2083 1662 2115 poenas

197 2128 366 2168 persolvat,
382 2134 414 2158 et
427 2128 530 2158 vicino
546 2128 694 2158 damnum
709 2127 741 2157 in
757 2127 853 2168 duplo
867 2127 1022 2158 restituat.
1044 2128 1200 2159 fructuum
1225 2133 1327 2160 autem
1354 2128 1526 2160 communis
1552 2127 1661 2168 hujus·

197 2182 285 2212 modi
300 2182 500 2223 participatio
516 2182 566 2211 sit.
580 2182 652 2211 bina
668 2181 756 2211 nobis
769 2182 875 2222 gratiae
890 2182 972 2212 dona
987 2183 1053 2212 hoec
1066 2182 1138 2212 Dea
1151 2182 1295 2224 largitur:
1313 2193 1407 2213 unum
1420 2182 1660 2224 Dionysiacum,

196 2236 281 2276 quod
296 2235 423 2267 recondi
437 2246 500 2266 non
516 2241 636 2277 potest:
661 2236 792 2266 alterum
817 2245 898 2270 vero,
915 2235 1000 2276 quod
1015 2236 1195 2277 repositiani
1212 2241 1318 2276 aptum
1336 2241 1394 2267 est.
1417 2237 1485 2268 haec
1498 2236 1595 2277 igitur
1608 2237 1659 2268 lex

197 2289 237 2321 de
252 2290 402 2321 fructibus
416 2290 571 2321 sanciatur
587 2301 593 2319 :
619 2289 673 2330 qui
699 2300 775 2319 uvas
791 2294 844 2319 aut
860 2289 937 2320 ficus
951 2290 991 2320 de
1007 2290 1128 2321 rusticis
1141 2290 1291 2321 fructibus
1308 2296 1381 2321 ante
1397 2291 1562 2322 vindemiae
1578 2297 1657 2323 tem-

196 2354 256 2385 pus
278 2345 460 2386 gustaverit,
484 2343 569 2386 quod
584 2350 702 2375 arcturo
720 2344 885 2381 concurrit,
901 2344 1128 2386 quinquaginta
1143 2346 1318 2381 drachmas,
1335 2346 1361 2375 si
1377 2346 1417 2376 de
1433 2356 1488 2377 suo
1503 2356 1577 2388 argo
1593 2347 1659 2378 col-

194 2398 315 2439 legerit,
345 2398 500 2441 Diouysio
523 2398 715 2430 dedicandas
744 2398 901 2440 persolvat
920 2410 926 2428 ε
952 2399 999 2429 sin
1025 2409 1043 2429 a
1071 2399 1179 2430 vicinis
1207 2399 1374 2440 acceperit,
1389 2399 1506 2430 minam
1523 2412 1529 2430 :
1554 2401 1602 2431 siu
1618 2402 1658 2432 ab

196 2452 277 2488 aliis,
292 2453 370 2483 duas
386 2453 476 2483 minae
499 2458 614 2493 partes.
639 2463 713 2483 uvas
737 2459 841 2483 autem
857 2453 1006 2494 ficusque,
1025 2463 1102 2494 quos
1118 2464 1286 2495 generosos
1299 2454 1539 2491 nominavimus,
1554 2464 1659 2496 neque

197 2506 362 2537 commode
377 2507 505 2538 recondi
523 2512 663 2548 possunt,
680 2508 836 2548 quomodo
854 2513 886 2537 et
902 2509 1028 2549 quando
1058 2508 1145 2543 velit,
1171 2507 1197 2538 si
1222 2517 1279 2538 sua
1303 2508 1371 2539 haec
1396 2513 1480 2545 sunt,
1504 2509 1657 2550 colligat:

196 2560 245 2590 sin
267 2571 340 2591 vero
363 2561 476 2597 aliena,
494 2561 642 2603 quoniam
668 2562 718 2592 lex
733 2567 792 2598 est,
808 2567 842 2592 ut
857 2572 947 2592 nemo
964 2566 1098 2598 moreat,
1115 2572 1185 2603 quae
1201 2572 1265 2593 non
1281 2560 1437 2602 deposuit,
1451 2563 1507 2603 qui
1522 2563 1659 2604 accepit,

195 2614 256 2644 nisi
269 2615 468 2655 persuaserit,
485 2615 658 2646 mulctetur.
685 2615 781 2658 [845]
806 2616 890 2657 quod
907 2616 931 2646 si
948 2626 1053 2646 servus
1069 2616 1222 2657 quispiam
1238 2625 1301 2646 non
1315 2625 1463 2656 persuaso
1477 2615 1542 2657 agri
1557 2615 1658 2647 domi-

195 2677 237 2698 no
252 2677 304 2698 eas
330 2669 464 2709 accepit,
486 2679 542 2710 pro
571 2669 700 2710 singulis
726 2670 845 2701 ficubus
875 2680 1064 2711 uvarumque
1091 2670 1189 2701 acinis
1213 2669 1347 2711 aequalia
1373 2679 1502 2700 numero
1529 2669 1658 2701 verbera

196 2721 340 2762 patiatur.
362 2722 544 2763 inquilinus,
568 2723 718 2755 fructibus
740 2724 866 2765 emptis,
889 2724 927 2753 ad
953 2724 1176 2765 repositionem
1192 2723 1321 2764 ineptis,
1335 2722 1361 2752 si
1377 2723 1474 2764 cupit,
1491 2728 1656 2755 vescatur:

195 2775 379 2817 peregrinus
401 2783 507 2807 autem
522 2777 554 2807 in
571 2778 640 2819 ipso
655 2778 777 2813 itinere,
795 2778 820 2808 si
837 2783 973 2808 trauseat
987 2777 1082 2813 solus,
1095 2783 1149 2808 aut
1165 2788 1234 2808 cum
1251 2787 1314 2807 uno
1331 2777 1558 2809 tantummodo.
1575 2778 1657 2810 sruc-

193 2834 246 2860 tus
259 2839 322 2859 non
337 2831 544 2870 reponendos,
561 2831 588 2862 si
603 2832 690 2868 velit,
706 2833 853 2874 hospitali
873 2843 946 2863 cum
961 2833 1052 2862 venia
1068 2837 1184 2874 gustet.
1207 2832 1284 2862 alios
1310 2836 1414 2862 autem
1430 2836 1564 2872 gustare,
1579 2843 1657 2874 quos

195 2883 328 2914 rusticos
339 2883 481 2920 dicimus,
501 2887 681 2926 peregrinos
695 2897 820 2928 quoque
837 2887 884 2917 lex
900 2886 1072 2928 prohibeat.
1096 2886 1143 2916 sin
1158 2895 1233 2917 vero
1245 2885 1427 2928 repositioni
1439 2891 1528 2927 aptos
1541 2886 1658 2918 inscius

196 2937 344 2978 tetigerit,
359 2948 464 2969 servus
481 2938 605 2979 quidem
624 2941 794 2980 plectatur:
820 2941 897 2972 liber
910 2946 1012 2972 nutem
1031 2940 1217 2975 dimittatur,
1234 2939 1411 2971 admonitus
1426 2939 1503 2971 ficus
1518 2949 1656 2981 uvasque
