1840 3225
144 200 243 251 592]
561 201 633 238 DE
665 198 973 237 REPUBLICA
1010 200 1108 239 ΜΒ.
1142 201 1211 240 ΙΧ.
1531 206 1605 244 221

144 317 215 338 vero
233 305 498 347 mercenariusque
515 305 645 336 affectus
662 314 716 335 cur
733 302 856 333 infamis
872 302 1030 333 habetur?
1048 308 1123 335 tune
1139 309 1221 334 certe
1238 305 1305 336 haec
1321 304 1354 336 in
1370 306 1608 344 nobisinfamia,

144 361 271 403 quando
287 361 357 402 quis
373 361 469 402 partis
485 359 613 401 optimae
639 357 775 399 speciem
792 363 902 387 natura
918 356 1043 387 sortitus
1059 363 1106 388 est
1132 358 1330 397 imbecillam,
1346 360 1425 392 adeo
1438 366 1473 392 ut
1489 362 1608 399 bestiis,

145 425 214 456 quae
228 415 258 445 in
271 427 309 446 eo
325 420 408 450 sunt.
423 413 577 445 dominari
601 423 662 443 non
680 411 780 453 possit
795 423 802 441 ε
825 411 922 441 immo
938 410 1039 442 colere
1063 411 1131 443 illas
1141 419 1236 454 queat
1247 414 1432 457 studeatque
1444 415 1608 453 duntaxat,

143 474 175 500 et
190 480 293 500 earum
309 470 407 500 solum
434 478 525 499 nosse
542 466 722 497 blanditias.
769 463 885 496 Gmu.
909 464 1055 496 Videtur.
1100 466 1155 498 So.
1181 466 1297 498 Nonne
1321 473 1355 498 ut
1370 468 1547 510 hujusmodi
1566 470 1609 501 vir

144 534 160 553 a
179 524 231 554 tali
248 524 383 564 quodam
400 523 480 553 duce
496 526 631 562 regatur,
648 532 666 551 a
681 518 766 559 quali
783 525 815 550 et
832 519 969 560 optimus
991 520 1123 561 quisque
1147 521 1271 562 regitur,
1288 532 1407 553 servum
1424 523 1525 564 ipsum
1542 534 1609 555 esse

144 578 258 608 debere
273 577 407 608 dicimus
421 576 533 617 optimi
551 574 618 611 viri,
635 574 839 615 divinumque
853 574 886 604 in
904 584 936 604 se
951 573 1020 615 ipso
1036 574 1404 616 habentisimperatorem
1420 577 1430 606 ?
1453 587 1554 619 neque
1568 578 1607 609 ad

143 631 277 673 subjecti
290 631 443 672 jacturam
461 640 568 671 parere
583 629 670 659 illum
695 628 809 659 debere
832 627 982 669 superiori
1004 638 1179 666 censemus,
1195 630 1458 670 quemadmodum
1475 631 1515 662 de
1535 632 1608 663 sub-

142 684 218 715 ditis
233 684 375 715 omnibus
400 682 597 714 existimabat
611 682 861 724 Thrasymachus
876 693 883 712 z
908 681 962 712 sed
979 681 1053 723 quia
1068 688 1193 724 praestat
1207 683 1322 725 cuique
1338 684 1445 715 divino
1461 686 1611 727 sapienti-

142 749 205 780 que
220 737 357 780 principi
374 737 487 779 subjici
503 749 509 768 τ
534 737 666 767 maxime
682 736 809 778 quidem
825 736 850 767 si
865 736 958 767 talem
974 736 1007 766 in
1023 746 1056 767 se
1070 736 1139 778 ipso
1156 737 1327 779 principem
1344 739 1457 770 habeat
1472 751 1479 770 :
1505 741 1529 771 si
1548 753 1610 772 non

142 792 268 828 habeat,
293 792 427 834 principi
453 791 527 823 huic
543 791 652 822 saltem
669 791 834 822 exteriori:
860 796 896 821 ut
918 801 1025 822 omnes
1047 791 1154 833 simus,
1170 793 1272 834 quoad
1298 793 1364 823 fieri
1381 799 1494 836 potest,
1510 796 1613 827 consi-

145 846 232 877 miles
255 851 288 877 et
310 847 414 883 amici,
429 847 540 878 eodem
564 846 706 888 principe
730 845 905 887 gubernati.
951 844 1067 877 GLAu.
1090 845 1193 877 Recte
1221 847 1360 879 nimium.
1407 849 1462 880 So.
1486 849 1609 892 Perspi-

143 911 236 932 cuum
263 901 390 943 quidem
417 911 455 932 ex
479 901 547 943 lege
571 901 619 941 fit,
642 901 728 942 quod
753 900 814 931 tale
838 900 988 943 quiddam
1011 900 1109 942 ipsius
1125 906 1172 932 est
1187 901 1364 939 consilium,
1380 913 1450 934 curn
1468 905 1613 936 omnibus

143 954 264 986 civibus
280 966 368 996 aeque
385 955 570 997 prospiciat.
594 962 626 986 et
640 955 804 997 imperium
829 955 907 986 illud
922 955 954 985 in
971 965 1084 996 pueros
1101 955 1182 986 idem
1199 957 1349 993 ostendit,
1365 967 1428 999 quo
1445 959 1613 1000 prohiben-

143 1016 193 1040 tur
207 1009 346 1051 suijuris
362 1021 429 1041 esse
445 1010 623 1051 priusquam
648 1010 679 1040 in
695 1009 787 1051 ipsis,
803 1010 1067 1052 quemadmodum
1082 1010 1113 1040 in
1129 1010 1269 1048 civitate,
1285 1022 1347 1042 rem
1365 1012 1520 1053 publicam
1537 1025 1613 1046 con-

145 1064 347 1101 stituerimuS,
364 1064 579 1107 optimamque
602 1064 741 1106 ipsorum
757 1069 876 1105 partem
892 1064 1032 1095 colentes
1056 1075 1093 1095 ex
1109 1065 1228 1106 optima
1243 1065 1338 1097 nostri
1355 1072 1441 1108 parte
1456 1068 1614 1100 exterioris

145 1118 238 1160 hujus
254 1119 407 1161 principis
437 1119 506 1150 loco
523 1118 654 1150 similem
670 1118 828 1160 quendam
851 1118 883 1149 in
911 1119 987 1160 ipsis
1013 1119 1175 1150 custodem
1201 1120 1233 1150 in
1257 1130 1290 1150 se
1306 1120 1374 1162 ipso
1389 1131 1426 1152 ac
1441 1122 1613 1164 principem

142 1174 367 1205 creaverimus:
392 1178 487 1216 atque
512 1183 566 1204 eos
595 1178 670 1205 tunc
698 1174 824 1204 demum
851 1173 964 1204 liberos
988 1184 1055 1204 esse
1082 1174 1296 1215 permittimus.
1342 1173 1459 1207 GLAU.
1483 1176 1616 1208 Constat

145 1228 251 1269 plane.
296 1228 351 1260 So.
371 1228 444 1266 Qua
459 1228 554 1270 igitur
567 1228 704 1264 ratione,
720 1238 740 1258 o
757 1227 894 1264 Glauco,
910 1228 1060 1269 prodesse
1077 1229 1168 1259 alicui
1186 1238 1356 1259 asseremus
1371 1229 1487 1270 injuste
1503 1229 1551 1262 vel
1565 1230 1616 1261 in-

147 1287 318 1323 temperate
335 1283 384 1313 vel
397 1282 527 1324 turpiter
541 1281 659 1323 aliquid
673 1281 776 1313 facere
790 1281 849 1312 ?ex
862 1281 975 1323 quibus
987 1282 1132 1323 operibus
1147 1282 1282 1313 deterior
1295 1283 1365 1319 erit,
1380 1284 1454 1314 dum
1467 1285 1617 1325 pecunias

144 1336 308 1378 ampliores
324 1342 379 1367 aut
405 1337 497 1367 aliam
514 1336 656 1377 quamvis
684 1335 857 1377 potentiam
884 1336 1117 1377 consequetur?
1163 1336 1279 1368 GLAu.
1304 1336 1414 1368 Nulla.
1458 1338 1517 1370 So.
1542 1339 1614 1376 Quo

145 1394 238 1431 pacto
253 1390 416 1432 injurianti
433 1391 580 1432 prodesse
597 1390 748 1427 dicemus,
764 1395 799 1421 ut
812 1394 844 1421 et
859 1389 957 1421 lateat
972 1401 1079 1421 omnes
1094 1397 1126 1421 et
1141 1401 1204 1421 non
1220 1391 1274 1421 det
1291 1401 1395 1432 poenas
1408 1392 1420 1423 ?
1441 1402 1548 1424 nonne
1560 1394 1615 1435 qui

143 1443 232 1481 latet,
259 1445 352 1476 etiam
380 1445 416 1475 fit
441 1444 600 1476 deterior?
625 1445 759 1476 hominis
783 1450 886 1476 autem
911 1445 1098 1487 deprehensi
1126 1445 1332 1487 castigatique
1357 1456 1425 1488 pars
1448 1447 1501 1478 illa
1516 1447 1615 1480 ferina

144 1500 270 1530 sedatur
285 1505 318 1531 et
336 1500 535 1536 mansuescit,
553 1500 726 1531 domestica
751 1510 822 1530 vero
846 1509 915 1541 pars
939 1499 1108 1531 liberatur?
1133 1506 1165 1531 et
1188 1500 1309 1531 animus
1326 1505 1408 1531 totus
1424 1501 1455 1531 in
1471 1506 1613 1533 naturam

144 1555 293 1595 optimam
309 1554 471 1586 restitutus
495 1565 533 1585 eo
548 1554 760 1596 pretiosiorem
784 1554 879 1585 sumit
901 1555 1054 1592 habitum,
1069 1555 1305 1596 temperantiam
1321 1561 1353 1585 et
1364 1554 1519 1596 justitiam
1542 1567 1614 1588 curn

146 1609 311 1649 prudentia
325 1609 466 1651 capiens,
481 1619 574 1650 quam
600 1620 727 1651 corpus,
743 1620 814 1641 cum
838 1610 930 1641 robur
952 1616 983 1640 et
999 1610 1129 1640 formam
1158 1620 1228 1641 cum
1253 1609 1386 1641 sanitate
1401 1611 1615 1653 consequitur,

143 1673 207 1705 quo
223 1663 325 1694 anima
340 1669 388 1695 est
401 1674 531 1706 corpore
550 1664 714 1705 pretiosior
728 1664 738 1695 ?
785 1663 902 1696 GLAU.
924 1663 976 1696 Sic
991 1670 1039 1695 est
1053 1664 1192 1695 omnino.
1236 1664 1292 1696 So.
1317 1664 1527 1702 Quamobrem
1544 1666 1615 1708 qui·

143 1727 268 1759 cunque
284 1718 396 1749 mentis
412 1724 459 1749 est
484 1729 627 1761 compos,
644 1729 680 1750 ac
697 1720 756 1750 hoc
772 1729 896 1750 omnem
923 1729 1009 1750 suam
1032 1719 1175 1750 instituet
1200 1718 1306 1750 vitam.
1330 1729 1444 1761 nempe
1459 1719 1493 1751 in
1510 1721 1616 1762 primis

143 1781 195 1802 eas
211 1772 394 1813 disciplinas
407 1773 531 1815 plurimi
547 1773 653 1810 faciet,
669 1784 740 1816 quae
767 1774 860 1805 talem
876 1774 1013 1805 animum
1039 1772 1137 1815 ipsius
1152 1773 1304 1811 efficiunt,
1320 1774 1395 1805 alias
1411 1780 1514 1806 autem
1531 1786 1616 1817 sper·

143 1830 209 1858 net.
255 1826 370 1858 Grau.
395 1827 612 1859 Manifestum.
656 1828 712 1860 So.
736 1827 845 1870 Atque
870 1838 973 1870 neque
999 1838 1113 1869 corpus
1139 1827 1222 1858 colet
1246 1832 1279 1858 et
1300 1828 1418 1859 nutriet
1444 1834 1479 1859 ut
1504 1829 1612 1861 ferinae

143 1879 376 1923 irrationalique
392 1882 548 1923 voluptati
570 1882 754 1924 indulgeat:
780 1893 883 1923 neque
906 1884 946 1913 ad
961 1882 1126 1914 sanitatem
1152 1882 1184 1912 id
1201 1881 1330 1913 referet:
1356 1893 1459 1924 neque
1473 1883 1614 1915 studiose

144 1934 175 1964 id
192 1941 322 1976 quaeret‚
339 1941 374 1966 ut
388 1938 532 1967 robustus
549 1936 596 1967 vel
614 1947 707 1968 sanus
722 1937 763 1967 sit
779 1937 828 1967 vel
845 1936 996 1967 formosus
1012 1948 1021 1975 ;
1044 1936 1103 1968 nisi
1117 1946 1178 1967 una
1195 1946 1266 1968 cuni
1282 1936 1330 1967 his
1345 1935 1430 1968 colat
1444 1942 1476 1968 et
1491 1942 1614 1979 tempe-

146 1989 287 2026 rantiam,
332 1991 377 2022 ita
414 1997 449 2020 ut
485 1991 623 2032 corporis
653 1991 845 2022 harmoniam
882 1997 1009 2033 propter
1045 1991 1140 2022 animi
1178 1996 1331 2033 temperet
1361 1992 1610 2025 consonantiam.

145 2042 261 2074 Gtau.
284 2044 334 2075 Ita
358 2055 490 2086 prorsus,
516 2046 542 2075 si
567 2045 694 2087 quidem
720 2056 827 2077 revera
853 2045 974 2076 futurus
996 2046 1036 2076 sit
1060 2045 1206 2077 musicus.
1250 2045 1306 2076 So·
1329 2045 1391 2076 Sed
1407 2056 1510 2088 neque
1525 2047 1611 2088 vulgi

145 2096 350 2130 aestimatione
381 2104 566 2136 commotus,
596 2100 736 2131 ordinem
767 2107 799 2131 et
825 2101 1024 2132 concordiam
1053 2100 1086 2131 in
1114 2099 1258 2142 pecuniis
1274 2100 1472 2141 possidendis
1488 2110 1611 2132 earum-

145 2161 206 2193 que
235 2153 393 2183 cumulum
429 2154 641 2191 admirabitur,
672 2155 837 2196 augebitve
861 2165 913 2186 eas
939 2155 970 2185 in
1006 2155 1176 2192 infinitum,
1199 2154 1329 2185 infinitis
1364 2154 1452 2186 malis
1490 2156 1610 2186 obnox-

143 2206 203 2238 ius.
249 2206 365 2239 GLAu.
388 2207 464 2239 Non
481 2213 576 2245 certe,
593 2214 628 2239 ut
651 2210 792 2241 arbitror.
836 2210 895 2242 So.
919 2209 1036 2240 Verum
1063 2210 1102 2241 ad
1119 2208 1294 2241 interiorem
1310 2209 1357 2240 sui
1372 2219 1434 2240 rem
1451 2209 1609 2251 publicam

144 2271 266 2302 semper
280 2262 434 2303 aspiciens
450 2263 585 2301 cavebit,
602 2274 642 2295 ne
657 2264 734 2306 quid
748 2264 782 2295 in
797 2275 835 2296 ea
850 2275 868 2295 e
889 2275 945 2295 suo
970 2269 1052 2295 statu
1075 2264 1232 2295 dimoveat
1254 2268 1381 2305 propter
1401 2263 1608 2305 indigentiam

143 2315 343 2355 pecuniarum
358 2317 407 2348 vel
420 2318 556 2359 copiam.
572 2322 667 2359 atque
682 2319 726 2350 ita
742 2329 864 2360 semper
878 2324 910 2350 et
923 2319 954 2350 in
969 2318 1187 2361 comparandis
1203 2324 1236 2349 et
1247 2318 1279 2349 in
1292 2318 1456 2359 erogandis
1466 2318 1608 2360 pecuniis

143 2379 199 2409 pro
215 2369 328 2400 viribus
344 2371 539 2412 gubernabit.
587 2371 704 2406 GLau.
728 2374 943 2415 Summopere.
989 2374 1046 2405 So.
1069 2374 1156 2411 Quin
1181 2378 1213 2404 et
1227 2374 1359 2403 honores
1374 2373 1414 2403 ad
1430 2371 1512 2403 idem
1530 2373 1608 2404 refe-

143 2427 199 2453 ret.
224 2422 323 2466 [592]
349 2435 418 2455 nam
434 2435 488 2456 eos
503 2427 654 2458 duntaxat
669 2428 820 2469 gustabit,
837 2440 874 2460 ex
890 2429 1003 2471 quibus
1019 2428 1175 2459 meliorem
1191 2437 1353 2458 evasurum
1369 2437 1400 2457 se
1413 2431 1537 2468 sperat:
1555 2438 1609 2459 eos

143 2483 247 2508 autem
271 2485 303 2509 et
319 2479 459 2519 privatim
477 2485 511 2510 et
525 2481 652 2521 publice
668 2482 781 2524 fugiet,
797 2484 911 2525 quibus
928 2484 1086 2515 deturbari
1110 2494 1200 2525 posse
1216 2482 1407 2523 quandoque
1423 2487 1606 2522 praesentem

142 2531 239 2562 animi
264 2532 313 2563 sui
327 2537 440 2563 statum
458 2539 589 2566 veretur.
634 2535 749 2567 Graiu.
772 2537 846 2569 Non
871 2549 944 2579 ergo
961 2548 1022 2569 rem
1042 2538 1125 2568 volet
1147 2536 1270 2568 civilem
1286 2535 1512 2573 administrare,
1527 2536 1553 2566 si
1575 2537 1606 2567 id

143 2586 306 2617 curaverit.
350 2586 405 2618 So.
429 2587 530 2618 Immo
548 2599 603 2629 per
617 2600 739 2627 canem,
766 2593 819 2623 sed
842 2593 874 2623 in
892 2593 958 2635 ipsa
984 2591 1145 2633 suiipsius
1172 2590 1310 2621 civitate.
1335 2595 1367 2620 et
1393 2591 1523 2621 maxime
1537 2592 1607 2632 qui-

142 2639 236 2671 dem:
262 2651 326 2671 non
342 2647 444 2673 tamen
470 2642 501 2673 in
519 2644 619 2684 patria
641 2645 782 2683 forsitan,
799 2647 858 2678 nisi
881 2658 947 2678 sors
970 2647 1114 2689 quaedam
1139 2645 1247 2676 divina
1271 2644 1448 2686 contigerit.
1493 2644 1608 2676 Gtau.

141 2692 288 2737 Intelligo
305 2695 463 2737 equidem,
478 2698 563 2739 quod
578 2709 616 2729 ea
631 2699 664 2730 in
685 2700 814 2733 civitate
837 2702 934 2738 dices,
957 2712 1050 2744 quam
1075 2711 1131 2731 nos
1147 2700 1346 2732 condidimus
1371 2699 1402 2729 in
1421 2700 1583 2740 praesentia
1599 2712 1605 2729 :

142 2757 212 2788 quae
227 2757 258 2780 et
273 2750 306 2780 in
323 2751 423 2782 verbis
437 2757 486 2783 est
501 2752 665 2791 duntaxat,
681 2753 713 2785 in
730 2756 816 2787 terris
833 2767 904 2788 vero
922 2767 1087 2798 nusquam,
1104 2760 1139 2786 ut
1154 2755 1290 2786 arbitror.
1338 2753 1395 2785 So.
1419 2753 1465 2784 At
1480 2754 1558 2784 forte
1575 2755 1606 2784 iu

142 2801 220 2833 coelo
235 2803 319 2834 illius
334 2810 435 2836 exstat
450 2807 622 2849 exemplar,
638 2809 843 2851 conspicuum
868 2811 926 2848 illi,
943 2811 997 2853 qui
1020 2815 1053 2841 et
1067 2810 1181 2841 intueri
1198 2808 1331 2840 voluerit
1345 2814 1377 2839 et
1391 2819 1424 2838 se
1439 2808 1540 2850 ipsum
1565 2809 1603 2838 ad

144 2855 234 2892 illud,
249 2868 318 2888 cum
335 2859 466 2892 intuitus
481 2867 540 2902 est,
555 2862 727 2894 instituere.
752 2864 828 2895 nihil
846 2872 949 2896 autem
967 2865 1070 2904 refert,
1086 2863 1150 2894 sive
1175 2863 1294 2905 uspiam
1313 2863 1352 2893 sit
1367 2862 1429 2892 sive
1445 2863 1513 2892 crit.
1535 2872 1605 2902 quae

145 2909 227 2939 enim
244 2910 326 2942 illius
341 2913 443 2946 officia
460 2921 543 2952 sunt,
559 2923 630 2958 aget
647 2918 744 2949 solum
762 2931 768 2949 :
795 2930 864 2961 quae
882 2920 1007 2951 alterius
1025 2925 1107 2956 sunt,
1125 2927 1331 2960 nequaquam.
1377 2916 1494 2946 Gl-At'·
1519 2914 1603 2946 Con·

149 2969 329 2995 scntaneum
347 2974 403 2997 cst.
