1840 3225
232 216 326 266 366]
357 243 363 249 .
814 215 1112 255 Axrocuus.
1614 219 1691 256 503

226 318 344 359 spicies
368 323 463 359 atque
479 317 654 359 expendes,
670 327 707 348 ea
722 317 867 348 nimirum
882 322 915 348 et
932 322 1023 349 aetate
1039 323 1073 348 et
1088 318 1244 356 doctrina,
1261 324 1380 360 quauta
1395 328 1454 350 nec
1469 319 1637 362 quisquam
1649 320 1691 350 sit

229 371 495 403 Atheniensium?
518 372 600 403 illud
625 372 773 402 nimirum
798 371 883 412 quod
907 371 1125 412 frequentibus
1145 372 1309 403 hominum
1323 374 1522 404 sermonibus
1541 373 1691 415 jactatur,

226 426 336 457 Vitam
361 428 441 457 hanc
469 431 605 457 nostram
637 435 706 456 esse
736 425 1022 466 peregrinationem
1038 437 1044 453 :
1082 431 1115 455 et
1144 432 1394 457 consentaneum
1421 438 1489 458 esse
1518 433 1553 457 ut
1580 428 1604 458 ii
1635 427 1690 467 qui

224 480 314 511 illius
339 480 528 511 curriculum
555 479 720 510 commode
751 483 784 509 et
809 480 942 509 honeste
967 480 1160 519 peregerint,
1186 490 1277 521 aequo
1301 481 1405 511 animo
1421 486 1453 511 et
1467 491 1565 522 prope
1581 482 1690 511 laetum

226 544 339 575 paeana
353 539 514 570 canentes,
529 532 710 564 necessitati
727 533 913 563 concedant.
936 531 1016 563 adeo
1027 539 1133 563 autem
1148 534 1238 564 molli
1250 534 1414 576 fractoque
1427 536 1532 565 animo
1541 535 1688 566 affectum

227 598 309 624 esse,
335 597 370 619 ut
394 588 433 619 ab
456 587 549 629 hujus
562 587 637 617 vitae
653 597 758 618 amore
773 588 828 616 vix
843 597 879 617 ac
894 596 935 617 ne
951 587 1007 617 vix
1022 586 1151 628 quidem
1166 587 1272 618 divelli
1290 598 1397 629 queas,
1413 588 1565 628 puerilem
1581 589 1689 628 potius

224 652 320 683 quam
336 646 531 673 constantem
543 646 759 682 maturamque
776 646 901 672 aetatem
915 642 1018 672 decet.
1061 640 1144 671 Tum
1170 641 1346 678 Axiochus,
1370 642 1451 672 Sunt
1474 642 1536 672 ista
1553 641 1691 683 (inquit)

225 705 310 737 vera,
337 696 492 731 Socrates,
518 700 552 725 et
576 701 661 726 recte
686 694 816 736 quidem
839 705 890 725 me
921 705 1039 726 mones.
1063 694 1120 725 sed
1147 695 1255 726 nescio
1271 697 1439 736 quomodo,
1457 696 1533 726 dum
1548 706 1599 726 me
1615 697 1692 727 mali

226 759 339 780 sensus
362 750 488 790 premit,
513 749 604 780 fortis
627 749 685 779 illa
713 755 747 779 et
765 749 919 790 exquisita
943 749 1044 779 oratio
1069 751 1272 790 praetervolat
1285 754 1318 780 et
1332 750 1521 791 negligitur:
1545 750 1579 780 in
1604 751 1694 792 cujus

227 804 335 834 locum
359 803 502 834 succedit
527 808 626 834 metus
649 803 789 845 quidam,
805 804 890 834 varie
907 802 1092 834 excrucians
1107 803 1245 833 animum
1258 814 1376 840 meum,
1391 804 1528 834 futurum
1545 803 1694 835 videlicet

225 861 273 898 ut,
301 857 328 888 si
351 856 445 898 liujus
473 857 554 888 lucis
574 867 668 888 usura
695 858 798 898 iisque
818 868 889 898 quae
915 858 952 888 in
967 867 1005 888 ea
1021 856 1130 887 insunt
1143 857 1233 888 bonis
1250 858 1374 888 orbatus
1388 858 1486 894 fuero,
1502 858 1694 899 sempiterna

227 910 387 942 oblivione
412 911 566 952 sepultus,
592 916 684 952 prout
699 921 765 942 sors
780 910 900 947 tulerit,
909 911 1035 953 jaceam
1049 917 1083 942 et
1098 916 1278 952 putrescam
1290 917 1322 943 et
1336 912 1368 942 in
1381 922 1502 942 vermes
1518 917 1695 943 conver-tar.

225 964 306 995 Tum
331 975 402 1006 ego,
427 964 530 1006 Atqui
553 969 587 995 tu
610 954 754 1006 quidem,
770 964 928 1002 Axioche,
944 971 1073 1006 propter
1087 976 1189 996 rerum
1204 966 1446 1006 ignorationem,
1461 966 1693 998 inconsiderate

223 1020 328 1050 nectis
349 1029 475 1050 sensum
500 1030 574 1050 cum
598 1030 709 1050 sensus
737 1020 879 1050 carentia
894 1031 900 1049 :
936 1029 972 1049 ac
990 1019 1122 1060 proinde
1136 1020 1311 1060 pugnantia
1328 1025 1358 1051 et
1373 1020 1451 1050 facis
1465 1025 1497 1050 et
1512 1019 1602 1056 dicis,
1619 1019 1694 1050 dum

224 1083 290 1103 non
303 1073 530 1104 animadvertis
545 1079 577 1104 te
594 1084 635 1105 ex
648 1084 686 1105 eo
701 1073 810 1104 dolere
827 1073 913 1114 quod
928 1083 1022 1104 sensu
1040 1073 1100 1103 tibi
1116 1073 1285 1104 carendum
1302 1074 1343 1104 sit
1358 1079 1429 1115 post
1439 1079 1583 1111 mortem,
1596 1074 1696 1104 omni-

227 1137 289 1168 que
323 1128 504 1168 voluptate:
535 1133 568 1159 et
596 1128 750 1158 vermium
780 1127 941 1169 quandam
970 1128 1154 1158 vastitatem
1184 1128 1242 1158 tibi
1271 1128 1311 1158 ob
1341 1129 1449 1159 oculos
1478 1134 1695 1169 repraesentas,

226 1186 376 1222 tanquam
391 1182 423 1212 in
439 1183 566 1213 alteram
581 1182 678 1213 vitam
693 1182 737 1212 sis
750 1182 929 1218 moriturus,
946 1192 1009 1212 non
1026 1191 1100 1212 vero
1114 1181 1161 1212 ita
1174 1181 1300 1212 futurus
1316 1188 1349 1212 ut
1359 1182 1443 1212 omni
1455 1192 1548 1212 sensu
1561 1182 1696 1212 destitu-

229 1244 293 1272 are,
321 1235 416 1267 sicuti
430 1246 498 1267 eras
519 1242 692 1277 antequam
714 1238 901 1267 nascereris.
947 1235 994 1266 Eo
1007 1235 1094 1266 enim
1106 1241 1249 1277 tempore
1265 1246 1328 1277 quo
1343 1235 1450 1266 Draco
1464 1241 1497 1266 et
1513 1235 1696 1266 Clisthenes

229 1289 491 1321 administrabant
506 1290 659 1331 rempubl.
681 1290 762 1320 nihil
778 1296 809 1320 te
825 1289 1002 1330 attingebat
1017 1290 1105 1321 mali.
1130 1289 1286 1330 (necdum
1301 1290 1384 1320 enim
1404 1300 1545 1330 coeperas
1560 1289 1697 1319 existere

226 1349 261 1374 ut
272 1345 389 1375 malum
405 1345 445 1375 ad
462 1349 493 1375 te
511 1350 617 1385 posset
627 1343 804 1385 pertinere)
827 1344 873 1374 ita
886 1354 990 1384 neque
1003 1349 1076 1385 post
1091 1349 1225 1374 mortem
1241 1344 1311 1374 erit.
1327 1354 1431 1385 neque
1448 1344 1533 1374 enim
1546 1349 1581 1374 ut
1595 1344 1696 1374 ullum

226 1402 323 1439 queat
337 1397 369 1428 in
384 1405 412 1429 te
425 1399 546 1435 malum
561 1398 685 1434 cadere,
705 1408 742 1429 eo
754 1403 822 1428 tum
838 1408 872 1428 es
883 1397 1012 1428 futurus.
1057 1398 1224 1429 Pellantur
1252 1398 1348 1439 igitur
1373 1398 1443 1428 istae
1469 1398 1598 1438 ineptiae
1614 1408 1698 1439 pene

229 1452 343 1493 aniles,
370 1458 465 1494 atque
490 1453 571 1483 adeo
593 1453 638 1483 ita
663 1462 735 1482 cum
762 1452 869 1482 animo
893 1457 949 1482 tuo
979 1451 1148 1493 diligenter
1171 1458 1308 1494 reputa:
1332 1453 1443 1483 Soluta
1456 1453 1514 1482 hac
1531 1452 1698 1482 animantis

230 1515 396 1547 compage,
420 1506 590 1547 animoque
613 1516 718 1537 rursus
750 1505 784 1536 in
809 1516 900 1536 suum
923 1506 1146 1548 propriumque
1173 1507 1276 1537 locum
1302 1506 1459 1542 restituto,
1485 1516 1597 1547 corpus
1612 1506 1698 1547 quod

233 1561 381 1591 relictum
405 1565 464 1596 est,
490 1571 588 1602 quum
603 1566 636 1591 et
650 1568 809 1591 terrenum
823 1560 864 1590 sit
880 1565 913 1590 et
926 1561 1060 1591 rationis
1076 1571 1200 1601 expers,
1217 1571 1281 1591 non
1296 1561 1429 1602 amplius
1444 1570 1513 1592 esse
1529 1560 1701 1590 hominem.

233 1620 376 1645 nostrum
389 1615 475 1645 enim
490 1615 708 1656 unusquisque
724 1625 799 1654 suus
814 1620 862 1645 est
871 1615 996 1645 animus
1011 1626 1017 1644 :
1035 1615 1223 1645 immortalis
1246 1615 1392 1645 nimirum
1414 1620 1447 1645 et
1469 1614 1609 1650 divinus,
1623 1614 1701 1644 licet

230 1670 289 1700 hac
306 1669 432 1700 mortali
445 1668 587 1700 custodia
599 1668 790 1700 includatur.
809 1670 905 1711 [306]
931 1668 1003 1699 Hoc
1015 1673 1120 1699 autem
1131 1669 1367 1699 tabernaculum
1380 1674 1487 1699 nostro
1499 1667 1700 1698 incommodo

230 1722 399 1753 molestum
416 1728 449 1753 et
464 1733 557 1764 grave
575 1723 787 1754 circumdedit
801 1723 1110 1764 circumscripsitque
1127 1722 1266 1754 Natura:
1294 1722 1381 1764 cujus
1397 1722 1526 1764 quidem
1541 1721 1701 1762 superfici-

227 1777 301 1807 ariae
316 1777 465 1818 levesque
481 1777 661 1819 voluptates
673 1782 704 1808 et
717 1777 811 1808 facile
820 1777 957 1814 evolant,
969 1788 1066 1818 quum
1079 1783 1185 1808 tamen
1198 1776 1341 1818 plurimis
1352 1777 1474 1807 interea
1485 1775 1700 1816 voluptatibus

227 1830 290 1860 sint
305 1831 466 1871 permixtae
480 1842 486 1859 :
513 1831 635 1862 dolores
651 1842 726 1862 vero
743 1832 813 1873 puri
828 1832 974 1873 putique,
990 1832 1023 1862 in
1040 1831 1153 1873 quibus
1167 1832 1246 1861 nihil
1262 1830 1303 1861 sit
1315 1831 1491 1862 admixtum
1504 1829 1679 1871 voluptatis
1694 1841 1701 1859 :

228 1889 262 1915 et
275 1889 382 1915 tamen
398 1884 548 1922 diuturni,
563 1890 599 1916 ut
614 1886 669 1916 vix
685 1896 721 1917 ac
736 1896 777 1916 ne
793 1886 843 1916 vix
860 1885 990 1927 quidem
1007 1885 1114 1916 excuti
1128 1885 1262 1927 possint.
1308 1885 1396 1922 Quid
1422 1884 1546 1915 morbos
1562 1893 1699 1915 comme—

231 1940 373 1969 morem?
398 1938 475 1980 quid
491 1949 643 1970 sensuum
658 1940 784 1970 ulcera?
807 1940 885 1981 quid
906 1941 1034 1970 interna
1044 1939 1123 1970 vitia
1136 1940 1146 1969 ?
1170 1940 1204 1969 in
1219 1949 1351 1980 quorum
1364 1938 1504 1969 omnium
1518 1938 1701 1968 societatem

233 1992 391 2023 communi
414 2003 508 2023 sensu
535 1993 650 2023 doloris
674 1993 762 2023 venit
787 1994 922 2029 animus,
938 1994 1160 2024 disseminatus
1178 1999 1210 2023 et
1227 1994 1316 2034 quasi
1332 1993 1421 2023 fusus
1435 1992 1633 2033 aequabiliter
1644 2002 1701 2033 per

229 2057 339 2077 omnes
365 2046 431 2077 vias
453 2047 606 2088 corporis,
630 2052 667 2078 ut
692 2047 827 2078 coelestis
852 2047 939 2078 illius
968 2048 1158 2089 cognatique
1186 2048 1312 2078 aetheris
1327 2047 1481 2078 desiderio
1497 2052 1529 2077 et
1545 2047 1636 2087 quasi
1651 2046 1704 2077 siti

229 2105 375 2130 teneatur
388 2099 461 2141 ejus
475 2101 558 2136 vitae,
572 2111 667 2142 quam
681 2101 750 2131 illic
765 2111 886 2132 summa
901 2112 972 2132 cum
983 2101 1186 2143 jucunditate
1202 2102 1411 2142 concupiscit.
1458 2101 1488 2131 A
1504 2101 1595 2131 malis
1606 2100 1703 2140 igitur

229 2163 314 2184 mors
329 2153 469 2189 abducit,
483 2164 546 2185 non
563 2165 581 2185 a
597 2155 701 2187 bonis.
747 2155 856 2192 Quum
870 2156 967 2197 igitur
984 2156 1109 2198 (lnquit
1123 2155 1301 2198 Axiochus)
1322 2156 1402 2186 hanc
1419 2155 1527 2191 vitam,
1544 2155 1701 2191 Socrates,

232 2206 331 2238 ducas
352 2208 386 2238 in
415 2208 515 2244 malis,
543 2209 696 2250 quidnam
722 2219 825 2240 causae
847 2216 896 2241 est
921 2221 976 2241 cur
1001 2210 1037 2241 in
1060 2220 1099 2240 ea
1119 2211 1272 2240 maneas?
1297 2210 1470 2251 praesertim
1483 2220 1577 2250 quum
1594 2209 1702 2240 solerti

232 2272 339 2292 rerum
362 2262 568 2304 indagatione
592 2263 731 2294 maxime
752 2265 869 2301 valeas,
898 2265 1054 2305 nobisque
1083 2264 1162 2295 adeo
1193 2264 1373 2305 vulgaribus
1402 2263 1580 2293 hominibus
1606 2263 1701 2304 longe

233 2315 407 2346 antecellas
421 2316 431 2346 ?
477 2316 579 2358 Atqui
594 2317 759 2359 (inquam)
775 2319 820 2349 mi
833 2318 991 2355 Axioche,
1006 2318 1046 2349 de
1059 2329 1110 2349 me
1127 2318 1257 2359 quidem
1267 2322 1351 2348 certe
1365 2327 1428 2348 non
1441 2327 1512 2347 vera
1525 2316 1680 2358 praedicas
1695 2328 1702 2346 τ

230 2368 288 2399 sed
315 2369 348 2399 in
378 2369 491 2399 eadem
518 2380 553 2400 es
575 2381 638 2411 qua
667 2372 780 2413 vulgus
808 2373 1054 2404 Atheniensium
1084 2372 1244 2403 sementia
1259 2383 1266 2401 z
1291 2371 1545 2413 quandoquidem
1562 2371 1592 2401 in
1606 2370 1701 2401 rebus

231 2422 461 2464 investigandis
486 2423 658 2455 studiosius
673 2435 798 2466 operam
815 2427 901 2458 soleo
917 2427 1078 2463 adhibere,
1094 2436 1145 2457 me
1162 2426 1312 2467 praeclara
1324 2425 1458 2467 quadam
1476 2435 1577 2455 rerum
1592 2424 1701 2466 cogni-

231 2476 318 2507 tione
343 2478 458 2509 valere.
505 2478 624 2509 Verum
650 2479 811 2511 enimvero
839 2485 962 2511 tantum
985 2481 1074 2512 abest
1101 2486 1136 2511 ut
1163 2479 1369 2522 exquisitiora
1395 2479 1452 2510 illa
1466 2484 1498 2510 et
1513 2479 1701 2510 abstrusiora

234 2531 425 2572 intelligam,
449 2536 484 2562 ut
506 2532 581 2563 trita
601 2533 669 2564 haec
683 2545 754 2575 quae
771 2535 803 2565 in
820 2535 981 2566 communi
997 2545 1056 2565 usu
1072 2535 1144 2565 vitm
1161 2539 1335 2568 versantur,
1352 2533 1496 2564 onmibus
1512 2533 1594 2564 votis
1608 2543 1703 2563 nosse

230 2585 426 2626 percupiam.
471 2586 514 2616 Et
528 2586 590 2617 ista
605 2587 734 2628 quidem
749 2599 818 2630 quae
834 2589 905 2620 dico
920 2594 994 2620 sunt
1009 2589 1160 2630 sapientis
1175 2587 1307 2619 Prodici
1320 2587 1438 2618 dictata
1453 2598 1460 2616 :
1484 2597 1619 2627 quorum
1640 2586 1702 2616 alia

235 2639 361 2671 duobus
386 2639 497 2676 obolis,
524 2641 586 2671 alia
611 2642 732 2672 duabus
761 2643 930 2680 drachmis,
957 2643 1103 2686 quaedam
1118 2648 1252 2684 quatuor
1275 2642 1348 2672 erni.
1371 2651 1473 2682 neque
1488 2640 1575 2671 enim
1589 2640 1636 2670 vir
1651 2639 1705 2670 ille

235 2704 417 2735 quenquam
433 2694 527 2735 gratis
541 2694 654 2727 docet:
679 2697 824 2737 soletque
841 2707 966 2739 semper
982 2698 1014 2728 in
1027 2707 1081 2728 ore
1097 2696 1212 2727 habere
1229 2694 1462 2736 Epicharmium
1474 2694 1553 2724 illud
1569 2693 1701 2728 dictum,

235 2748 354 2780 Manus
370 2759 495 2781 manum
511 2748 638 2786 fricat:
662 2751 702 2781 da
717 2751 849 2792 aliquid,
865 2755 896 2783 et
910 2761 984 2792 cape
999 2752 1133 2792 aliquid.
1177 2749 1288 2790 Nuper
1306 2758 1380 2779 vero
1406 2758 1503 2789 quum
1529 2747 1611 2787 apud
1630 2745 1704 2776 Cal-

233 2801 322 2837 liam,
349 2802 526 2844 Hipponici
542 2803 654 2839 filiurn,
670 2804 882 2844 profiteretur,
901 2812 967 2836 tarn
983 2807 1097 2835 acriter
1112 2804 1265 2834 adversus
1279 2802 1375 2833 vitam
1390 2801 1547 2835 disseruit,
1565 2805 1598 2829 ut
1614 2809 1653 2830 ex
1669 2810 1708 2830 eo

234 2855 334 2886 vitam
359 2856 441 2887 inter
461 2868 511 2888 res
540 2857 694 2888 levissimi
718 2858 866 2889 momenti
891 2859 1177 2890 connumerandam
1201 2857 1350 2898 putarim,
1373 2865 1410 2886 ac
1435 2853 1566 2895 proinde
1584 2853 1708 2884 animus

239 2919 329 2941 meus
341 2916 476 2942 mortem
487 2911 754 2954 percupiat‚mihi
769 2912 1044 2950 crede‚Axioche.
1089 2913 1282 2954 Ecquaenam
1309 2910 1438 2941 tandem
1461 2907 1581 2949 <inquit
1610 2906 1710 2937 Axio-
