1840 3225
166 265 244 302 458
630 256 852 304 INCERTI
883 264 1158 305 Auc‘roats
1538 267 1635 320 [98⁷

167 369 268 406 putet,
285 370 319 396 ut
334 365 390 397 alii
402 376 510 397 eorum
526 366 586 398 Dii
600 367 674 402 sim,
691 367 744 398 alii
761 366 888 398 minime
907 378 916 408 ;
940 369 994 400 alii
1006 369 1152 411 legitimi,
1174 369 1230 400 alii
1256 369 1348 406 tales,
1364 369 1474 412 quales
1488 370 1579 402 nefas
1593 376 1644 402 eet

168 418 274 450 dicere
290 431 297 448 ε
323 420 379 451 sed
396 430 504 452 omnes
516 421 625 452 fratres
641 427 674 452 et
697 422 730 452 in
755 421 901 453 fraternis
915 423 1054 454 sortibus
1064 424 1210 455 viventes
1226 424 1379 460 dicamus.
1394 423 1497 466 iisque
1511 425 1645 456 honores

168 472 341 504 reddamus
358 485 364 503 ε
388 484 453 505 non
478 474 532 505 alii
561 485 688 512 annum,
704 476 758 507 alii
773 487 929 514 mensem,
945 478 999 509 alii
1014 478 1136 509 nullam
1152 483 1265 510 sortem
1281 479 1444 510 nullumve
1457 484 1594 520 tempus,
1609 479 1645 510 in

171 536 234 567 quo
249 527 401 558 circulum
416 538 507 559 suum
522 530 685 571 percum-it.
701 531 857 561 mundum
870 537 1080 573 ornatumque
1094 542 1157 562 una
1172 532 1350 573 perficiem,
1367 542 1460 574 quem
1473 531 1552 563 ratio
1575 541 1643 563 om-

169 580 255 610 nium
271 581 471 613 divinissima
486 583 642 614 visibilem
660 585 782 615 statuit.
803 585 887 616 hunc
903 586 948 616 vir
964 585 1040 616 felix
1066 586 1201 628 primum
1224 596 1422 628 summopere
1449 585 1620 617 admiratur
1635 598 1643 616 :

168 631 286 664 deinde
301 636 476 676 cupiditate
489 637 579 668 ardet
592 648 632 668 ea
647 638 805 674 discendi,
821 650 1016 681 quaecunque
1032 650 1051 671 a
1065 645 1174 672 natura
1192 640 1319 671 mortali
1342 639 1467 682 percipi
1489 645 1621 681 possunt
1636 650 1644 670 :

169 688 214 718 sic
230 689 396 720 arbitratus
412 691 531 731 optime
547 697 642 734 atque
658 692 841 724 felicissime
858 703 893 724 se
910 693 1076 731 victurum,
1090 699 1123 725 et
1138 705 1210 726 cum
1235 694 1419 730 decesserit,
1443 693 1484 724 ad
1506 703 1645 735 congrua

167 741 277 773 virtuti
287 743 358 774 loca
371 749 549 777 venturum.
572 752 665 788 atque
681 747 727 778 ita
742 757 813 778 vere
829 747 986 784 initiatus,
1003 755 1036 779 et
1051 749 1119 790 ipse
1132 758 1212 779 unus
1227 758 1322 779 unam
1336 757 1445 779 revera
1456 747 1644 790 sapientiam

166 801 290 833 nactus,
303 799 460 839 reliquum
473 805 596 841 tempus
606 801 638 831 in
649 811 753 832 rerum
765 802 906 832 omnium
918 803 1196 843 pulcherrimarum
1209 802 1481 844 contemplatione
1493 806 1646 832 versatur.

169 855 243 890 post
263 851 343 892 haec,
359 863 430 894 quae
450 859 482 884 et
499 859 576 895 quot
590 860 676 891 sunt,
693 855 867 887 dicendum
882 862 942 887 est.
959 856 1105 897 equidem
1122 856 1275 887 affirmare
1292 855 1396 887 audeo
1410 865 1571 898 nunquam
1587 865 1648 886 nos

168 904 204 935 in
219 905 278 935 hoc
293 907 464 938 mendaces
477 907 555 939 fore.
573 909 688 940 iterum
703 915 774 940 octo
790 920 860 940 esse
876 910 1010 941 dicimus
1025 922 1031 940 :
1057 920 1186 951 quarum
1211 916 1274 941 tres
1296 910 1389 940 dictae
1404 914 1489 945 sunt,
1504 909 1645 951 quinque

168 963 298 990 restant.
322 966 432 1000 quarta
450 972 525 992 vero
551 968 583 993 et
605 963 716 1004 quinta
741 964 819 994 latio
836 968 868 994 et
884 964 1045 994 anfractus
1059 963 1174 1005 aequali
1189 963 1285 994 ferme
1301 964 1470 995 velocitate
1483 974 1553 994 cum
1578 963 1645 995 sole

168 1010 324 1043 feruntur.
347 1014 454 1055 itaque
469 1026 576 1057 neque
591 1017 748 1048 tardiores
765 1022 834 1048 sunt
853 1028 959 1059 neque
975 1017 1162 1049 velociores.
1176 1023 1272 1059 atque
1287 1018 1397 1048 harum
1411 1017 1505 1048 trium
1522 1027 1647 1059 semper

169 1066 328 1097 sufficiens
353 1068 464 1100 ductor
489 1076 538 1101 est
562 1070 743 1103 intellectus
758 1084 764 1101 z
789 1073 876 1109 solis,
894 1071 978 1108 dico,
995 1077 1028 1103 et
1043 1072 1180 1109 luciferi,
1197 1077 1231 1103 et
1244 1071 1330 1103 tertii
1343 1071 1446 1108 illius,
1462 1071 1558 1113 quod,
1574 1081 1647 1102 cum

172 1119 346 1160 ignoretur,
372 1124 526 1155 nominari
542 1135 605 1155 non
621 1131 738 1166 potest.
760 1126 846 1167 quod
856 1131 1027 1168 propterea
1038 1127 1158 1157 factum
1171 1131 1230 1162 est,
1243 1125 1393 1167 quoniam
1403 1125 1525 1167 primus
1537 1126 1647 1156 harum

171 1183 273 1205 rerum
300 1182 459 1217 spectator
482 1179 630 1209 barbarus
655 1180 727 1211 fuit,
751 1180 881 1221 antiqua
901 1181 984 1211 enirn
1007 1181 1096 1222 regio
1119 1181 1190 1211 illos
1214 1180 1305 1216 aluit,
1330 1179 1382 1221 qui
1399 1185 1529 1221 propter
1543 1179 1648 1212 aestivi

170 1230 320 1270 temporis
342 1232 543 1263 serenitatem
567 1233 662 1274 primi
689 1235 755 1264 lraec
782 1234 998 1275 inspexerunt.
1022 1234 1120 1276 [987]
1144 1234 1217 1265 talis
1244 1234 1406 1275 AEgyptus
1422 1238 1456 1264 et
1470 1233 1560 1275 Syria
1575 1233 1648 1268 fuit.

169 1283 225 1314 ubi
241 1285 341 1315 stellae
353 1295 476 1327 semper
492 1297 614 1326 omnes,
626 1293 662 1318 ut
676 1287 720 1318 ita
732 1288 876 1324 dixerim,
890 1289 974 1319 clare
987 1294 1176 1319 cernuntur:
1201 1288 1276 1329 quia
1289 1289 1358 1318 coeli
1369 1279 1534 1329 aspectum
1546 1287 1648 1318 nubes

169 1343 203 1368 et
227 1339 342 1379 pluviae
367 1350 432 1370 non
456 1340 645 1382 impediunt.
670 1341 742 1372 inde
767 1342 829 1373 huc
853 1348 884 1373 et
907 1343 970 1372 alio
986 1353 1188 1384 quocunque,
1206 1341 1331 1373 infinito
1345 1347 1487 1383 tempore
1503 1340 1647 1382 probata,

168 1391 232 1422 ista
255 1398 431 1424 manarunt.
454 1402 643 1437 quapropter
667 1406 783 1436 magna
809 1407 878 1426 cum
906 1396 1021 1428 fiducia
1044 1397 1113 1427 haec
1136 1396 1261 1438 legibus
1279 1395 1472 1427 sanciantur.
1493 1405 1546 1426 res
1560 1395 1646 1426 enim

170 1444 296 1476 divinas
320 1458 383 1477 non
404 1458 474 1479 esse
502 1449 698 1480 venerandas
724 1449 876 1486 arbitrari,
903 1456 957 1481 aut
973 1451 1039 1481 haec
1055 1459 1258 1492 nequaquam
1274 1459 1343 1480 esse
1361 1448 1480 1485 divina,
1495 1455 1646 1480 extremae

163 1498 340 1533 ,dementire
366 1501 457 1533 foret.
489 1503 573 1543 quod
600 1509 703 1534 autem
727 1504 913 1535 nominibus
938 1509 1115 1539 caruerunt,
1142 1513 1236 1535 causa
1261 1503 1347 1534 dicta
1373 1508 1442 1534 est:
1476 1504 1647 1545 agnomina

171 1559 278 1585 tamen
304 1554 445 1586 Deorum
470 1562 591 1587 tenent.
615 1557 726 1589 lucifer
746 1559 841 1593 enim,
868 1558 922 1599 qui
948 1564 980 1589 et
1008 1569 1120 1599 vesper
1146 1564 1205 1593 est,
1229 1558 1323 1588 stella
1338 1557 1534 1598 Aphrodstis,
1552 1556 1584 1587 id
1600 1562 1649 1588 est

171 1607 319 1646 Veneris,
350 1619 417 1641 esse
443 1610 577 1642 dicitur:
602 1612 688 1652 quod
714 1611 834 1643 dictum
859 1612 951 1654 Syrio
971 1613 1132 1642 nominum
1155 1611 1276 1642 auctori
1289 1610 1384 1642 valde
1397 1621 1572 1653 congruum
1588 1615 1648 1641 est.

171 1663 267 1693 stella
294 1674 379 1699 vero,
408 1675 477 1706 quae
495 1666 659 1705 aequaliter
683 1667 780 1697 ferme
803 1677 873 1697 cum
900 1667 964 1697 sole
991 1671 1023 1696 et
1048 1667 1105 1697 hoe
1133 1666 1238 1701 currit,
1264 1665 1429 1696 Mercurii.
1450 1669 1570 1696 restant
1584 1670 1650 1696 tres

172 1716 274 1748 adhuc
303 1718 434 1749 lationes
459 1729 576 1755 eorum,
607 1721 661 1760 qui
693 1720 733 1750 ad
759 1719 903 1751 dextram
934 1731 1004 1752 cum
1036 1720 1100 1751 sole
1131 1721 1272 1760 lunaque
1303 1725 1479 1750 moventur.
1500 1724 1646 1750 octavum

171 1778 327 1812 praeterea
342 1773 456 1804 circum
471 1784 570 1804 unum
586 1780 710 1815 oportet
726 1774 952 1816 dicere,qtrem
962 1775 1031 1816 jure
1045 1773 1200 1805 mundum
1216 1783 1384 1815 supernum
1398 1773 1470 1815 quis
1481 1782 1648 1814 nuncupa-

170 1824 237 1855 bit:
262 1826 316 1868 qui
331 1832 440 1857 contra
455 1837 547 1868 quam
565 1828 665 1858 ceteri
682 1835 820 1859 movetur
835 1834 1018 1870 ceterosque
1034 1838 1140 1859 secum
1157 1827 1262 1863 trahit,
1288 1832 1323 1858 ut
1344 1827 1525 1858 hominibus
1543 1836 1646 1869 pauca

171 1879 211 1910 de
236 1880 276 1910 iis
301 1874 474 1911 scientibus
489 1882 624 1912 videtur.
647 1881 702 1912 sed
718 1892 849 1913 necesse
866 1888 916 1913 est
938 1893 976 1913 ea
993 1882 1110 1918 dicere,
1127 1892 1195 1922 quae
1212 1881 1402 1913 sufficienter
1418 1881 1647 1923 cognoscimus.

171 1943 246 1964 vera
261 1934 345 1964 enim
361 1934 516 1975 sapientia
531 1936 588 1966 hac
603 1935 723 1968 ratione
739 1935 972 1977 quodammodo
991 1936 1033 1967 illi
1051 1942 1194 1978 apparet,
1225 1936 1282 1977 qui
1307 1936 1355 1967 vel
1380 1935 1540 1967 modicum
1570 1935 1647 1977 quid

171 1993 265 2018 rectae
281 1989 459 2029 divinaeque
474 1990 696 2031 intelligentiae
722 1997 833 2021 nactus
857 1996 918 2021 est.
939 1991 1071 2030 reliqua».
1097 1996 1169 2021 sunt
1197 1981 1300 2021 sreuae*
1319 1995 1402 2020 tres:
1427 1999 1559 2031 (piarum
1583 1999 1648 2020 una

173 2041 286 2072 ceteris
299 2041 417 2072 tardior
431 2048 490 2077 est.
505 2054 575 2084 quae
591 2044 715 2075 Saturni
733 2045 860 2075 nomine
878 2055 895 2075 a
912 2045 1099 2086 quibusdam
1117 2045 1369 2086 cognominatur.
1392 2054 1462 2086 quae
1479 2043 1648 2084 posthanc

173 2095 235 2125 situ
248 2101 280 2125 et
297 2095 444 2126 tarditate
461 2097 596 2137 ponitur,
613 2097 702 2128 Jovis
719 2109 788 2128 esse
805 2099 947 2130 dicatur:
973 2098 1088 2130 deinde
1114 2099 1237 2135 Martis,
1251 2099 1305 2140 qui
1321 2103 1493 2129 ceterorum
1508 2097 1647 2128 maxime

172 2148 287 2178 rubens
315 2156 373 2179 est.
396 2150 462 2180 haec
492 2149 670 2187 intellectu,
698 2152 722 2181 si
754 2153 825 2192 quis
850 2158 1001 2194 exponat,
1027 2152 1170 2183 difficilia
1183 2162 1250 2184 non
1271 2158 1367 2182 sunt:
1392 2151 1449 2182 sed
1477 2157 1647 2192 postquam

173 2201 374 2238 intellexeris,
404 2203 446 2233 ita
471 2204 511 2234 tle
539 2204 598 2239 his,
621 2210 656 2234 ut
681 2205 826 2239 diximus,
844 2206 1086 2237 existimandum
1102 2213 1161 2237 est.
1184 2207 1261 2237 illud
1279 2206 1373 2237 etiam
1389 2205 1518 2236 cuilibet
1534 2204 1650 2236 Graeco

175 2255 336 2287 sciendum
364 2262 422 2292 est,
451 2267 508 2287 nos
532 2258 692 2298 regionem
708 2260 746 2289 ad
764 2259 913 2291 virtutem
929 2260 1069 2291 omnium
1086 2270 1176 2302 paene
1192 2260 1345 2301 optimam
1362 2259 1514 2290 habitare.
1537 2259 1570 2290 in
1587 2260 1646 2291 hoc

172 2310 309 2340 maxime
331 2311 400 2341 laus
422 2311 558 2352 regionis
584 2312 677 2353 hujus
701 2313 858 2349 consistit,
882 2315 965 2355 quod
992 2315 1072 2345 inter
1100 2314 1266 2344 hiemalem
1282 2313 1487 2355 aestivumque
1503 2319 1644 2344 naturam

173 2364 278 2394 media
306 2370 363 2395 est.
387 2366 533 2405 quoniam
559 2377 632 2396 vero
660 2368 760 2408 inagis
785 2378 876 2409 quam
901 2368 1033 2402 barbari.
1063 2375 1097 2399 ut
1124 2368 1272 2402 diximus,
1298 2368 1336 2398 ab
1352 2368 1460 2398 aestiva
1475 2368 1645 2399 serenitate

172 2417 347 2449 distamus:
372 2420 481 2449 horum
497 2419 636 2451 Deorum
652 2421 793 2452 ordinem
812 2422 927 2453 tardius
942 2423 1169 2453 intelleximus.
1190 2432 1298 2454 verum
1325 2421 1476 2463 quicquid
1498 2421 1604 2454 Graeci
1626 2433 1645 2452 a

171 2472 306 2503 barbaris
322 2482 486 2514 accepere.
504 2475 615 2505 melius
633 2475 847 2506 reddiderunt.
871 2477 954 2516 quod
980 2486 1011 2507 et
1034 2477 1066 2508 in
1084 2478 1142 2513 his,
1159 2487 1229 2518 quae
1245 2475 1340 2507 modo
1357 2480 1538 2511 tractamus,
1554 2474 1644 2516 cogi-

172 2531 239 2556 tare
252 2527 404 2558 debemus
419 2539 423 2556 :
451 2528 546 2568 quod,
563 2529 705 2569 quamvis
722 2529 850 2561 inventu
868 2531 934 2562 lraec
951 2530 1091 2562 difficilia
1107 2531 1179 2566 sint,
1197 2540 1310 2572 magna
1335 2536 1442 2560 tamen
1467 2539 1540 2571 spes
1553 2529 1646 2560 nobis

172 2586 232 2615 est,
250 2579 381 2612 Graecos
396 2582 604 2622 praestantiori
615 2584 716 2619 cultu,
743 2582 840 2626 [988]
865 2594 957 2625 quam
970 2594 987 2614 a
1002 2584 1140 2616 barbaris
1154 2584 1347 2626 acceperint,
1363 2584 1418 2614 lios
1432 2580 1521 2614 Deos
1536 2593 1648 2614 omnes

170 2633 386 2670 honoraturos,
414 2645 449 2666 ac
477 2642 541 2666 tum
572 2637 740 2678 disciplina
772 2644 837 2668 tum
867 2637 1031 2679 Delphicis
1060 2638 1194 2670 oraculis
1217 2637 1364 2674 monitos,
1387 2637 1473 2668 omni
1498 2637 1643 2678 legitima

171 2687 390 2719 observatione
430 2688 599 2732 diligenter
628 2696 859 2732 prosecuturos.
900 2701 958 2722 nec
990 2691 1174 2723 Graeeorum
1208 2691 1366 2733 quispiam
1391 2689 1549 2722 existimet
1579 2699 1644 2722 non

169 2749 314 2783 oportere
340 2743 486 2774 mortales
511 2743 550 2774 de
576 2744 693 2776 divinis
717 2745 808 2776 rebus
832 2751 965 2777 tractare
985 2758 992 2777 :
1017 2747 1072 2777 sed
1087 2752 1200 2778 contra
1211 2745 1339 2777 omnino
1353 2749 1446 2786 putet
1458 2753 1519 2775 nec
1533 2749 1642 2777 mente

168 2805 274 2827 carere
303 2794 406 2826 Deum
432 2807 536 2838 neque
563 2804 706 2830 naturam
730 2798 858 2830 humani
874 2800 1000 2842 generis
1016 2801 1168 2841 ignorare.
1189 2799 1253 2831 scit
1263 2797 1351 2830 enirn
1363 2807 1399 2829 se
1413 2797 1583 2828 docentem
1596 2797 1643 2829 ita

169 2855 328 2881 secuturos
346 2849 500 2886 homines,
519 2857 562 2888 nt,
581 2863 649 2893 quae
665 2852 827 2889 docentur,
843 2853 1036 2896 perdiscant.
1059 2853 1145 2896 quod
1161 2859 1265 2884 autem
1280 2860 1446 2882 numerum
1460 2860 1641 2882 numerare-

168 2914 228 2944 que
245 2903 348 2938 docet,
364 2903 510 2945 quodque
526 2916 583 2937 nos
598 2906 629 2937 id
645 2907 746 2946 ipsum
773 2908 932 2943 discimus.
949 2918 1010 2939 non
1026 2909 1159 2950 ignorat.
1183 2907 1207 2938 si
1223 2905 1309 2938 enim
1326 2904 1357 2935 id
1372 2904 1539 2946 ignoraret,
1555 2910 1643 2936 esset

165 2958 301 2988 omnium
335 2957 577 2990 amentissimus.
599 2967 682 2991 certe
712 2968 754 2997 et,
785 2962 869 3003 quod
899 2962 1006 2998 fertur,
1035 2961 1195 2993 occideret
1213 2972 1218 2990 ε
1256 2961 1326 3001 ipse
1357 2959 1442 2990 enim
1474 2968 1506 2989 se
1538 2959 1638 3001 ipsum
