1840 3225
239 197 316 233 220
828 194 1092 232 PLATONIS
1601 199 1700 252 [589

243 307 335 327 unam
353 297 458 328 bestiae
475 298 565 328 variae
581 297 762 334 admodum,
777 303 808 328 ct
823 298 927 339 capita
945 298 1059 330 circum
1084 298 1180 329 multa
1198 299 1353 337 habentis,
1371 300 1478 343 capita
1490 302 1617 344 inquam
1634 312 1705 343 par-

243 352 298 382 tim
322 352 487 382 bestiarum
504 352 755 389 domesticarum,
771 353 880 393 partim
904 353 1081 394 agrestiun»,
1097 363 1168 395 quae
1191 358 1223 384 et
1238 360 1410 394 permutare
1426 362 1458 386 et
1482 356 1651 397 producere
1668 366 1706 386 ex

244 416 276 436 se
291 406 359 436 haec
375 405 480 436 omnia
506 407 615 447 possit.
661 406 777 438 Guu.
800 406 883 438 Novi
908 407 1022 439 fictoris
1037 407 1202 438 artificium
1226 417 1354 440 narras:
1378 415 1481 441 tamen
1496 420 1567 441 cum
1584 411 1623 441 ad
1649 411 1710 441 fin-

245 459 381 500 gendum
397 470 496 491 sermo
513 470 605 501 quam
629 471 699 492 cera
721 461 842 493 facilior
864 454 914 497 sit,
940 463 1083 503 tingatur.
1129 463 1185 494 So.
1212 462 1315 494 Unam
1343 469 1490 505 praeterea
1507 463 1554 495 his
1569 464 1708 506 adjunge

243 524 376 555 superne
391 514 490 545 leonis
505 514 646 548 formam.
661 516 733 546 huic
750 527 842 546 unam
859 517 985 558 insuper
1001 517 1144 547 hominis.
1158 522 1191 548 et
1202 517 1424 559 amplissimum
1437 518 1562 560 quidem
1577 519 1707 560 primum

242 569 293 604 sit,
309 569 470 609 angustius
486 580 558 600 vero
574 571 745 601 secundum
762 576 857 612 atque
873 572 1007 604 tertium.
1056 571 1171 603 Gmu.
1194 571 1312 603 Facilia
1329 572 1456 614 quidem
1471 573 1544 609 ista,
1560 583 1655 614 quare
1679 579 1712 603 et

245 622 376 654 formata
390 629 474 655 sunt.
519 624 576 656 SO.
600 624 768 667 Conjunge
797 626 888 667 igitur
911 627 978 656 haec
1003 626 1070 662 tria,
1095 632 1130 656 ut
1153 626 1192 657 ad
1216 636 1312 657 unum
1328 626 1557 658 conficiendum
1574 626 1707 657 invicem

246 677 467 709 cohaerescant.
506 677 621 709 Gmu.
643 678 760 710 Juncta
772 684 856 709 sunt.
888 679 943 709 So.
960 678 1170 721 Circumpone
1184 680 1373 711 extrinsecus
1385 680 1460 722 ipsis
1476 680 1610 711 hominis
1622 680 1715 711 unius

246 730 426 772 imaginem,
442 737 477 761 ut
492 730 551 768 illi,
565 732 620 773 qui
635 737 773 773 nequeat
787 733 935 764 interiora
951 733 1115 775 inspicere,
1129 735 1181 765 sed
1200 735 1333 765 exterius
1347 735 1499 765 duntaxat
1512 740 1620 766 cernat
1634 744 1712 774 ope-

247 784 424 820 rimentum,
442 796 536 816 unum
553 786 680 823 animal,
697 787 789 817 homo
805 787 937 824 scilicet,
952 788 1103 819 videatur.
1149 788 1264 820 GLAU.
1287 787 1492 820 Circundedi.
1535 789 1591 820 So.
1615 787 1713 820 Dica-

251 849 317 870 mus
333 839 438 881 itaque
455 839 512 876 illi,
527 840 581 881 qui
599 841 706 871 asserit
720 842 869 882 prodesse
886 842 1003 872 homini
1019 842 1091 874 huic
1107 842 1223 883 injuste
1238 853 1341 883 agere,
1353 841 1438 883 juste
1456 853 1526 873 vero
1544 843 1646 873 vivere
1659 853 1713 872 ne-

246 903 401 934 quaquam
429 894 588 935 prodesse,
604 905 675 925 eum
704 894 781 925 nihil
807 895 893 926 aliud
917 906 1062 932 asserere,
1080 895 1138 926 nisi
1164 896 1311 937 prodesse
1336 895 1394 932 illi,
1412 902 1447 926 ut
1470 896 1598 927 bestiam
1626 896 1711 926 illam

247 947 451 989 multiplicem
469 953 576 990 pascat
591 953 622 979 et
638 947 771 986 leonem,
785 955 815 980 et
825 949 980 980 fortiorem
993 950 1076 980 illam
1089 949 1273 991 leonemque
1287 950 1422 989 efficiat3
1439 949 1537 992 [589]
1554 950 1711 981 hominem

249 1012 320 1032 vero
347 1001 447 1043 perire
474 1001 556 1032 farne
585 1002 742 1043 permittat
769 1008 864 1044 atque
890 1009 1028 1040 enervet,
1047 1014 1143 1045 usque
1168 1005 1247 1035 adeo
1271 1010 1305 1035 ut
1328 1011 1454 1045 propter
1469 1003 1713 1036 imbecillitatem

249 1055 396 1093 trahatur,
413 1066 604 1098 quocunque
631 1062 733 1088 cetera
750 1057 803 1088 illa
819 1057 965 1099 rapiunt3
989 1069 1091 1099 neque
1115 1058 1244 1089 alterum
1271 1069 1342 1089 cum
1369 1058 1465 1090 altero
1493 1058 1716 1090 ruansuesaciat

247 1109 423 1141 invicemve
439 1111 599 1152 conciliet,
614 1111 708 1142 immo
724 1112 806 1143 sinat
820 1112 943 1154 singula
966 1124 997 1143 se
1013 1113 1148 1144 invicem
1165 1113 1314 1144 morsibus
1328 1112 1473 1150 lacerare,
1489 1123 1526 1144 ac
1541 1112 1716 1154 pugnantia

248 1173 283 1194 se
299 1168 407 1196 mutuo
421 1165 579 1197 devorare.
624 1166 740 1198 GLAU.
764 1165 904 1198 Omnino
920 1167 986 1198 haec
1003 1167 1132 1203 diceret,
1148 1166 1290 1209 quisquis
1304 1166 1446 1198 laudaret
1459 1166 1615 1208 injuriam.
1660 1167 1716 1198 So.

250 1217 333 1259 Ergo
349 1219 373 1250 si
389 1219 459 1261 quis
473 1220 560 1252 dicat
575 1220 675 1251 officia
687 1221 775 1262 justa
794 1222 950 1263 prodesse,
967 1222 1035 1253 haec.
1050 1222 1171 1263 agenda
1183 1221 1378 1263 dicendaque
1389 1221 1540 1262 monebit,
1553 1231 1589 1252 ex
1602 1221 1717 1262 quibus

250 1273 344 1304 homo
371 1273 425 1305 ille
451 1274 631 1316 hujusmodi
659 1276 801 1306 animalis
822 1277 949 1307 interior
974 1287 1124 1307 summam
1151 1276 1322 1318 potentiam
1346 1281 1566 1317 consequatur,
1580 1275 1716 1317 feraeque

248 1325 333 1358 illius
350 1328 490 1370 pluribus
505 1329 662 1370 capitibus
677 1329 830 1361 redimitae
846 1335 992 1371 tanquam
1009 1331 1140 1362 colonus
1152 1340 1255 1361 curam
1268 1330 1393 1367 habeat,
1405 1329 1577 1361 domestica
1587 1329 1714 1370 quidem

250 1382 356 1422 capita
369 1382 490 1420 fovens,
504 1383 632 1425 irrigans
649 1395 686 1415 ac
700 1384 851 1422 nutriens,
868 1384 999 1426 agrestia
1016 1385 1155 1426 protinus
1171 1390 1348 1426 amputans,
1364 1383 1438 1414 dum
1455 1383 1553 1414 leonis
1575 1389 1715 1413 naturam

250 1436 290 1466 ad
306 1436 365 1467 hoc
380 1436 565 1478 adjutricem
581 1438 708 1479 accipit,
724 1439 992 1480 communiterque
1015 1444 1103 1470 curat
1119 1438 1237 1478 omnia,
1252 1443 1285 1469 et
1304 1437 1439 1468 invicem
1457 1442 1564 1467 mutua
1578 1436 1718 1468 benevo-

250 1488 348 1521 lentia
361 1490 482 1533 sibique
499 1491 657 1523 conciliat.
702 1492 818 1524 GLAu.
840 1493 990 1525 Profecto
1014 1494 1082 1524 haec
1098 1493 1154 1530 ait,
1172 1492 1359 1534 quijustum
1377 1492 1496 1522 laudat.
1541 1491 1596 1522 So.
1620 1490 1718 1521 Omni

250 1542 358 1585 itaque
373 1545 504 1581 ratione,
519 1545 672 1587 quijusta
688 1546 808 1584 laudat,
824 1557 895 1578 vera
918 1547 1054 1589 loquitur
1070 1559 1078 1578 e
1102 1547 1155 1589 qui
1172 1558 1243 1578 vero
1265 1546 1394 1588 injusta,
1418 1545 1575 1577 mentitur.
1598 1555 1670 1576 nam
1686 1552 1719 1576 et

251 1599 355 1638 quoad
372 1599 577 1641 voluptatem,
588 1606 620 1631 et
635 1601 740 1642 quoad
756 1601 864 1638 decus,
880 1606 912 1632 et
922 1602 1026 1644 quoad
1043 1601 1299 1638 emolumentum,
1312 1600 1392 1642 justi
1405 1600 1548 1631 laudator
1559 1610 1631 1631 vera
1643 1610 1714 1642 pro-

252 1651 377 1682 nuntiat
391 1663 399 1683 :
424 1653 614 1696 vituperator
629 1660 732 1686 autern
743 1666 844 1698 neque
854 1656 915 1687 veri
926 1656 1093 1698 quicquam
1106 1656 1318 1697 affert,neque
1331 1655 1430 1692 novit,
1445 1655 1531 1696 quod
1548 1655 1715 1697 improbat.

253 1703 367 1737 GLAu.
390 1705 488 1738 Nullo
503 1708 609 1746 modo,
624 1714 659 1740 ut
675 1709 750 1740 mibi
776 1710 903 1752 quidem
921 1711 1053 1741 videtur.
1098 1711 1153 1742 So.
1178 1710 1313 1741 Mitibus
1335 1710 1442 1751 itaque
1465 1709 1564 1741 verbis
1586 1709 1633 1740 illi
1647 1719 1717 1751 per-

253 1758 438 1790 suadeamus
451 1772 458 1790 :
474 1771 577 1802 neque
592 1762 674 1793 enim
690 1769 803 1804 sponte
818 1764 983 1806 delinquit.
1002 1764 1046 1796 sic
1058 1764 1119 1805 jam
1132 1765 1355 1806 interrogemus
1369 1775 1377 1796 :
1396 1764 1425 1795 O
1439 1764 1530 1795 beate
1543 1763 1600 1800 vir,
1613 1773 1718 1794 nonne

255 1817 288 1842 et
302 1813 433 1844 honesta
448 1814 520 1846 vitae
535 1815 678 1847 instituta
693 1823 726 1848 et
739 1818 842 1859 turpia
858 1819 898 1849 ob
915 1819 988 1850 talia
1003 1819 1146 1860 quaedam
1163 1829 1229 1850 esse
1253 1818 1408 1849 dicimus?
1432 1819 1562 1849 honesta
1576 1817 1718 1859 quidem,

255 1877 326 1908 quae
342 1873 460 1909 partem
476 1874 594 1901 naturae
610 1870 739 1902 ferinam
755 1872 886 1909 homini,
902 1873 997 1903 immo
1011 1872 1089 1904 forte
1104 1872 1211 1903 divino
1227 1872 1423 1913 subjiciunt?
1437 1871 1541 1913 turpia
1549 1882 1633 1909 vero,
1645 1882 1717 1913 quae

255 1922 368 1962 agresti
383 1923 512 1955 domino
528 1925 677 1967 subigunt
689 1927 875 1958 mansueta?
898 1927 1084 1963 consentiet,
1101 1937 1199 1958 necne
1213 1927 1224 1957 ?
1249 1927 1366 1957 GLAU.
1391 1924 1589 1961 Consenfiet,
1605 1925 1631 1956 si
1644 1925 1718 1956 mihi

256 1975 434 2008 crediderit.
478 1978 538 2010 So.
561 1978 658 2010 Estne
675 1980 799 2021 aliquis,
810 1980 861 2012 cui
877 1981 974 2022 prosit
989 1992 1025 2013 ex
1041 1981 1099 2012 hac
1116 1980 1235 2012 ratione
1249 1979 1366 2021 injuste
1383 1989 1490 2010 aurum
1507 1989 1652 2020 usurpare
1667 1990 1675 2009 ι
1694 1978 1720 2010 si

256 2029 384 2069 quidem
397 2032 523 2070 accidit,
541 2039 588 2073 ut,
603 2034 678 2064 dum
694 2035 811 2076 accipit
833 2045 953 2072 aurum,
977 2035 1262 2077 praestantissimam
1280 2033 1327 2064 sui
1352 2040 1467 2074 partem
1484 2032 1718 2074 ignobilissimae

254 2084 367 2115 servire
382 2087 576 2128 compellat?
621 2088 746 2119 Etenim
762 2090 788 2120 si
811 2089 968 2130 accipiens
991 2100 1097 2120 aurum
1122 2089 1219 2119 filium
1243 2099 1331 2119 suum
1349 2088 1396 2118 vel
1419 2087 1513 2118 filiam
1530 2087 1719 2127 mancipium

257 2137 393 2169 efficeret
406 2142 572 2181 agrestium
591 2147 623 2173 et
636 2143 848 2184 improborum
864 2143 1038 2183 hominum,
1053 2143 1138 2174 haud
1155 2153 1310 2184 quaquam
1323 2142 1466 2183 acceptio
1476 2142 1533 2172 ista
1549 2142 1721 2182 prodesset,

258 2201 361 2232 neque
375 2193 497 2225 etiamsi
512 2195 644 2226 multum
661 2203 798 2236 caperet.
823 2197 870 2227 sin
888 2203 991 2228 autem
1008 2203 1126 2238 partem
1149 2197 1195 2226 sui
1211 2196 1432 2226 divinissimam
1449 2195 1527 2237 parti
1545 2195 1719 2236 profanissi-

259 2255 317 2276 rnae
331 2247 619 2290 scelestissimaeque
634 2249 746 2281 servire
772 2250 870 2292 cogit,
894 2261 996 2292 neque
1021 2250 1230 2282 misericordia
1255 2249 1401 2291 tangitur,
1418 2259 1523 2280 nonne
1544 2249 1603 2280 erit
1617 2248 1720 2285 miser,

260 2298 358 2344 [590]
383 2312 419 2333 ac
447 2303 545 2334 multo
571 2314 642 2335 cum
667 2304 796 2345 graviori
825 2306 872 2336 sui
898 2305 1037 2347 pernicie
1065 2305 1130 2336 auri
1154 2304 1331 2335 muneribus
1353 2310 1402 2334 est
1426 2309 1601 2345 corruptus,
1627 2313 1720 2345 quam

257 2353 422 2396 Erypuile,
438 2367 508 2399 qua:
524 2363 632 2389 contra
646 2359 700 2389 viri
716 2360 762 2390 sui
778 2359 872 2390 vitam
899 2360 1013 2391 monile
1027 2359 1107 2391 illud
1123 2359 1270 2400 accepit?
1315 2357 1431 2390 GLau.
1455 2357 1559 2388 Valde
1581 2357 1721 2399 quidem,

258 2416 293 2439 ut
307 2411 439 2451 egotibi
457 2422 511 2453 pro
527 2413 580 2444 illo
596 2414 814 2455 respondeam.
859 2415 915 2446 So.
939 2414 1056 2446 Nonne
1080 2421 1112 2446 et
1134 2413 1406 2456 intemperantiam
1432 2412 1506 2443 olim
1528 2411 1720 2454 appellatam

258 2463 313 2494 tali
328 2466 463 2506 quadam
479 2467 518 2497 de
536 2477 628 2498 causa
655 2473 759 2510 putas,
781 2469 928 2510 quoniam
957 2469 989 2500 in
1011 2480 1050 2500 ea
1072 2469 1138 2500 dira
1152 2468 1209 2500 illa
1234 2468 1407 2510 ingensque
1423 2472 1455 2498 et
1470 2466 1633 2508 multiplex
1655 2466 1720 2498 fera

259 2517 351 2558 ultra,
366 2530 458 2561 quam
474 2521 597 2559 deceat,
612 2521 788 2553 relaxatur?
834 2521 951 2556 GLAu.
975 2522 1079 2554 Patet.
1125 2522 1179 2554 So.
1204 2520 1411 2554 contumacia
1423 2530 1495 2551 vero
1508 2525 1541 2551 et
1553 2519 1721 2551 insolentia

260 2571 460 2613 improbatur,
484 2576 786 2625 quandonleoninum
810 2582 843 2608 et
858 2575 1072 2618 serpentinum
1089 2575 1166 2607 illud
1190 2586 1289 2617 genus
1305 2579 1435 2616 augetur
1447 2573 1544 2612 adeo,
1561 2578 1594 2603 ut
1609 2578 1720 2614 praeter

260 2636 383 2658 omnem
399 2630 582 2661 modestiam
607 2631 801 2662 invalescat?
847 2631 965 2663 GLAu.
988 2631 1128 2663 Prorsus.
1173 2631 1228 2664 So,
1253 2629 1401 2661 Delicata
1421 2637 1494 2659 vero
1517 2626 1664 2658 mollities
1685 2626 1718 2658 in

260 2681 354 2722 hujus
369 2683 465 2724 ipsius
481 2685 615 2716 resoluta
637 2686 766 2716 nimium
792 2686 982 2723 remissione,
1006 2686 1133 2728 quando
1155 2686 1188 2717 in
1210 2685 1280 2727 ipso
1301 2682 1500 2715 timiditatem
1514 2686 1548 2711 et
1561 2680 1716 2722 ignaviam

260 2737 427 2775 procreat?
473 2738 588 2770 Gran.
612 2739 760 2776 Quidni?
804 2740 861 2772 So.
883 2740 1064 2772 Assentntio
1086 2741 1212 2782 insuper
1233 2738 1498 2778 illibemlitasque,
1520 2745 1591 2766 cum
1606 2734 1720 2776 aliquis

260 2788 343 2820 hunc
358 2790 460 2831 ipsum
475 2793 679 2825 animositatis
695 2795 830 2836 vigorem
843 2794 1028 2826 turbulentae
1044 2794 1273 2836 multiplicique
1283 2792 1389 2824 bestiae
1405 2790 1532 2832 subigit,
1542 2799 1579 2821 ac
1594 2795 1720 2830 propter

260 2848 412 2883 quaestum
426 2844 556 2887 ejusque
573 2845 792 2888 inexplebilem
820 2847 1024 2891 cupiditatem
1048 2847 1159 2890 dejicit
1180 2848 1280 2884 illum,
1302 2852 1396 2888 atque
1409 2845 1452 2876 its
1474 2854 1493 2876 a
1507 2843 1612 2886 primis
1627 2842 1716 2873 annis

258 2898 434 2940 assuefacit,
449 2905 481 2930 ut
497 2911 532 2932 cx
551 2900 640 2932 leone
656 2907 787 2934 vertatur
804 2903 836 2934 in
852 2902 994 2935 simiam?
1041 2902 1154 2936 GLAu.
1177 2903 1384 2945 Magnopere.
1429 2899 1484 2933 So.
1510 2897 1716 2931 Mcchanicus
