1840 3225
202 247 295 297 129]
800 242 1067 281 THEAGEs.
1614 242 1664 277 35

190 349 371 380 suetudines
386 349 528 391 Theages
551 348 607 379 iste
624 347 809 382 contemnit,
827 346 968 388 aliosque
984 346 1106 387 quaerit,
1123 347 1177 388 qui
1192 345 1407 377 adolescentes
1424 344 1572 374 instruere
1588 350 1660 383 pro-

189 403 327 441 fitentur,
343 409 390 435 est
404 404 455 435 hic
470 403 622 434 Prodicus
637 402 737 434 Chius
761 407 793 432 et
809 400 943 442 Gorgias
958 400 1130 431 Leontinus
1147 399 1244 443 [128]
1262 406 1293 431 et
1309 399 1406 430 Polus
1423 396 1660 440 Agrigentinus,

189 457 305 499 aliique
322 457 466 499 permulti
482 469 488 488 ε
513 456 567 499 qui
582 457 661 488 adeo
678 456 834 498 sapientes
850 460 933 492 sunt,
949 461 985 486 ut
1012 456 1104 486 urbes
1125 455 1278 485 adeuntes
1294 453 1502 485 nobilissimos
1517 457 1549 483 et
1572 450 1661 481 ditis-

189 510 282 541 simos
299 511 432 552 juvenes
455 511 494 541 ad
519 520 552 541 se
581 511 665 552 ipsos
692 509 856 548 alliciant3
879 509 992 551 quibus
1019 509 1094 540 licet
1117 519 1374 550 quorumcunque
1398 507 1511 539 civium
1538 505 1660 540 volunt,

189 571 275 606 grata
297 564 505 595 familiaritate
529 564 597 604 nti;
621 563 735 606 quibus
759 563 952 605 persuadent
978 561 1070 604 priori
1096 562 1206 593 relicta
1231 562 1459 593 consuetudine
1487 570 1557 591 cum
1584 557 1662 600 ipsis

189 618 350 659 congredi,
365 628 511 660 magnum
523 617 643 659 argenti
655 617 789 659 pretium
802 617 981 657 afferentes,
992 622 1024 647 et
1040 616 1169 657 gratiam
1180 616 1307 658 insuper
1318 615 1481 645 maximam
1497 613 1662 644 habentes.

187 681 224 701 ex
242 671 279 702 iis
298 682 371 714 ergo
395 673 528 703 decebat
550 677 580 703 te
595 672 746 704 att-filium
773 678 861 703 tuum
879 670 1014 713 aliquem
1041 670 1168 711 eligere.
1193 681 1242 701 me
1258 679 1330 700 vero
1346 669 1385 699 ad
1401 669 1431 699 id
1448 667 1578 709 elegisse
1595 676 1660 696 non

183 723 347 757 ‘convenita
371 725 488 757 nullam
505 726 588 758 enim
604 737 641 758 ex
659 726 725 757 istis
742 725 841 756 beatis
863 731 895 756 et
920 724 1034 766 pulcris
1050 723 1225 765 disciplinis
1241 724 1388 764 profiteor
1404 735 1410 752 :
1435 721 1528 752 velim
1555 726 1661 751 tamen

187 779 264 810 mihi
289 779 359 810 illas
375 781 496 811 adesse.
542 781 660 811 Verum
685 790 807 821 semper
830 779 908 810 nibil
924 779 1002 810 scire
1019 789 1067 809 me
1092 778 1175 815 dico,
1203 784 1314 819 praeter
1335 777 1478 817 exiguam
1501 773 1659 816 quandam

186 833 312 864 amandi
330 834 539 876 disciplinam.
586 834 657 866 Hac
674 834 784 876 utique
796 833 965 874 disciplina
977 833 1062 874 apud
1075 832 1247 872 quemlibet
1263 829 1474 862 vehementior
1487 833 1551 858 tum
1567 835 1661 867 supe·

185 886 316 918 rioribus
332 892 396 918 tum
414 888 507 918 etiam
525 887 729 929 praesentibus
753 887 825 918 viris
841 897 907 917 esse
924 886 1042 917 videor.
1088 886 1174 917 Tne.
1190 875 1354 921 Videsne,
1381 888 1482 926 pater,
1499 881 1657 912 Socratem

187 941 270 972 hunc
291 951 355 972 non
377 942 508 972 multum
533 941 777 972 familiaritatem
804 951 904 971 meam
930 939 1090 981 recipere?
1115 949 1186 970 nam
1213 944 1366 981 quantum
1392 938 1431 968 ad
1459 947 1506 966 me
1533 934 1659 970 attinet,

186 1000 312 1035 paratus
327 1005 406 1034 sum,
432 996 526 1027 modo
542 996 610 1037 ipse
626 995 722 1027 velit:
749 996 803 1026 sed
821 995 887 1026 haec
911 994 1017 1025 omnia
1033 994 1085 1025 ille
1103 994 1178 1035 joco
1194 995 1342 1025 adversus
1366 1002 1422 1022 nos
1438 990 1527 1021 dicit.
1572 986 1660 1018 Novi

185 1048 268 1080 enim
284 1059 421 1080 meorum
437 1050 617 1092 aequalium,
632 1056 664 1081 et
679 1050 840 1091 aliquanto
857 1049 1014 1080 seniorum
1031 1048 1213 1090 nonnullos,
1239 1048 1305 1090 qui,
1330 1057 1401 1078 cum
1424 1049 1518 1076 antea
1543 1041 1659 1073 nullius

185 1108 290 1134 essent
306 1104 532 1142 aestimationis,
550 1110 714 1146 postquam
742 1104 950 1134 familiaritate
966 1102 1054 1133 istius
1081 1103 1127 1133 usi
1143 1108 1228 1139 sunt,
1253 1100 1339 1132 brevi
1365 1098 1503 1130 omnium
1520 1094 1658 1137 supremi

186 1157 308 1188 illorum
325 1164 500 1195 evaserunt,
517 1168 646 1200 quorum
661 1157 759 1188 infimi
775 1157 859 1199 prius
876 1157 1009 1187 fuerant.
1053 1156 1109 1186 So.
1138 1155 1240 1191 Nosti,
1257 1155 1350 1196 quale
1363 1155 1423 1185 hoc
1439 1152 1488 1188 sit,
1505 1161 1523 1181 o
1538 1149 1657 1180 Demo-

186 1211 260 1243 doci
281 1211 351 1242 fili?
394 1212 481 1243 Tun.
504 1212 602 1249 Novi,
618 1222 674 1253 per
689 1212 815 1248 Jovem¹
831 1211 929 1251 quod,
944 1211 971 1241 si
988 1209 1136 1246 volueris,
1154 1210 1223 1240 talis
1238 1209 1321 1244 fiam,
1337 1207 1445 1249 quales
1461 1205 1504 1236 illi
1519 1204 1657 1234 suerunt.

186 1265 242 1296 So.
266 1264 340 1296 Non
357 1266 411 1302 ita,
428 1276 446 1296 o
462 1265 581 1307 optime
597 1277 604 1295 :
630 1267 682 1296 sed
701 1266 761 1296 hoc
779 1270 809 1295 te
825 1264 948 1301 fefellit,
965 1264 1057 1305 quale
1073 1264 1132 1294 sit:
1159 1273 1218 1305 ego
1234 1267 1337 1293 autem
1355 1261 1411 1291 tibi
1426 1260 1540 1290 dicam.
1586 1255 1656 1288 Ad-

185 1323 233 1349 est
247 1318 323 1350 mihi
337 1319 444 1350 divina
459 1321 594 1361 quadam
612 1325 695 1351 sorte
723 1319 911 1350 daemonium
928 1318 1103 1359 quoddam,
1121 1327 1138 1347 a
1155 1317 1254 1358 prima
1270 1314 1404 1356 pueritia
1420 1324 1467 1344 me
1491 1317 1631 1343 secutum
1649 1322 1655 1339 :

185 1373 244 1404 hoc
260 1373 342 1404 enim
368 1384 426 1404 vox
447 1380 506 1411 est,
529 1384 599 1416 quae
614 1385 685 1406 cum
713 1374 758 1410 fit,
776 1382 898 1414 semper
910 1371 979 1413 ejus
993 1372 1050 1409 rei,
1065 1381 1158 1413 quam
1175 1371 1311 1401 facturus
1335 1379 1415 1404 sum,
1431 1365 1655 1397 dissuasionem

184 1427 388 1464 demonstrat,
404 1433 554 1469 provocat
578 1439 651 1459 vero
666 1437 840 1468 nunquam.
887 1426 981 1463 Quod
1000 1425 1025 1456 si
1041 1426 1110 1466 quis
1126 1424 1294 1455 amicorum
1318 1432 1437 1453 mecum
1465 1419 1657 1460 quandoque

184 1480 302 1521 aliquid
321 1482 543 1519 communicat,
569 1487 717 1524 extatque
743 1493 815 1517 vox,
838 1482 897 1512 hoc
924 1480 979 1511 illa
1005 1479 1179 1519 dissuadet,
1205 1487 1308 1519 neque
1330 1477 1431 1507 facere
1447 1474 1541 1504 sinit:
1566 1471 1658 1512 cujus

184 1534 312 1576 quidem
338 1536 380 1566 rei
398 1536 485 1567 vobis
509 1542 604 1567 testes
630 1537 724 1569 dabo.
770 1535 983 1571 Charmidem,
1009 1534 1105 1564 virum
1131 1534 1259 1569 bonum,
1285 1529 1522 1570 Glauconisque
1546 1526 1656 1562 filium,

185 1589 324 1621 noscitis,
349 1589 400 1621 hic
415 1589 586 1632 aliquando
611 1591 644 1621 in
663 1590 784 1621 Nemea
800 1589 904 1620 stadio
931 1599 963 1620 se
990 1588 1226 1623 exercitaturus,
1250 1595 1371 1617 mecum
1394 1580 1660 1614 communicabat.

184 1654 221 1674 ac
237 1644 354 1686 statim,
381 1644 452 1686 ipso
468 1644 574 1676 dicere
598 1645 785 1686 incipiente,
813 1644 898 1686 quod
925 1654 958 1674 se
983 1642 1205 1674 exercitaturus
1230 1646 1323 1676 esset,
1349 1637 1440 1669 affuit
1454 1646 1535 1666 vox:
1561 1639 1656 1674 atque

184 1707 242 1738 cgo
260 1698 418 1739 prohibui,
434 1699 492 1729 sibi
508 1709 664 1740 enarrans,
680 1699 944 1740 quemadmodum
961 1697 1110 1728 daemonii
1126 1707 1185 1727 vox
1197 1695 1368 1729 exstiterat,
1384 1702 1423 1722 ne
1440 1701 1471 1720 se
1489 1692 1656 1720 exerceret.

183 1750 264 1780 Tum
281 1751 345 1788 ille,
372 1751 525 1788 Fortasse,
551 1752 666 1794 inquit,
690 1752 846 1793 significat
873 1762 922 1782 me
940 1751 1085 1782 victorem
1104 1760 1166 1780 non
1183 1758 1344 1781 evasurum
1363 1758 1370 1776 ι
1394 1756 1452 1786 ego
1477 1748 1581 1774 autem
1598 1741 1656 1772 etsi

183 1804 313 1836 victoria
329 1815 390 1836 non
417 1806 472 1836 sim
491 1806 658 1847 potiturus,
682 1813 786 1837 tamen
812 1805 920 1836 hocin
946 1812 1087 1846 tempore
1114 1815 1163 1835 me
1179 1813 1324 1835 exercens
1340 1800 1459 1842 aliquid
1484 1795 1655 1839 proficiam.

183 1863 277 1900 atque
292 1859 337 1889 ita
362 1859 497 1896 locutus,
514 1865 685 1891 certaturus
700 1860 776 1892 abit.
823 1859 937 1900 Operae
954 1859 1087 1900 pretium
1114 1858 1209 1899 igitur
1223 1862 1272 1888 est
1287 1853 1475 1898 percontari,
1499 1850 1575 1892 quid
1596 1848 1655 1879 sibi

183 1923 220 1943 ex
235 1913 294 1944 hoc
319 1913 488 1944 certamine
516 1913 614 1956 [129]
640 1914 819 1955 contigerit.
866 1913 900 1944 Si
926 1918 1029 1944 autem
1047 1912 1140 1943 vultis
1158 1911 1401 1945 Clitomachum,
1417 1904 1573 1938 Timarcbi
1593 1903 1655 1933 fra-

183 1970 272 2007 trem,
300 1966 500 2008 interrogare,
528 1968 605 2009 quid
637 1968 699 1999 sibi
723 1967 907 1998 Timarchus
933 1967 1059 2002 dixerit,
1086 1966 1213 2008 quando
1237 1962 1464 2006 propemodum
1491 1959 1654 1990 moriturus

183 2025 275 2050 esset.
298 2020 365 2061 ipse
381 2021 472 2051 simul
487 2026 520 2052 et
534 2021 700 2057 Euathlus,
718 2020 812 2052 stadii
828 2021 954 2061 quidem
970 2030 1124 2056 excursor,
1139 2020 1194 2061 qui
1210 2019 1297 2050 illum
1314 2017 1485 2058 fugientem
1503 2011 1655 2052 suscepit,

182 2072 294 2104 referet
309 2075 409 2115 vobis,
427 2074 503 2116 quid
521 2075 577 2105 sibi
595 2080 668 2107 tunc
685 2075 808 2106 dixerit.
855 2075 943 2106 Tne.
969 2074 1128 2112 Quidnam
1144 2075 1154 2104 ?
1201 2073 1257 2104 So.
1274 2071 1303 2102 Ο
1318 2069 1524 2103 Clitomache,
1542 2064 1655 2106 inquit,

182 2126 328 2168 equidem
344 2129 572 2170 quamprImum
588 2130 754 2161 moriturus
770 2130 874 2166 venio,
891 2129 1039 2170 quoniam
1055 2128 1173 2159 Socrati
1191 2128 1404 2167 obtemperare
1415 2122 1513 2153 nolui.
1536 2119 1654 2162 quidve

182 2181 242 2211 hoc
257 2180 362 2223 inquit
375 2181 568 2219 Timarchus,
585 2194 644 2225 ego
660 2184 774 2215 dicam.
821 2184 958 2221 Quando
976 2182 1107 2214 surrexit
1121 2193 1157 2213 ex
1174 2180 1316 2214 convivio
1332 2177 1514 2210 Timarchus
1529 2180 1562 2206 et
1577 2172 1654 2204 Phi-

181 2234 297 2275 lemon,
313 2235 542 2267 Philemonidis
558 2237 651 2274 filius,
668 2237 860 2269 interfecturi
876 2237 1002 2269 Niciam
1017 2236 1282 2270 Hiroscamandri‚
1297 2233 1355 2265 soli
1370 2232 1451 2264 enim
1468 2229 1652 2261 insidiarum

181 2288 204 2319 ii
220 2289 338 2320 conscii
353 2289 476 2321 fuerant
492 2302 498 2321 ε
522 2291 703 2323 Timarchus
720 2293 796 2323 mihi
811 2293 902 2333 dixit,
916 2292 1001 2329 Quid
1020 2292 1077 2328 ais,
1094 2302 1112 2322 o
1129 2290 1296 2322 Socrates?
1320 2299 1373 2319 vos
1388 2286 1515 2328 quidem
1533 2283 1629 2315 bibite
1646 2293 1653 2312 2

182 2351 232 2374 me
248 2353 322 2374 vero
338 2348 461 2385 oportet
476 2345 537 2375 alio
553 2346 636 2377 exire
652 2358 659 2377 :
683 2347 793 2378 redibo
810 2351 913 2377 autem
941 2346 1034 2387 paulo
1060 2350 1143 2387 post,
1160 2345 1184 2376 si
1211 2343 1335 2375 occasio
1352 2339 1527 2382 contigerit.
1571 2337 1650 2367 Tum

183 2396 259 2427 mihi
274 2397 365 2429 affuit
377 2409 448 2430 vox.
471 2399 590 2441 itaque,
605 2399 657 2431 Ne
674 2411 791 2442 surgas,
806 2401 933 2442 inquam
948 2412 957 2439 ;
981 2400 1105 2431 solitum
1122 2399 1198 2430 mihi
1214 2409 1233 2429 a
1247 2396 1390 2428 daemone
1405 2395 1527 2435 signum
1544 2392 1652 2422 datum

183 2450 327 2483 afferens.
374 2452 505 2489 Quievit
520 2454 585 2486 ille.
631 2455 759 2486 Deinde
778 2455 937 2497 paulisper
951 2459 1159 2486 commoratus
1181 2452 1311 2484 ardebat
1326 2451 1434 2481 iterum
1450 2445 1546 2478 eundi
1562 2445 1652 2486 cupi-

182 2504 292 2546 ditate,
319 2505 440 2542 dicens,
466 2507 514 2537 Eo
536 2507 616 2548 jam,
642 2509 796 2541 Socrates.
850 2508 892 2539 Et
917 2509 993 2550 quia
1019 2508 1129 2539 iterum
1155 2517 1264 2538 vocem
1289 2504 1407 2543 audivi,
1434 2511 1536 2532 rursus
1561 2499 1651 2529 illum

181 2558 307 2590 cohibui
323 2571 331 2597 3
366 2560 467 2591 donec
493 2561 545 2592 ille
571 2563 675 2598 tertio,
711 2563 805 2594 latere
837 2573 886 2593 me
921 2562 1064 2604 cupiens,
1096 2561 1286 2596 clanculum,
1322 2568 1392 2589 cum
1426 2567 1484 2597 ego
1514 2558 1650 2585 mentem

182 2611 245 2643 alio
262 2612 466 2663 divertissem,
484 2625 516 2646 se
544 2617 717 2658 subripuit:
744 2624 775 2648 et
800 2618 843 2648 sic
871 2617 1029 2658 profectus
1055 2626 1093 2646 ea
1114 2615 1247 2657 peregit,
1271 2624 1307 2644 ex
1323 2612 1438 2653 quibus
1460 2610 1494 2641 in
1522 2614 1649 2639 mortem

181 2666 304 2698 incidit.
351 2667 447 2699 Unde
476 2669 542 2699 liaec
569 2670 679 2700 eadem
705 2671 790 2701 fratri
806 2681 862 2702 suo
879 2671 1010 2707 dixerat,
1026 2675 1061 2700 ut
1077 2679 1136 2710 ego
1149 2679 1232 2699 nunc
1249 2667 1349 2707 vobis,
1374 2677 1406 2697 se
1422 2664 1543 2696 scilicet
1557 2663 1651 2693 mori-

183 2725 284 2750 turum
312 2721 428 2759 venire,
458 2723 542 2763 quod
570 2723 645 2753 mihi
671 2725 797 2756 credere
827 2725 990 2756 noluisset.
1046 2722 1193 2754 Audietis
1221 2726 1370 2763 praeterea
1395 2720 1435 2750 ab
1459 2719 1509 2755 iis,
1536 2718 1590 2758 qui
1616 2717 1650 2747 in

183 2773 291 2804 Sicilia
321 2781 406 2816 sunt,
434 2786 504 2817 quae
529 2777 569 2808 dc
596 2778 749 2809 exercitus
777 2779 926 2810 conflictu
956 2778 1171 2819 praedixeram.
1222 2775 1261 2806 Et
1285 2774 1441 2816 praeterita
1467 2772 1592 2813 quidem
1611 2771 1650 2801 ab

179 2827 231 2863 iis,
247 2827 302 2868 qui
317 2828 374 2858 illa
389 2835 555 2867 noverunt,
572 2831 678 2861 audire
693 2831 777 2864 licet.
795 2837 914 2863 tentare
928 2842 1000 2862 vero
1016 2830 1164 2861 daemonii
1180 2830 1314 2870 signum,
1330 2829 1355 2859 si
1370 2827 1445 2870 quid
1462 2827 1540 2856 forte
1555 2825 1652 2860 dicat,

183 2882 376 2912 nuncetiam
393 2893 567 2923 possumus.
612 2884 650 2915 In
678 2886 912 2927 expeditionem
942 2895 1077 2926 namque
1104 2883 1179 2915 exiit
1193 2883 1337 2922 Neonus,
1363 2881 1433 2913 Cali
1459 2879 1552 2910 filius.
1577 2877 1653 2908 mihi

185 2939 288 2965 autem
307 2935 429 2977 signum
447 2936 548 2971 affuit.
595 2938 809 2972 Proficiscitur
824 2951 894 2972 vero
913 2950 997 2971 nunc
1014 2949 1083 2972 curu
1100 2938 1269 2981 Thrasylo‚
1285 2937 1431 2967 adversus
1447 2934 1604 2976 Ephesum
1622 2937 1654 2963 ct
