1840 3225
238 208 312 247 116
841 204 1106 243 PLATONIS
1601 208 1696 260 [388

241 310 399 353 superiora
424 309 543 340 sublata
569 308 641 341 sint.
684 307 741 338 So.
764 308 985 348 Contemplare
1010 309 1114 349 igitur,
1132 313 1253 340 rectene
1280 319 1319 338 an
1346 308 1452 340 contra
1479 309 1509 340 id
1536 309 1698 341 faciamus.

240 363 427 395 Dicimusne
444 363 632 392 moderatum
650 361 745 392 virum
762 361 920 392 moderato
936 360 1000 391 viro
1025 362 1125 392 amico
1151 372 1207 392 suo
1235 363 1375 393 orbatum
1401 373 1463 393 non
1489 363 1601 394 malum
1630 363 1699 404 qui·

240 419 312 449 dem
328 417 374 447 illi
391 423 518 447 mortem
535 415 777 446 existimaturum
792 415 803 444 ?
849 413 930 444 Am-
955 414 1097 445 Dicimus
1114 416 1251 456 quidem.
1297 416 1351 447 So.
1375 415 1447 446 Non
1464 417 1558 457 igitur
1571 416 1603 447 in
1620 426 1698 446 mor-

242 477 273 501 te
289 470 383 507 illius,
400 474 546 510 tanquam
563 469 665 510 gravia
683 478 803 509 passus,
819 468 1045 498 lamentabitur.
1090 468 1170 499 Ant.
1195 469 1282 500 Non.
1327 470 1382 500 So.
1404 469 1567 501 Enimvero
1583 474 1616 501 et
1639 471 1699 500 hoc

241 524 416 564 asserimus,
430 523 588 554 hominem
605 522 785 563 hujusmodi
801 532 832 552 se
849 522 915 562 ipso
931 523 970 552 ad
989 523 1067 552 bene
1085 522 1251 553 vivendum
1268 516 1448 554 contentum
1465 533 1543 559 esse,
1559 523 1700 553 minime-

242 588 304 619 que
316 576 454 607 omnium
470 577 529 607 alio
542 576 692 617 indigere.
739 575 822 606 Am.
846 574 928 605 Vera
942 586 1055 606 narraS.
1089 575 1143 605 So·
1170 576 1304 607 Minime
1316 577 1408 618 igitur
1419 577 1547 607 moleste
1560 576 1649 615 feret,
1664 576 1701 606 li-

244 631 325 662 beris
341 636 396 661 aut
409 631 551 661 fratribus
564 635 618 660 aut
640 629 757 660 divitiis
782 629 969 669 reliquisque
985 629 1161 670 hujusmodi
1180 630 1304 668 privari.
1350 630 1434 662 Am.
1458 630 1592 661 Minime
1606 635 1701 660 certe.

245 685 301 716 So.
325 684 437 726 Itaque
455 694 555 725 neque
571 683 803 723 lamentabitur,
816 683 868 713 sed
887 683 1130 713 moderatissime
1146 683 1234 718 seret,
1251 694 1320 714 cum
1335 683 1367 714 in
1382 684 1517 724 aliquam
1541 683 1700 724 hujusmo-

243 739 276 768 di
292 743 403 769 sortem
429 737 583 768 inciderit.
627 737 708 768 Ant.
733 736 836 767 Certe.
882 736 937 767 So.
962 736 1077 766 Merito
1107 736 1201 776 igitur
1227 737 1377 767 clarorum
1405 738 1537 767 virorum
1565 736 1702 777 ploratus

241 803 260 823 e
276 792 380 823 medio
394 791 569 822 tolleremus
583 802 591 830 ;
615 791 854 830 relinqueremus
869 794 971 820 autem
989 790 1180 828 mulieribus,
1195 800 1295 831 neque
1308 791 1354 820 his
1367 790 1493 831 quidem
1506 790 1584 820 iuter
1594 789 1703 820 mulie·

240 856 288 876 res
304 845 422 886 aliquid
438 845 594 886 egregium
611 843 814 884 sapientibus,
831 854 867 873 ae
883 842 953 873 viris
968 843 1095 884 insuper
1109 845 1262 874 duntaxat
1280 844 1478 874 muliebribus
1501 850 1534 874 et
1560 843 1678 885 ignavis
1692 854 1702 881 ;

246 898 344 938 [388]
370 904 403 929 ut
417 898 627 939 dedignentur
641 897 726 938 apud
743 907 799 927 nos
816 897 876 936 illi,
893 907 972 937 quos
987 898 1025 927 ad
1042 898 1176 938 regionis
1193 898 1366 928 custodiam
1393 898 1573 933 educamus,
1588 896 1703 927 similia

243 952 312 983 istis
326 952 437 983 facere.
482 951 566 982 Am.
591 951 703 982 Probe.
748 951 803 981 So.
828 950 947 981 Rursus
962 951 1133 981 Homerum
1150 957 1182 981 et
1197 957 1316 982 ceteros
1343 951 1453 992 poetas
1479 950 1644 986 orabimus,
1660 961 1700 980 ne

243 1006 401 1037 Achillem
417 1006 496 1036 Deae
513 1005 609 1036 filium
626 1015 709 1035 nunc
726 1005 758 1034 in
775 1005 853 1034 latus
879 1005 1043 1036 cubantem
1071 1005 1176 1041 faciat,
1192 1015 1275 1036 nunc
1300 1005 1461 1046 supinum,
1475 1014 1698 1045 nonnunquam

244 1060 383 1090 etiamin
407 1059 537 1090 faciem:
562 1065 616 1089 aut
642 1063 855 1099 exsurgentem
881 1068 978 1089 errare
1005 1058 1127 1089 tristitia
1154 1058 1299 1089 affectum
1327 1058 1357 1088 in
1384 1057 1487 1088 littore
1511 1056 1622 1087 maris:
1646 1062 1701 1088 aut

245 1118 375 1154 utraque
392 1123 484 1143 manu
501 1113 660 1143 ardentem
678 1111 834 1153 pulverem
862 1113 1037 1152 capientem
1064 1113 1095 1142 in
1122 1117 1218 1153 caput
1242 1112 1392 1143 fundere:
1417 1121 1519 1152 neque
1545 1110 1606 1141 alia
1631 1110 1701 1151 eju-

245 1168 361 1198 lantem
377 1172 409 1197 et
424 1166 657 1204 lamentantem,
673 1171 750 1207 quot
765 1171 797 1196 et
811 1165 917 1206 qualia
931 1165 998 1206 ipse
1013 1166 1100 1197 fecit.
1123 1176 1227 1207 neque
1241 1166 1410 1201 Priamum,
1425 1165 1480 1206 qui
1498 1164 1590 1205 juxta
1612 1164 1701 1196 Deos

248 1221 320 1256 fuit,
342 1219 570 1261 supplicantem
597 1225 629 1250 et
655 1230 687 1250 se
716 1220 781 1250 luto
804 1219 1048 1260 provolventem,
1069 1220 1268 1260 singulosque
1295 1219 1479 1250 nominatim
1504 1218 1701 1251 clamantem.

245 1274 408 1314 multoque
424 1273 520 1315 magis
535 1273 704 1304 Homerum
719 1274 851 1304 eundem
869 1273 1034 1310 orabimus,
1049 1283 1088 1304 ne
1116 1273 1204 1304 Deos
1230 1274 1262 1303 in
1290 1274 1371 1304 hunc
1397 1273 1524 1303 modum
1551 1272 1700 1313 plangen-

247 1334 294 1359 tes
309 1327 461 1358 inducat:
488 1327 556 1359 Hei
570 1328 648 1359 mihi
662 1328 796 1368 miserae,
811 1328 863 1359 hei
887 1328 980 1368 mihi,
995 1338 1086 1368 quum
1114 1327 1285 1365 infeliciter
1311 1329 1461 1368 optimum
1475 1327 1585 1369 filium
1607 1337 1700 1368 pepe·

245 1380 304 1413 ri!
326 1381 410 1422 quod
427 1381 451 1410 si
467 1391 546 1421 quos
560 1380 658 1417 Deos,
674 1380 782 1411 saltem
797 1391 860 1411 non
877 1380 1018 1411 Deorum
1037 1381 1200 1411 maximum
1216 1391 1316 1422 usquc
1336 1381 1414 1412 adeo
1437 1381 1578 1411 dissimili
1605 1380 1702 1421 figura

244 1434 360 1465 imitari
374 1434 500 1469 audeat.
517 1438 549 1464 ut
563 1444 633 1464 eum
648 1434 693 1464 ita
708 1433 835 1464 inducat
848 1433 1018 1469 dicentem.
1035 1435 1120 1475 Heu,
1135 1445 1226 1475 quam
1237 1445 1342 1466 carum
1355 1435 1433 1465 milti
1444 1435 1544 1465 virum
1554 1435 1636 1465 circa
1650 1443 1701 1465 ur-

245 1488 313 1520 bem
325 1487 402 1519 meis
415 1487 512 1519 oculis
524 1487 729 1528 profligatum
743 1486 859 1520 cerno?
883 1489 962 1519 unde
975 1488 1053 1519 mihi
1067 1497 1120 1519 cor
1144 1492 1262 1520 moeret.
1281 1494 1375 1529 atque
1392 1488 1477 1524 item,
1497 1489 1526 1518 0
1540 1498 1588 1520 me
1609 1488 1701 1519 mise-

244 1551 326 1582 rum,
338 1541 581 1582 quandoquidem
591 1541 827 1573 dilectissimum
840 1541 918 1572 mihi
933 1542 1067 1573 omnium
1083 1542 1291 1582 Sarpedonem
1295 1542 1404 1580 satum
1419 1541 1504 1581 cogit
1519 1552 1538 1572 α
1554 1542 1701 1573 Patroclo

245 1595 441 1627 Menoelz'ade
452 1595 583 1627 domari.
605 1595 635 1626 Si
644 1596 739 1635 enim,
749 1606 767 1626 ο
779 1595 877 1626 amice
887 1595 1215 1631 Adimante,studiose
1223 1595 1356 1636 juvenes
1363 1596 1428 1626 haec
1436 1595 1591 1630 audirent,
1599 1605 1701 1636 neque

244 1648 376 1679 ridicula
390 1653 547 1689 putarent,
558 1653 705 1689 tanquam
721 1654 830 1690 praeter
844 1649 1027 1690 dignitatem
1043 1650 1126 1680 dicta
1139 1661 1146 1687 3
1170 1659 1341 1690 nunquam,
1357 1659 1427 1680 cum
1438 1658 1470 1678 se
1480 1648 1619 1678 homines
1634 1657 1701 1678 esse

245 1701 370 1739 scirent,
387 1707 441 1732 aut
452 1702 508 1733 illa
522 1713 554 1733 se
570 1701 699 1743 indigna
713 1702 921 1733 existimarent
936 1709 989 1733 aut
1004 1713 1035 1733 se
1051 1703 1257 1739 continerent,
1269 1713 1338 1733 cum
1353 1702 1428 1743 quid
1439 1701 1701 1742 illisejuseemodi

243 1756 295 1787 vel
310 1755 476 1786 dicendum
492 1757 541 1787 vel
555 1756 731 1787 faciendum
747 1756 778 1787 in
795 1761 928 1787 mentem
946 1756 1065 1787 veniret
1079 1768 1084 1786 :
1110 1757 1184 1797 quin
1198 1757 1290 1787 immo
1303 1757 1368 1787 sine
1379 1756 1442 1787 ullo
1455 1756 1502 1787 vel
1517 1756 1635 1797 pudore
1652 1755 1700 1785 vet

247 1809 421 1849 tolerantia,
438 1809 469 1840 in
486 1810 619 1840 minimis
634 1810 725 1840 etiam
741 1811 915 1850 quibusque
926 1810 1056 1851 jacturis
1072 1811 1104 1841 in
1122 1811 1268 1841 maximos
1284 1810 1420 1851 ploratus
1444 1810 1640 1851 ejulatusque
1667 1820 1700 1839 e-

248 1864 437 1904 rumperent.
480 1862 560 1894 Anr.
585 1863 666 1894 Vera
682 1864 809 1900 nimium
820 1864 965 1904 loqueris.
1010 1864 1066 1894 So.
1090 1864 1204 1905 Neque
1216 1875 1286 1895 vero
1297 1864 1329 1894 id
1344 1864 1445 1899 decet,
1463 1869 1497 1893 ut
1509 1863 1586 1894 ratio
1610 1862 1701 1893 nobis

248 1916 344 1957 paulo
361 1921 433 1947 ante
450 1916 588 1947 dictabat
602 1928 610 1948 :
635 1918 697 1954 cui,
713 1918 770 1949 nisi
787 1918 862 1959 quid
880 1917 988 1948 melius
1004 1917 1123 1948 iuterim
1147 1918 1229 1948 nacti
1254 1917 1412 1954 fuerimus,
1428 1917 1617 1948 credendum
1645 1923 1701 1948 est.

248 1970 330 2000 Ant.
352 1969 427 2000 Non
443 1970 535 2001 decet
559 1970 710 2012 profecte.
753 1971 809 2001 So.
831 1971 893 2002 Sed
922 1982 1024 2012 neque
1051 1971 1082 2001 in
1109 1971 1200 2001 risum
1229 1971 1356 2002 nimium
1385 1971 1527 2012 profusos
1552 1981 1609 2002 nos
1633 1981 1699 2002 esse

246 2027 382 2063 oportet.
404 2033 474 2053 nam
491 2024 621 2054 effusum
640 2025 731 2055 risum
748 2026 912 2055 vehemens
941 2025 1069 2055 mutatio
1098 2025 1246 2065 seqnitur.
1292 2024 1374 2056 Am.
1397 2025 1448 2055 Ita
1475 2024 1547 2054 mihi
1574 2035 1699 2066 quoque

248 2075 382 2107 videtur.
426 2077 484 2108 So.
508 2076 581 2107 Non
597 2077 691 2118 igitur
706 2079 931 2109 admittendum
948 2085 1006 2114 est,
1023 2079 1149 2119 quando
1165 2079 1234 2119 quis
1257 2088 1383 2108 summm
1405 2077 1597 2109 auctoritatis
1620 2079 1700 2109 viros

248 2128 281 2158 in
297 2129 389 2160 risum
416 2129 565 2160 resolutos
591 2130 732 2161 inducit:
759 2137 790 2161 et
815 2132 910 2161 multo
934 2131 1047 2166 minus,
1073 2130 1170 2172 [3229]
1195 2132 1320 2171 quando
1344 2131 1445 2162 Deos.
1487 2132 1570 2163 Am.
1592 2131 1698 2162 Multo

247 2189 330 2213 certe
346 2183 458 2213 minus·
503 2183 556 2214 So.
580 2183 660 2224 Ergo
676 2195 777 2225 neque
804 2185 974 2215 Homerum
1001 2185 1174 2219 audiemus,
1191 2195 1261 2215 cum
1288 2185 1384 2215 dicit:
1419 2185 1700 2224 Ine-xstingm‘bitis

247 2236 330 2267 risus
344 2236 420 2268 Diis
442 2236 579 2268 concitus
603 2242 661 2274 est,
677 2240 749 2268 dum
778 2239 946 2270 Vulcanum
967 2248 1024 2278 per
1050 2239 1172 2269 domum
1193 2242 1407 2278 properantem
1429 2239 1580 2278 riderent,
1595 2243 1699 2279 utpote

248 2291 301 2330 qui
317 2291 445 2321 claudus
468 2294 560 2321 esset.
584 2291 665 2320 haud
691 2291 773 2321 enim
801 2292 1026 2322 admittendum
1054 2297 1101 2321 est
1127 2292 1184 2321 lioc
1209 2291 1378 2321 seeundum
1404 2296 1490 2321 tuum
1516 2302 1700 2323 sermonem.

248 2342 332 2374 Aur.
361 2343 392 2374 Si
420 2354 521 2374 meunt
549 2344 592 2373 vis
619 2355 788 2375 sermonem
816 2346 897 2375 linnc
930 2355 1055 2386 ponere,
1083 2355 1277 2385 nequaquam
1304 2344 1466 2375 admittere
1495 2345 1598 2376 decet·
1641 2347 1698 2377 So.

249 2397 336 2433 Quin
362 2397 454 2428 etiam
486 2397 580 2438 pluris
610 2397 753 2428 facienda
782 2398 891 2428 veritas
921 2404 978 2429 cst.
1010 2399 1032 2428 si
1063 2398 1143 2429 enim
1175 2404 1255 2428 recte
1284 2397 1376 2439 paulo
1407 2404 1479 2428 ante
1509 2398 1698 2436 dicebamus,

249 2450 322 2481 Diis
358 2450 467 2481 inutile
503 2456 549 2481 est
589 2451 796 2492 mendacium,
833 2452 1011 2482 hominibus
1044 2457 1146 2482 autem
1185 2462 1238 2492 pro
1274 2452 1502 2483 medicamento
1531 2458 1577 2483 est
1611 2453 1697 2483 utile.

246 2511 341 2543 quare
356 2502 487 2543 publicis
503 2503 630 2534 medicis
645 2505 894 2544 concedendum,
912 2504 1038 2545 privatis
1063 2511 1165 2534 autem
1193 2505 1368 2535 hominibus
1394 2505 1519 2536 minime
1543 2506 1698 2546 attingen—

246 2556 333 2586 dum.
378 2556 459 2587 Ani.
484 2557 586 2587 Putet.
630 2557 684 2589 So.
710 2557 808 2598 Igitur
823 2569 882 2588 rem
899 2558 1052 2598 publicam
1069 2558 1353 2588 administrantibus
1369 2559 1534 2600 praecipue,
1548 2558 1697 2599 siquibus

245 2609 325 2644 aliis,
342 2610 462 2640 mentiri
477 2610 560 2646 licet,
575 2611 621 2640 vel
637 2611 770 2642 hostium
786 2611 833 2642 vel
849 2611 962 2642 civium
978 2622 1081 2647 causa,
1098 2612 1135 2641 ad
1152 2623 1346 2642 eonnnunem
1363 2612 1496 2642 civitatis
1512 2611 1695 2642 utilitatem:

245 2662 372 2703 reliquis
388 2669 524 2693 autema
545 2664 707 2695 mendacio
733 2664 950 2696 abstinendum
977 2670 1034 2695 est.
1080 2666 1140 2695 Sed
1167 2666 1310 2696 adversus
1337 2665 1515 2706 hujusmodi
1539 2664 1697 2706 principes

248 2716 400 2757 privatum
417 2717 538 2747 mentiri
553 2717 650 2758 majus
667 2724 827 2759 peccatum
843 2724 901 2759 est,
916 2729 1008 2759 quam
1026 2724 1172 2760 :egrotum
1190 2719 1309 2749 mentiri
1323 2729 1395 2759 erga
1409 2718 1574 2754 medicum,
1592 2718 1639 2749 vel
1664 2729 1696 2749 se

245 2775 436 2800 exercentem
454 2781 525 2811 erga
548 2770 790 2811 ludimagistrum
806 2772 886 2803 circa
902 2773 949 2802 sui
965 2772 1100 2812 corporis
1130 2773 1213 2808 vitia,
1232 2772 1278 2802 vel
1302 2782 1373 2813 erga
1400 2771 1485 2801 navis
1511 2772 1697 2811 gubernato-

247 2834 310 2853 rem
326 2823 365 2853 de
382 2833 458 2853 nave
473 2829 501 2854 et
520 2825 619 2855 nautis
634 2826 760 2855 minime
776 2837 842 2856 vera
858 2826 970 2863 dicere,
987 2827 1247 2867 quetulndruotlutn
1265 2826 1311 2856 vel
1328 2836 1381 2855 sua
1396 2825 1507 2865 cuique
1523 2825 1569 2855 vel
1595 2826 1696 2855 socio-

245 2887 311 2908 rum
326 2887 391 2908 sose
408 2887 454 2909 res
468 2878 591 2909 habeut.
637 2877 720 2911 Am.
748 2880 827 2911 Vera
842 2891 954 2914 narras.
1001 2882 1056 2912 So.
1080 2881 1110 2910 Si
1127 2880 1252 2922 quidem
1265 2890 1335 2921 ergo
1349 2879 1589 2922 deprehenderis
1600 2878 1696 2910 alium
