1840 3225
194 213 274 250 426
785 210 1049 250 PLATONIS
1552 211 1648 262 [920

194 310 326 346 desertis
352 316 439 352 locis,
462 316 501 346 ad
523 325 594 357 quae
624 315 732 345 multae
760 315 925 356 longaeque
951 314 1070 347 ducunt
1098 314 1166 350 viae,
1194 314 1393 356 cauponandi
1417 314 1516 356 gratia
1540 313 1654 344 domos

194 369 364 404 aedificant,
387 374 494 410 optato
510 369 679 400 diversorio
715 374 904 410 tempestate
934 370 1043 410 pulsos
1072 368 1256 410 suscipiunt,
1287 374 1321 399 et
1349 368 1506 399 caloribus
1533 377 1656 408 pressos

192 427 356 456 recreant:
382 423 508 460 deinde,
525 433 588 454 non
606 428 753 464 tanquam
773 424 891 454 amicos
914 423 1121 464 hospitalibus
1137 423 1315 454 muneribus
1331 423 1465 453 donatos
1485 421 1657 458 remittunt,

195 477 250 507 sed
273 482 308 506 ut
330 477 469 508 inimicos
496 483 589 518 atque
611 478 753 519 captivos
779 477 946 508 crudeliter
966 487 999 507 se
1022 477 1173 507 redimere
1199 482 1327 518 cogunt,
1343 478 1498 517 rebusque
1514 475 1657 513 omnibus

194 531 340 571 spoliant.
364 533 429 562 haec
456 537 561 562 autem
588 537 755 573 ceteraque
782 530 960 573 hujusmodi
977 532 1006 561 in
1025 532 1072 560 his
1087 531 1230 562 omnibus
1243 532 1374 572 turpiter
1389 537 1458 561 acta
1477 530 1607 566 faciunt,
1624 534 1661 559 ut

194 584 409 626 hujuscemodi
426 586 540 621 studia,
555 596 626 627 quae
642 585 855 627 indigentibus
870 596 961 625 opem
980 586 1093 619 ferunt,
1105 585 1269 615 calumniae
1283 585 1344 616 sint
1355 585 1511 626 subjecta.
1527 594 1657 625 quorum

193 638 365 669 remedium
390 649 408 670 a
431 640 529 670 latore
557 640 658 681 legum
686 640 928 680 excogitandum
947 645 1005 670 est.
1030 645 1115 670 recte
1131 640 1228 680 igitur
1238 639 1303 681 jam
1319 639 1394 669 olim
1405 639 1479 670 trito
1497 637 1660 679 proverbio

196 693 322 727 dicitur,
354 692 496 724 Arduum
523 704 590 724 esse
620 692 768 724 adversus
796 694 859 724 duo
882 693 1100 733 contrariaque
1133 704 1272 734 pugnare
1286 705 1292 722 ε
1332 692 1595 734 quemadmodum
1625 691 1659 720 in

195 747 299 777 inultis
315 747 384 777 aliis
400 747 524 784 morbis,
541 753 573 778 et
587 748 620 778 in
637 748 697 778 isto
711 748 875 789 contingit.
899 757 1003 788 pugna
1019 748 1104 777 enim
1132 758 1213 779 nunc
1238 747 1328 777 nobis
1352 747 1393 777 ad
1417 748 1478 777 duo
1504 746 1660 779 imminet.

194 801 322 832 divitias
348 797 442 843 atque
467 806 662 843 egestatem:
689 812 816 842 quorum
843 802 976 832 alterum
992 801 1153 832 hominum
1169 802 1308 832 animum
1324 801 1445 832 deliciis
1461 800 1659 841 mollitieque

194 856 372 897 corrumpit,
397 857 530 886 alterum
555 855 712 887 doloribus
741 856 781 886 ad
813 855 1042 896 impudentiam
1066 856 1174 887 trudit.
1199 855 1286 896 quod
1315 855 1409 895 igitur
1434 854 1605 884 remedium
1627 854 1660 884 iu

194 909 322 940 civitate
340 909 509 950 prudenter
524 910 669 940 instituta
684 909 723 939 ad
739 908 918 950 pellendum
933 910 1016 940 hunc
1035 909 1172 940 morbum
1188 909 1459 950 excogitabimus?
1483 907 1586 938 danda
1613 913 1664 938 est

193 973 291 1004 opera
315 964 461 1004 primum,
488 969 523 994 ut
548 974 644 1004 quam
670 964 796 994 minimo
813 974 867 1004 pro
884 963 1002 993 viribus
1017 972 1192 1004 cauponum
1209 973 1324 1004 genere
1340 963 1371 992 in
1385 962 1514 993 civitate
1528 967 1662 992 utamur.

195 1017 312 1048 deinde
337 1018 383 1048 his
410 1018 588 1048 hominibus
613 1018 812 1058 cauponandi
828 1022 911 1048 artes
925 1017 1185 1048 commendandae
1202 1022 1285 1053 sunt,
1302 1016 1414 1058 quibus
1426 1017 1582 1057 corruptis
1597 1026 1661 1046 non

196 1082 341 1113 magnum
359 1072 468 1103 civitas
484 1072 705 1111 detrimentum
723 1073 870 1102 incurrat.
894 1072 986 1102 tertio
999 1070 1194 1102 invenienda
1208 1071 1260 1102 via
1274 1077 1306 1102 et
1323 1071 1400 1101 ratio
1424 1075 1484 1106 est,
1512 1080 1553 1100 ne
1568 1069 1664 1100 facile

194 1125 393 1166 impudentia
417 1131 509 1167 atque
539 1127 755 1156 illiberalitate
772 1119 909 1156 'illorum
936 1126 1100 1157 hominum
1130 1126 1227 1156 animi
1256 1125 1448 1166 repleantur.
1480 1124 1530 1154 his
1555 1124 1664 1160 dictis,

196 1180 263 1210 haec
286 1180 566 1221 Magnesiensibus
590 1181 641 1210 lex
666 1181 706 1210 de
730 1181 906 1222 hujusmodi
919 1181 1013 1211 rebus
1028 1181 1112 1211 bona
1125 1180 1249 1211 fortuna
1264 1180 1394 1215 seratur,
1411 1188 1541 1220 quorum
1557 1177 1669 1213 urbem

196 1232 288 1264 Deus
313 1235 438 1275 erigens
463 1235 525 1265 coli
551 1234 666 1265 iterum
692 1235 792 1265 facit:
819 1235 936 1267 Nullus
959 1245 1079 1272 eorum,
1103 1234 1158 1275 qui
1187 1235 1227 1264 de
1259 1233 1466 1275 quadraginta
1480 1237 1512 1262 et
1528 1232 1666 1273 quinque

197 1288 333 1319 millibus
346 1290 505 1320 domorum
524 1295 608 1326 sunt,
624 1299 726 1331 caupo
742 1294 954 1331 mercatorque
969 1300 1029 1321 nec
1045 1294 1156 1329 sponte
1171 1299 1231 1320 nec
1248 1288 1365 1318 invitus
1380 1287 1455 1318 fiat:
1479 1297 1538 1318 nec
1553 1282 1671 1327 privati

195 1342 377 1384 cujusquam
396 1343 449 1373 fiat
461 1343 614 1379 minister,
631 1343 685 1384 qui
701 1354 765 1374 non
780 1354 819 1374 ex
835 1354 925 1385 aequo
938 1343 971 1373 in
987 1342 1101 1374 eadem
1116 1348 1198 1374 sorte
1215 1342 1275 1373 sibi
1288 1341 1488 1383 respondeat,
1498 1340 1561 1370 nisi
1570 1340 1669 1381 panis

194 1407 231 1428 ac
258 1397 365 1427 matris
385 1398 577 1438 aliorumque
605 1407 718 1438 genere
750 1398 908 1439 majorum,
933 1401 1169 1438 ceterorumque
1187 1395 1355 1432 seniorum,
1372 1396 1427 1436 qui
1443 1395 1535 1425 liberi
1550 1399 1622 1424 sunt
1636 1398 1670 1424 et

192 1451 290 1481 libere
320 1452 439 1482 vivunt.
487 1451 631 1480 Liberum
656 1460 730 1480 vero
756 1457 788 1480 et
809 1461 874 1480 non
901 1451 1028 1480 liberum
1058 1461 1121 1480 non
1145 1450 1238 1480 facile
1256 1455 1361 1490 potest
1377 1449 1499 1489 legibus
1513 1448 1669 1489 exquisite

195 1504 357 1545 distingui.
381 1504 573 1536 discernatur
600 1510 705 1534 tamen
721 1504 759 1534 ab
776 1504 988 1544 optimatibus,
1005 1513 1041 1534 ac
1057 1503 1130 1534 odio
1146 1509 1179 1533 et
1191 1513 1294 1534 amore
1311 1504 1448 1544 ipsorum
1465 1502 1670 1543 dijudicetur.

196 1569 270 1589 eum
286 1569 370 1594 vero,
386 1559 441 1600 qui
454 1558 600 1589 illiberali
612 1558 834 1599 cauponationi
849 1558 881 1587 in
895 1558 1003 1599 aliqua
1018 1561 1082 1588 arte
1100 1568 1229 1598 operam
1245 1557 1379 1594 dederit,
1404 1557 1510 1588 volens
1536 1557 1671 1598 quilibet

197 1613 235 1643 ad
251 1613 419 1657 optimates
431 1613 610 1653 virtuteque
633 1612 759 1653 primos,
774 1612 862 1652 quasi
880 1612 986 1652 generi
1001 1622 1057 1642 suo
1080 1611 1228 1642 dedecori
1243 1612 1296 1648 sit,
1313 1617 1451 1642 accuset.
1474 1615 1507 1642 et
1521 1611 1547 1641 si
1563 1615 1671 1652 pater-

197 1677 272 1697 nam
301 1667 428 1697 domum
456 1666 585 1707 indigno
612 1665 717 1696 studio
746 1667 920 1696 maculasse
951 1665 1216 1706 deprehendatur,
1248 1666 1286 1696 ab
1321 1667 1381 1696 hoc
1412 1675 1507 1706 opere
1536 1664 1672 1696 vinculis

198 1721 312 1752 annuis
325 1727 476 1751 arceatur.
502 1718 600 1760 [920]
626 1720 680 1761 qui
693 1719 717 1749 si
731 1720 842 1750 iterum
856 1720 961 1760 lapsus
972 1719 1078 1753 fuerit,
1090 1719 1252 1749 biennium
1265 1719 1434 1750 vinciatur:
1453 1729 1490 1749 ac
1503 1718 1667 1760 deinceps,

199 1776 344 1816 quotiens
358 1784 506 1816 peccasse
516 1773 773 1815 deprehenditur,
783 1774 882 1814 duplo
892 1780 1033 1814 tempore
1046 1783 1172 1813 semper
1182 1772 1374 1803 detineatur.
1388 1773 1487 1803 altera
1496 1773 1546 1803 lex
1557 1772 1666 1814 jubet,

199 1834 234 1859 ut
247 1828 401 1871 peregrini
417 1827 578 1858 dumtaxat
593 1833 624 1858 et
640 1827 769 1858 advenae
784 1827 994 1868 cauponarias
1008 1832 1093 1857 artes
1109 1831 1289 1867 sequantur.
1300 1860 1302 1862 v
1312 1827 1406 1857 tertia
1421 1826 1472 1857 lex
1494 1827 1672 1857 cavendum

205 1888 323 1918 monet,
339 1887 375 1912 ut
386 1882 570 1923 peregrinus
585 1882 640 1912 ille
656 1882 705 1912 vel
722 1882 828 1912 incola
846 1886 899 1911 aut
913 1891 1007 1922 quarn
1026 1881 1164 1922 optimus
1180 1887 1234 1912 aut
1250 1891 1345 1922 quam
1357 1880 1488 1911 minime
1502 1880 1605 1911 malus
1620 1881 1674 1913 sit·

201 1947 260 1968 nec
278 1937 424 1978 ignorare
440 1937 546 1978 legum
561 1936 708 1968 custodes
725 1936 853 1972 debent,
869 1946 933 1966 non
950 1937 1048 1967 solum
1068 1936 1281 1966 observatores
1297 1936 1424 1966 illorum
1447 1946 1480 1966 se
1496 1945 1576 1972 esse,
1594 1945 1674 1976 quos

201 1991 239 2024 ab
255 1991 420 2032 iniquitate
436 1992 651 2032 pravitateque
667 2001 811 2021 amovere
830 1990 957 2021 difficile
969 2001 1034 2022 non
1052 1996 1111 2026 cst,
1125 1990 1178 2031 qui
1195 1990 1276 2020 bene
1291 1990 1359 2020 nati
1377 1989 1567 2030 educatique
1589 1994 1676 2025 sunt,

201 2055 309 2076 verum
334 2046 430 2076 etiam
454 2045 579 2077 illorum
604 2046 706 2076 multo
734 2046 842 2086 magis,
870 2045 922 2086 qui
943 2045 1024 2076 tales
1040 2055 1101 2075 nou
1119 2049 1200 2080 sunt,
1213 2045 1291 2076 etin
1307 2044 1424 2075 artibus
1439 2043 1489 2075 his
1500 2049 1674 2078 versantur,

201 2100 318 2140 quibus
332 2100 373 2129 ad
388 2100 621 2140 improbitatem
638 2100 760 2130 facilius
775 2100 989 2141 impelluntur.
1013 2111 1082 2130 cum
1105 2110 1176 2130 vero
1193 2099 1382 2140 cauponatio
1400 2098 1564 2140 multiplex
1577 2103 1673 2139 atque

200 2155 288 2184 varia
313 2154 364 2190 sit,
388 2164 460 2185 cum
483 2153 591 2194 peritis
614 2153 803 2193 singulorum
829 2153 897 2194 ejus
915 2164 1060 2194 generum
1078 2153 1228 2185 custodes
1243 2153 1566 2194 legumconveniant,
1581 2158 1625 2188 et,
1643 2158 1677 2183 ut

203 2209 298 2249 paulo
315 2212 387 2238 ante
398 2207 443 2245 *de
460 2207 690 2246 adulteratione
704 2207 776 2238 huic
793 2207 875 2237 affini
898 2207 1090 2243 dicebamus,
1106 2218 1177 2249 quae
1193 2207 1371 2238 necessaria
1384 2206 1504 2238 civitati
1522 2205 1675 2246 videbun-

203 2267 269 2298 tur,
301 2272 339 2293 ea
367 2262 434 2293 fieri
463 2263 564 2302 prImo
594 2262 795 2292 constituant.
829 2262 960 2298 deinde,
992 2261 1155 2303 impendio
1188 2267 1221 2291 et
1259 2261 1475 2292 emolumento
1504 2260 1675 2301 diligenter

205 2317 394 2352 examinato,
419 2317 493 2358 quid
519 2315 678 2347 mediocre
696 2315 830 2356 cauponi
846 2317 963 2346 lucrum
984 2316 1036 2353 sit,
1053 2315 1201 2346 videant:
1229 2320 1341 2346 ettam
1365 2313 1560 2356 impendium
1579 2324 1674 2356 quam

205 2372 453 2402 emolumentum
467 2371 675 2401 conscribant.
700 2370 904 2401 observentur
920 2375 1025 2401 autem
1040 2371 1103 2402 alia
1124 2371 1162 2401 ab
1179 2370 1335 2405 aedilibus,
1352 2369 1415 2399 alia
1429 2378 1447 2399 a
1461 2378 1566 2399 rerum
1576 2378 1675 2399 vena-

204 2425 283 2456 lium
312 2425 516 2459 curatoribus,
542 2425 605 2454 alia
628 2424 667 2455 ab
695 2425 760 2465 agri
785 2425 1027 2464 magistratibus.
1051 2425 1095 2455 sic
1119 2425 1215 2455 ferme
1231 2422 1428 2466 cauponandi
1445 2430 1528 2453 artes
1540 2422 1673 2463 singulis

204 2479 378 2520 proderunt
410 2485 441 2510 et
467 2479 597 2509 minime
624 2478 766 2509 oberunt.
788 2479 814 2508 si
841 2479 910 2519 quis
937 2490 999 2509 nou
1023 2478 1166 2510 videatur
1189 2484 1283 2520 pacta
1307 2487 1458 2513 servasse,
1478 2477 1605 2508 nisilex
1621 2481 1677 2507 aut

205 2533 366 2564 decretum
383 2534 558 2574 prohibeat,
574 2538 629 2563 aut
644 2533 814 2563 necessitas
839 2539 870 2563 et
891 2533 938 2563 vis
954 2533 1040 2563 illata
1057 2533 1209 2574 coegerit,
1225 2540 1278 2563 aut
1292 2532 1473 2572 inopinatus
1489 2540 1580 2561 casus
1593 2530 1675 2560 invi-

207 2592 273 2618 tum
292 2587 475 2623 detinuerit,
489 2588 520 2618 in
539 2587 610 2617 aliis
621 2597 683 2617 non
700 2587 812 2617 servati
826 2597 947 2618 causant
966 2588 1049 2628 pacti
1070 2588 1202 2618 tribuum
1225 2586 1350 2628 judices
1378 2589 1588 2625 cognoscant:
1613 2585 1675 2615 nisi

205 2641 301 2672 vicini
327 2647 380 2672 aut
406 2642 513 2672 arbitri
539 2642 624 2682 prius
648 2641 929 2672 reconciliaverint.
976 2642 1119 2672 Vulcano
1137 2648 1169 2671 et
1184 2639 1309 2671 Palladi
1324 2638 1473 2679 opificum
1487 2647 1599 2679 genus,
1613 2639 1668 2678 qui

204 2695 301 2726 vitam
317 2695 407 2725 nobis
423 2696 485 2725 suis
500 2696 618 2726 artibus
635 2696 858 2732 instruxerunt,
875 2702 1091 2726 consecratum
1107 2700 1173 2725 est:
1199 2694 1297 2726 Marti
1310 2703 1382 2724 vero
1393 2699 1425 2723 et
1437 2691 1671 2732 Palladi'genus

206 2760 323 2787 eorum,
338 2751 390 2790 qui
407 2750 560 2780 artificum
581 2760 672 2791 opera
690 2751 802 2780 ceteris
818 2749 1004 2790 quibusdam
1020 2749 1059 2780 ad
1079 2749 1244 2780 tutandum
1268 2736 1543 2786 nuntiandumque
1560 2746 1676 2786 paratis

208 2809 394 2835 conservant
405 2804 532 2834 artibus.
547 2814 605 2835 nec
623 2805 662 2834 ab
677 2814 711 2835 re
728 2805 836 2835 horum
852 2814 951 2845 genus
968 2804 1015 2834 liis
1031 2804 1102 2834 Diis
1118 2809 1165 2834 est
1179 2806 1404 2834 consecratum.
1417 2800 1448 2829 lii
1464 2800 1550 2830 enim
1565 2809 1675 2835 omnes

208 2859 370 2900 regionem
397 2858 608 2899 populumque
631 2863 752 2889 curant.
786 2859 840 2889 alii
869 2859 987 2899 quippe
1011 2858 1136 2889 bellicis
1172 2855 1392 2887 certaminibus
1422 2860 1579 2895 praesunt:
1618 2853 1671 2884 alii

208 2911 414 2953 stipendiaria
438 2922 534 2954 opera
558 2912 828 2954 instrumentaque
859 2912 1008 2945 efficiunt.
1032 2912 1065 2942 hi
1090 2902 1242 2954 profecto,
1273 2909 1359 2941 Deos
1390 2914 1532 2939 auctores
1561 2907 1669 2954 veriti,
