<?xml version="1.0" encoding="UTF-8"?>
<!DOCTYPE html PUBLIC "-//W3C//DTD XHTML 1.0 Transitional//EN"
    "http://www.w3.org/TR/xhtml1/DTD/xhtml1-transitional.dtd">
<html xmlns="http://www.w3.org/1999/xhtml" xml:lang="en" lang="en">
 <head>
  <title>
</title>
<meta http-equiv="Content-Type" content="text/html;charset=utf-8" />
  <meta name='ocr-system' content='tesseract 3.04.00' />
  <meta name='ocr-capabilities' content='ocr_page ocr_carea ocr_par ocr_line ocrx_word'/>
</head>
<body>
  <div class='ocr_page' id='page_1' title='image "./platonisetquaeve11plat_0358.png"; bbox 0 0 1840 3225; ppageno 0'>
   <div class='ocr_carea' id='block_1_1' title="bbox 219 188 1670 243">
    <p class='ocr_par' dir='ltr' id='par_1_1' title="bbox 219 188 1670 243">
     <span class='ocr_line' id='line_1_1' title="bbox 219 188 1670 243; baseline 0.002 -15"><span class='ocrx_word' id='word_1_1' title='bbox 219 188 297 228; x_wconf 83' lang='lat'>342</span> <span class='ocrx_word' id='word_1_2' title='bbox 812 188 1076 230; x_wconf 88' lang='lat' dir='ltr'>PLATONIS</span> <span class='ocrx_word' id='word_1_3' title='bbox 1180 189 1183 193; x_wconf 82' lang='lat'>&#39;</span> <span class='ocrx_word' id='word_1_4' title='bbox 1571 192 1615 243; x_wconf 88' lang='lat'>[7</span> <span class='ocrx_word' id='word_1_5' title='bbox 1619 193 1670 231; x_wconf 88' lang='lat'>39</span> 
     </span>
    </p>
   </div>
   <div class='ocr_carea' id='block_1_2' title="bbox 209 290 1710 2930">
    <p class='ocr_par' dir='ltr' id='par_1_2' title="bbox 209 290 1710 2930">
     <span class='ocr_line' id='line_1_2' title="bbox 217 290 1671 335; baseline 0.001 -11"><span class='ocrx_word' id='word_1_6' title='bbox 217 290 287 333; x_wconf 78' lang='lat' dir='ltr'>ipse</span> <span class='ocrx_word' id='word_1_7' title='bbox 313 291 505 323; x_wconf 69' lang='lat' dir='ltr'>adulterinus</span> <span class='ocrx_word' id='word_1_8' title='bbox 526 300 594 323; x_wconf 75' lang='lat' dir='ltr'>esse</span> <span class='ocrx_word' id='word_1_9' title='bbox 608 301 745 334; x_wconf 87' lang='lat' dir='ltr'>unquam</span> <span class='ocrx_word' id='word_1_10' title='bbox 760 292 912 328; x_wconf 81' lang='lat' dir='ltr'>videatur,</span> <span class='ocrx_word' id='word_1_11' title='bbox 928 294 1058 334; x_wconf 82' lang='lat' dir='ltr'><strong>simplex</strong></span> <span class='ocrx_word' id='word_1_12' title='bbox 1075 303 1198 334; x_wconf 84' lang='lat' dir='ltr'>semper</span> <span class='ocrx_word' id='word_1_13' title='bbox 1213 303 1249 324; x_wconf 86' lang='lat' dir='ltr'>ac</span> <span class='ocrx_word' id='word_1_14' title='bbox 1263 303 1352 324; x_wconf 84' lang='lat' dir='ltr'>verus</span> <span class='ocrx_word' id='word_1_15' title='bbox 1369 305 1377 323; x_wconf 87' lang='lat'>:</span> <span class='ocrx_word' id='word_1_16' title='bbox 1400 303 1460 325; x_wconf 86' lang='lat' dir='ltr'>nec</span> <span class='ocrx_word' id='word_1_17' title='bbox 1475 294 1553 325; x_wconf 78' lang='lat' dir='ltr'>alius</span> <span class='ocrx_word' id='word_1_18' title='bbox 1565 294 1671 335; x_wconf 84' lang='lat' dir='ltr'>ipsum</span> 
     </span>
     <span class='ocr_line' id='line_1_3' title="bbox 217 345 1672 389; baseline 0.001 -13"><span class='ocrx_word' id='word_1_19' title='bbox 217 346 289 376; x_wconf 85' lang='lat' dir='ltr'>talis</span> <span class='ocrx_word' id='word_1_20' title='bbox 317 345 485 376; x_wconf 79' lang='lat' dir='ltr'>fraudetur.</span> <span class='ocrx_word' id='word_1_21' title='bbox 509 345 607 388; x_wconf 77' lang='grc'><strong>[739]</strong></span> <span class='ocrx_word' id='word_1_22' title='bbox 631 345 747 377; x_wconf 87' lang='lat' dir='ltr'>Verum</span> <span class='ocrx_word' id='word_1_23' title='bbox 769 345 885 386; x_wconf 84' lang='lat' dir='ltr'>jactus,</span> <span class='ocrx_word' id='word_1_24' title='bbox 915 347 968 388; x_wconf 89' lang='lat' dir='ltr'>qui</span> <span class='ocrx_word' id='word_1_25' title='bbox 994 346 1086 377; x_wconf 89' lang='lat' dir='ltr'>modo</span> <span class='ocrx_word' id='word_1_26' title='bbox 1108 348 1247 387; x_wconf 87' lang='lat' dir='ltr'>sequitur</span> <span class='ocrx_word' id='word_1_27' title='bbox 1261 348 1291 377; x_wconf 87' lang='lat' dir='ltr'>in</span> <span class='ocrx_word' id='word_1_28' title='bbox 1305 348 1374 388; x_wconf 86' lang='lat' dir='ltr'>ipsa</span> <span class='ocrx_word' id='word_1_29' title='bbox 1385 347 1486 389; x_wconf 83' lang='lat' dir='ltr'>legum</span> <span class='ocrx_word' id='word_1_30' title='bbox 1504 348 1672 389; x_wconf 81' lang='lat' dir='ltr'>positione,</span> 
     </span>
     <span class='ocr_line' id='line_1_4' title="bbox 219 399 1673 442; baseline 0.001 -12"><span class='ocrx_word' id='word_1_31' title='bbox 219 400 298 430; x_wconf 80' lang='lat' dir='ltr'>sicut</span> <span class='ocrx_word' id='word_1_32' title='bbox 313 399 345 429; x_wconf 88' lang='lat' dir='ltr'>in</span> <span class='ocrx_word' id='word_1_33' title='bbox 359 400 492 434; x_wconf 80' lang='lat' dir='ltr'>tessaris,</span> <span class='ocrx_word' id='word_1_34' title='bbox 507 405 541 429; x_wconf 90' lang='lat' dir='ltr'>ut</span> <span class='ocrx_word' id='word_1_35' title='bbox 554 399 749 439; x_wconf 81' lang='lat' dir='ltr'>proverbium</span> <span class='ocrx_word' id='word_1_36' title='bbox 762 400 866 436; x_wconf 88' lang='lat' dir='ltr'>habet,</span> <span class='ocrx_word' id='word_1_37' title='bbox 882 410 901 430; x_wconf 93' lang='lat' dir='ltr'>a</span> <span class='ocrx_word' id='word_1_38' title='bbox 916 410 1004 431; x_wconf 85' lang='lat' dir='ltr'>sacro</span> <span class='ocrx_word' id='word_1_39' title='bbox 1015 411 1084 431; x_wconf 90' lang='lat' dir='ltr'>cum</span> <span class='ocrx_word' id='word_1_40' title='bbox 1099 400 1241 431; x_wconf 83' lang='lat' dir='ltr'>insolitus</span> <span class='ocrx_word' id='word_1_41' title='bbox 1256 401 1306 437; x_wconf 88' lang='lat' dir='ltr'>sit,</span> <span class='ocrx_word' id='word_1_42' title='bbox 1328 401 1406 432; x_wconf 87' lang='lat' dir='ltr'>sorte</span> <span class='ocrx_word' id='word_1_43' title='bbox 1420 402 1553 442; x_wconf 81' lang='lat' dir='ltr'>primum</span> <span class='ocrx_word' id='word_1_44' title='bbox 1568 401 1673 432; x_wconf 79' lang='lat' dir='ltr'>mirari</span> 
     </span>
     <span class='ocr_line' id='line_1_5' title="bbox 218 453 1670 496; baseline 0.001 -13"><span class='ocrx_word' id='word_1_45' title='bbox 218 453 390 484; x_wconf 83' lang='lat' dir='ltr'><strong>auditorem</strong></span> <span class='ocrx_word' id='word_1_46' title='bbox 416 453 520 484; x_wconf 84' lang='lat' dir='ltr'>faciet.</span> <span class='ocrx_word' id='word_1_47' title='bbox 541 454 691 494; x_wconf 72' lang='lat' dir='ltr'>cogitanti</span> <span class='ocrx_word' id='word_1_48' title='bbox 717 458 823 484; x_wconf 87' lang='lat' dir='ltr'>tamen</span> <span class='ocrx_word' id='word_1_49' title='bbox 843 459 937 495; x_wconf 88' lang='lat' dir='ltr'>atque</span> <span class='ocrx_word' id='word_1_50' title='bbox 968 459 1094 495; x_wconf 86' lang='lat' dir='ltr'>experto</span> <span class='ocrx_word' id='word_1_51' title='bbox 1122 454 1286 491; x_wconf 79' lang='lat' dir='ltr'>videbitur,</span> <span class='ocrx_word' id='word_1_52' title='bbox 1317 455 1455 486; x_wconf 84' lang='lat' dir='ltr'>secundo</span> <span class='ocrx_word' id='word_1_53' title='bbox 1478 456 1547 486; x_wconf 89' lang='lat' dir='ltr'>loco</span> <span class='ocrx_word' id='word_1_54' title='bbox 1568 454 1670 496; x_wconf 88' lang='lat' dir='ltr'>quoad</span> 
     </span>
     <span class='ocr_line' id='line_1_6' title="bbox 218 507 1672 551; baseline 0.001 -14"><span class='ocrx_word' id='word_1_55' title='bbox 218 507 371 548; x_wconf 88' lang='lat' dir='ltr'>optimum</span> <span class='ocrx_word' id='word_1_56' title='bbox 395 511 510 537; x_wconf 84' lang='lat' dir='ltr'>statum</span> <span class='ocrx_word' id='word_1_57' title='bbox 536 507 646 538; x_wconf 87' lang='lat' dir='ltr'>civitas</span> <span class='ocrx_word' id='word_1_58' title='bbox 662 507 707 538; x_wconf 88' lang='lat' dir='ltr'>sic</span> <span class='ocrx_word' id='word_1_59' title='bbox 732 508 865 538; x_wconf 86' lang='lat' dir='ltr'>institui.</span> <span class='ocrx_word' id='word_1_60' title='bbox 887 509 1016 538; x_wconf 79' lang='lat' dir='ltr'>fortasse</span> <span class='ocrx_word' id='word_1_61' title='bbox 1042 509 1196 550; x_wconf 73' lang='lat' dir='ltr'>quispiam</span> <span class='ocrx_word' id='word_1_62' title='bbox 1219 509 1318 550; x_wconf 81' lang='lat' dir='ltr'>ipsam</span> <span class='ocrx_word' id='word_1_63' title='bbox 1334 520 1397 540; x_wconf 90' lang='lat' dir='ltr'>non</span> <span class='ocrx_word' id='word_1_64' title='bbox 1422 510 1582 551; x_wconf 72' lang='lat' dir='ltr'>suscipiet,</span> <span class='ocrx_word' id='word_1_65' title='bbox 1597 507 1672 550; x_wconf 86' lang='lat' dir='ltr'>quia</span> 
     </span>
     <span class='ocr_line' id='line_1_7' title="bbox 217 562 1670 605; baseline 0.003 -14"><span class='ocrx_word' id='word_1_66' title='bbox 217 566 384 592; x_wconf 80' lang='lat' dir='ltr'>consuetus</span> <span class='ocrx_word' id='word_1_67' title='bbox 397 572 458 592; x_wconf 89' lang='lat' dir='ltr'>non</span> <span class='ocrx_word' id='word_1_68' title='bbox 472 562 564 592; x_wconf 83' lang='lat' dir='ltr'>fuerit</span> <span class='ocrx_word' id='word_1_69' title='bbox 579 572 648 592; x_wconf 90' lang='lat' dir='ltr'>cum</span> <span class='ocrx_word' id='word_1_70' title='bbox 664 562 868 603; x_wconf 86' lang='lat' dir='ltr'>legumlatore</span> <span class='ocrx_word' id='word_1_71' title='bbox 884 573 966 593; x_wconf 83' lang='lat' dir='ltr'>more</span> <span class='ocrx_word' id='word_1_72' title='bbox 980 563 1141 605; x_wconf 83' lang='lat' dir='ltr'>tyrannico</span> <span class='ocrx_word' id='word_1_73' title='bbox 1157 564 1187 593; x_wconf 87' lang='lat' dir='ltr'>in</span> <span class='ocrx_word' id='word_1_74' title='bbox 1198 563 1334 594; x_wconf 79' lang='lat' dir='ltr'>serendis</span> <span class='ocrx_word' id='word_1_75' title='bbox 1350 563 1471 605; x_wconf 87' lang='lat' dir='ltr'>legibus</span> <span class='ocrx_word' id='word_1_76' title='bbox 1481 573 1544 594; x_wconf 87' lang='lat' dir='ltr'>non</span> <span class='ocrx_word' id='word_1_77' title='bbox 1557 563 1670 595; x_wconf 88' lang='lat' dir='ltr'>utenti.</span> 
     </span>
     <span class='ocr_line' id='line_1_8' title="bbox 216 616 1670 659; baseline 0.001 -13"><span class='ocrx_word' id='word_1_78' title='bbox 216 620 301 646; x_wconf 85' lang='lat' dir='ltr'>recte</span> <span class='ocrx_word' id='word_1_79' title='bbox 330 625 403 646; x_wconf 85' lang='lat' dir='ltr'>sane</span> <span class='ocrx_word' id='word_1_80' title='bbox 419 620 539 657; x_wconf 83' lang='lat' dir='ltr'>agetur,</span> <span class='ocrx_word' id='word_1_81' title='bbox 563 616 590 646; x_wconf 85' lang='lat' dir='ltr'>si</span> <span class='ocrx_word' id='word_1_82' title='bbox 613 616 731 657; x_wconf 85' lang='lat' dir='ltr'>optima</span> <span class='ocrx_word' id='word_1_83' title='bbox 752 617 928 657; x_wconf 84' lang='lat' dir='ltr'>respublica</span> <span class='ocrx_word' id='word_1_84' title='bbox 952 622 983 647; x_wconf 87' lang='lat' dir='ltr'>et</span> <span class='ocrx_word' id='word_1_85' title='bbox 997 617 1133 648; x_wconf 86' lang='lat' dir='ltr'>secunda</span> <span class='ocrx_word' id='word_1_86' title='bbox 1148 623 1179 648; x_wconf 85' lang='lat' dir='ltr'>et</span> <span class='ocrx_word' id='word_1_87' title='bbox 1194 618 1284 648; x_wconf 80' lang='lat' dir='ltr'>tertia</span> <span class='ocrx_word' id='word_1_88' title='bbox 1300 623 1500 659; x_wconf 76' lang='lat' dir='ltr'>proponatur,</span> <span class='ocrx_word' id='word_1_89' title='bbox 1516 617 1670 658; x_wconf 83' lang='lat' dir='ltr'>deturque</span> 
     </span>
     <span class='ocr_line' id='line_1_9' title="bbox 217 670 1672 711; baseline 0.001 -11"><span class='ocrx_word' id='word_1_90' title='bbox 217 670 304 711; x_wconf 89' lang='lat' dir='ltr'>optio</span> <span class='ocrx_word' id='word_1_91' title='bbox 329 670 454 711; x_wconf 87' lang='lat' dir='ltr'>cuique,</span> <span class='ocrx_word' id='word_1_92' title='bbox 479 670 626 701; x_wconf 85' lang='lat' dir='ltr'>arbitratu</span> <span class='ocrx_word' id='word_1_93' title='bbox 651 681 707 701; x_wconf 85' lang='lat' dir='ltr'>suo</span> <span class='ocrx_word' id='word_1_94' title='bbox 733 671 905 711; x_wconf 79' lang='lat' dir='ltr'>quamlibet</span> <span class='ocrx_word' id='word_1_95' title='bbox 925 672 1075 702; x_wconf 83' lang='lat' dir='ltr'>electuro.</span> <span class='ocrx_word' id='word_1_96' title='bbox 1099 672 1129 703; x_wconf 90' lang='lat' dir='ltr'>id</span> <span class='ocrx_word' id='word_1_97' title='bbox 1153 682 1235 702; x_wconf 86' lang='lat' dir='ltr'>nunc</span> <span class='ocrx_word' id='word_1_98' title='bbox 1251 672 1392 702; x_wconf 83' lang='lat' dir='ltr'>similiter</span> <span class='ocrx_word' id='word_1_99' title='bbox 1405 682 1462 702; x_wconf 86' lang='lat' dir='ltr'>nos</span> <span class='ocrx_word' id='word_1_100' title='bbox 1478 681 1616 711; x_wconf 79' lang='lat' dir='ltr'><strong>agamus.</strong></span> <span class='ocrx_word' id='word_1_101' title='bbox 1637 675 1672 701; x_wconf 77' lang='lat' dir='ltr'>et</span> 
     </span>
     <span class='ocr_line' id='line_1_10' title="bbox 217 724 1672 767; baseline -0.001 -12"><span class='ocrx_word' id='word_1_102' title='bbox 217 735 290 755; x_wconf 92' lang='lat' dir='ltr'>cum</span> <span class='ocrx_word' id='word_1_103' title='bbox 314 724 447 766; x_wconf 81' lang='lat' dir='ltr'>primam</span> <span class='ocrx_word' id='word_1_104' title='bbox 472 724 583 755; x_wconf 86' lang='lat' dir='ltr'>virtute</span> <span class='ocrx_word' id='word_1_105' title='bbox 609 725 834 765; x_wconf 76' lang='lat' dir='ltr'>rempublicam</span> <span class='ocrx_word' id='word_1_106' title='bbox 857 725 1087 767; x_wconf 80' lang='lat' dir='ltr'><strong>secundamque</strong></span> <span class='ocrx_word' id='word_1_107' title='bbox 1114 732 1145 756; x_wconf 83' lang='lat' dir='ltr'>et</span> <span class='ocrx_word' id='word_1_108' title='bbox 1162 727 1281 757; x_wconf 79' lang='lat' dir='ltr'>tertiam</span> <span class='ocrx_word' id='word_1_109' title='bbox 1298 725 1540 767; x_wconf 76' lang='lat' dir='ltr'>exposuerimuS,</span> <span class='ocrx_word' id='word_1_110' title='bbox 1557 724 1672 756; x_wconf 79' lang='lat' dir='ltr'>Cliniae</span> 
     </span>
     <span class='ocr_line' id='line_1_11' title="bbox 216 777 1671 821; baseline -0.001 -12"><span class='ocrx_word' id='word_1_111' title='bbox 216 779 373 820; x_wconf 80' lang='lat' dir='ltr'>optionem</span> <span class='ocrx_word' id='word_1_112' title='bbox 391 778 511 815; x_wconf 86' lang='lat' dir='ltr'>demus,</span> <span class='ocrx_word' id='word_1_113' title='bbox 527 785 561 809; x_wconf 85' lang='lat' dir='ltr'>et</span> <span class='ocrx_word' id='word_1_114' title='bbox 575 778 686 820; x_wconf 87' lang='lat' dir='ltr'>cuique</span> <span class='ocrx_word' id='word_1_115' title='bbox 702 780 829 815; x_wconf 78' lang='lat' dir='ltr'>volenti,</span> <span class='ocrx_word' id='word_1_116' title='bbox 846 780 912 810; x_wconf 87' lang='lat' dir='ltr'>haec</span> <span class='ocrx_word' id='word_1_117' title='bbox 928 790 983 810; x_wconf 87' lang='lat' dir='ltr'>suo</span> <span class='ocrx_word' id='word_1_118' title='bbox 999 790 1081 810; x_wconf 88' lang='lat' dir='ltr'>more</span> <span class='ocrx_word' id='word_1_119' title='bbox 1097 779 1247 821; x_wconf 80' lang='lat' dir='ltr'>deligere,</span> <span class='ocrx_word' id='word_1_120' title='bbox 1263 780 1406 820; x_wconf 86' lang='lat' dir='ltr'>partique</span> <span class='ocrx_word' id='word_1_121' title='bbox 1423 789 1498 814; x_wconf 79' lang='lat' dir='ltr'>suae,</span> <span class='ocrx_word' id='word_1_122' title='bbox 1513 778 1595 819; x_wconf 88' lang='lat' dir='ltr'>quod</span> <span class='ocrx_word' id='word_1_123' title='bbox 1612 777 1671 808; x_wconf 81' lang='lat' dir='ltr'>sibi</span> 
     </span>
     <span class='ocr_line' id='line_1_12' title="bbox 215 832 1672 875; baseline 0 -13"><span class='ocrx_word' id='word_1_124' title='bbox 215 832 330 874; x_wconf 86' lang='lat' dir='ltr'>placet,</span> <span class='ocrx_word' id='word_1_125' title='bbox 346 833 492 863; x_wconf 84' lang='lat' dir='ltr'>tribuere.</span> <span class='ocrx_word' id='word_1_126' title='bbox 515 833 615 874; x_wconf 83' lang='lat' dir='ltr'>prima</span> <span class='ocrx_word' id='word_1_127' title='bbox 626 833 718 874; x_wconf 82' lang='lat' dir='ltr'>igitur</span> <span class='ocrx_word' id='word_1_128' title='bbox 731 833 841 863; x_wconf 88' lang='lat' dir='ltr'>civitas</span> <span class='ocrx_word' id='word_1_129' title='bbox 853 839 901 864; x_wconf 86' lang='lat' dir='ltr'>est</span> <span class='ocrx_word' id='word_1_130' title='bbox 914 839 946 863; x_wconf 88' lang='lat' dir='ltr'>et</span> <span class='ocrx_word' id='word_1_131' title='bbox 967 834 1145 874; x_wconf 81' lang='lat' dir='ltr'>respublica</span> <span class='ocrx_word' id='word_1_132' title='bbox 1169 834 1315 875; x_wconf 82' lang='lat' dir='ltr'><strong>legesque</strong></span> <span class='ocrx_word' id='word_1_133' title='bbox 1338 834 1475 875; x_wconf 80' lang='lat' dir='ltr'>optimae.</span> <span class='ocrx_word' id='word_1_134' title='bbox 1499 832 1551 863; x_wconf 91' lang='lat' dir='ltr'>ubi</span> <span class='ocrx_word' id='word_1_135' title='bbox 1578 842 1672 873; x_wconf 86' lang='lat' dir='ltr'>quarn</span> 
     </span>
     <span class='ocr_line' id='line_1_13' title="bbox 215 886 1670 929; baseline -0.001 -12"><span class='ocrx_word' id='word_1_136' title='bbox 215 887 349 917; x_wconf 79' lang='lat' dir='ltr'>maxime</span> <span class='ocrx_word' id='word_1_137' title='bbox 373 896 428 928; x_wconf 89' lang='lat' dir='ltr'>per</span> <span class='ocrx_word' id='word_1_138' title='bbox 448 887 620 917; x_wconf 82' lang='lat' dir='ltr'>universam</span> <span class='ocrx_word' id='word_1_139' title='bbox 633 887 791 917; x_wconf 87' lang='lat' dir='ltr'>civitatem</span> <span class='ocrx_word' id='word_1_140' title='bbox 802 887 935 928; x_wconf 86' lang='lat' dir='ltr'>priscum</span> <span class='ocrx_word' id='word_1_141' title='bbox 951 888 1028 918; x_wconf 91' lang='lat' dir='ltr'>illud</span> <span class='ocrx_word' id='word_1_142' title='bbox 1047 888 1243 929; x_wconf 87' lang='lat' dir='ltr'>proverbium</span> <span class='ocrx_word' id='word_1_143' title='bbox 1259 888 1363 918; x_wconf 84' lang='lat' dir='ltr'>lucum</span> <span class='ocrx_word' id='word_1_144' title='bbox 1377 888 1482 922; x_wconf 87' lang='lat' dir='ltr'>habet,</span> <span class='ocrx_word' id='word_1_145' title='bbox 1498 897 1560 928; x_wconf 92' lang='lat' dir='ltr'>quo</span> <span class='ocrx_word' id='word_1_146' title='bbox 1574 886 1670 916; x_wconf 81' lang='lat' dir='ltr'>fertur</span> 
     </span>
     <span class='ocr_line' id='line_1_14' title="bbox 215 929 1671 983; baseline -0.001 -13"><span class='ocrx_word' id='word_1_147' title='bbox 215 951 288 972; x_wconf 87' lang='lat' dir='ltr'>vere</span> <span class='ocrx_word' id='word_1_148' title='bbox 303 941 473 972; x_wconf 89' lang='lat' dir='ltr'>amicorum</span> <span class='ocrx_word' id='word_1_149' title='bbox 499 929 604 972; x_wconf 68' lang='lat' dir='ltr'>omnia</span> <span class='ocrx_word' id='word_1_150' title='bbox 618 952 685 972; x_wconf 86' lang='lat' dir='ltr'>esse</span> <span class='ocrx_word' id='word_1_151' title='bbox 700 942 888 972; x_wconf 84' lang='lat' dir='ltr'>communia.</span> <span class='ocrx_word' id='word_1_152' title='bbox 909 947 992 973; x_wconf 88' lang='lat' dir='ltr'>certe</span> <span class='ocrx_word' id='word_1_153' title='bbox 1015 942 1046 972; x_wconf 89' lang='lat' dir='ltr'>in</span> <span class='ocrx_word' id='word_1_154' title='bbox 1060 943 1118 973; x_wconf 92' lang='lat' dir='ltr'>hoc</span> <span class='ocrx_word' id='word_1_155' title='bbox 1133 942 1289 983; x_wconf 83' lang='lat' dir='ltr'>praecipue</span> <span class='ocrx_word' id='word_1_156' title='bbox 1302 941 1423 972; x_wconf 81' lang='lat' dir='ltr'>virtutis</span> <span class='ocrx_word' id='word_1_157' title='bbox 1435 941 1494 971; x_wconf 91' lang='lat' dir='ltr'>erit</span> <span class='ocrx_word' id='word_1_158' title='bbox 1506 940 1671 976; x_wconf 86' lang='lat' dir='ltr'>terminus,</span> 
     </span>
     <span class='ocr_line' id='line_1_15' title="bbox 215 993 1671 1037; baseline -0.001 -11"><span class='ocrx_word' id='word_1_159' title='bbox 215 1006 278 1037; x_wconf 90' lang='lat' dir='ltr'>quo</span> <span class='ocrx_word' id='word_1_160' title='bbox 302 996 406 1025; x_wconf 90' lang='lat' dir='ltr'>nullus</span> <span class='ocrx_word' id='word_1_161' title='bbox 429 995 505 1036; x_wconf 86' lang='lat' dir='ltr'>poni</span> <span class='ocrx_word' id='word_1_162' title='bbox 531 996 640 1027; x_wconf 84' lang='lat' dir='ltr'>rectior</span> <span class='ocrx_word' id='word_1_163' title='bbox 654 996 780 1037; x_wconf 81' lang='lat' dir='ltr'>poterit,</span> <span class='ocrx_word' id='word_1_164' title='bbox 794 996 821 1027; x_wconf 91' lang='lat' dir='ltr'>si</span> <span class='ocrx_word' id='word_1_165' title='bbox 838 996 954 1027; x_wconf 86' lang='lat' dir='ltr'>alicubi</span> <span class='ocrx_word' id='word_1_166' title='bbox 967 996 1117 1027; x_wconf 87' lang='lat' dir='ltr'>videlicet</span> <span class='ocrx_word' id='word_1_167' title='bbox 1131 1002 1185 1027; x_wconf 86' lang='lat' dir='ltr'>aut</span> <span class='ocrx_word' id='word_1_168' title='bbox 1196 997 1231 1026; x_wconf 87' lang='lat' dir='ltr'>fit</span> <span class='ocrx_word' id='word_1_169' title='bbox 1242 995 1327 1027; x_wconf 83' lang='lat' dir='ltr'>istud</span> <span class='ocrx_word' id='word_1_170' title='bbox 1340 1001 1395 1027; x_wconf 90' lang='lat' dir='ltr'>aut</span> <span class='ocrx_word' id='word_1_171' title='bbox 1407 1004 1544 1036; x_wconf 89' lang='lat' dir='ltr'>uuquam</span> <span class='ocrx_word' id='word_1_172' title='bbox 1557 993 1622 1029; x_wconf 87' lang='lat' dir='ltr'>fiet,</span> <span class='ocrx_word' id='word_1_173' title='bbox 1635 997 1671 1024; x_wconf 87' lang='lat' dir='ltr'>ut</span> 
     </span>
     <span class='ocr_line' id='line_1_16' title="bbox 216 1047 1668 1092; baseline -0.001 -13"><span class='ocrx_word' id='word_1_174' title='bbox 216 1059 395 1080; x_wconf 86' lang='lat' dir='ltr'>communes</span> <span class='ocrx_word' id='word_1_175' title='bbox 417 1050 561 1080; x_wconf 84' lang='lat' dir='ltr'>mulieres</span> <span class='ocrx_word' id='word_1_176' title='bbox 583 1050 655 1086; x_wconf 86' lang='lat' dir='ltr'>sint,</span> <span class='ocrx_word' id='word_1_177' title='bbox 679 1060 861 1082; x_wconf 86' lang='lat' dir='ltr'>communes</span> <span class='ocrx_word' id='word_1_178' title='bbox 883 1056 916 1082; x_wconf 84' lang='lat' dir='ltr'>et</span> <span class='ocrx_word' id='word_1_179' title='bbox 939 1050 1048 1081; x_wconf 76' lang='lat' dir='ltr'>libeii:</span> <span class='ocrx_word' id='word_1_180' title='bbox 1073 1050 1247 1081; x_wconf 89' lang='lat' dir='ltr'>communis</span> <span class='ocrx_word' id='word_1_181' title='bbox 1260 1059 1385 1092; x_wconf 90' lang='lat' dir='ltr'>quoque</span> <span class='ocrx_word' id='word_1_182' title='bbox 1397 1049 1497 1081; x_wconf 89' lang='lat' dir='ltr'>omnis</span> <span class='ocrx_word' id='word_1_183' title='bbox 1511 1047 1668 1089; x_wconf 85' lang='lat' dir='ltr'>pecunia;</span> 
     </span>
     <span class='ocr_line' id='line_1_17' title="bbox 214 1101 1669 1146; baseline -0.001 -12"><span class='ocrx_word' id='word_1_184' title='bbox 214 1103 361 1145; x_wconf 87' lang='lat' dir='ltr'>omnique</span> <span class='ocrx_word' id='word_1_185' title='bbox 383 1103 498 1140; x_wconf 85' lang='lat' dir='ltr'>studio,</span> <span class='ocrx_word' id='word_1_186' title='bbox 522 1104 606 1145; x_wconf 87' lang='lat' dir='ltr'>quod</span> <span class='ocrx_word' id='word_1_187' title='bbox 628 1105 786 1146; x_wconf 87' lang='lat' dir='ltr'>proprium</span> <span class='ocrx_word' id='word_1_188' title='bbox 800 1104 924 1141; x_wconf 87' lang='lat' dir='ltr'>dicitur,</span> <span class='ocrx_word' id='word_1_189' title='bbox 940 1105 1080 1146; x_wconf 89' lang='lat' dir='ltr'>undique</span> <span class='ocrx_word' id='word_1_190' title='bbox 1094 1115 1112 1136; x_wconf 84' lang='lat' dir='ltr'>e</span> <span class='ocrx_word' id='word_1_191' title='bbox 1128 1105 1193 1135; x_wconf 81' lang='lat' dir='ltr'>vita</span> <span class='ocrx_word' id='word_1_192' title='bbox 1207 1110 1355 1136; x_wconf 89' lang='lat' dir='ltr'>remotum</span> <span class='ocrx_word' id='word_1_193' title='bbox 1371 1104 1411 1135; x_wconf 83' lang='lat' dir='ltr'>sit</span> <span class='ocrx_word' id='word_1_194' title='bbox 1425 1114 1432 1132; x_wconf 91' lang='lat'>:</span> <span class='ocrx_word' id='word_1_195' title='bbox 1456 1112 1554 1143; x_wconf 82' lang='lat' dir='ltr'>usque</span> <span class='ocrx_word' id='word_1_196' title='bbox 1575 1101 1669 1137; x_wconf 86' lang='lat' dir='ltr'>adeo,</span> 
     </span>
     <span class='ocr_line' id='line_1_18' title="bbox 215 1156 1670 1200; baseline -0.002 -12"><span class='ocrx_word' id='word_1_197' title='bbox 215 1162 251 1188; x_wconf 90' lang='lat' dir='ltr'>ut</span> <span class='ocrx_word' id='word_1_198' title='bbox 273 1167 312 1187; x_wconf 86' lang='lat' dir='ltr'>ea</span> <span class='ocrx_word' id='word_1_199' title='bbox 326 1158 432 1194; x_wconf 84' lang='lat' dir='ltr'>etiam,</span> <span class='ocrx_word' id='word_1_200' title='bbox 457 1169 527 1199; x_wconf 82' lang='lat' dir='ltr'>quae</span> <span class='ocrx_word' id='word_1_201' title='bbox 539 1159 662 1200; x_wconf 84' lang='lat' dir='ltr'>propria</span> <span class='ocrx_word' id='word_1_202' title='bbox 677 1159 808 1200; x_wconf 84' lang='lat' dir='ltr'>singulis</span> <span class='ocrx_word' id='word_1_203' title='bbox 824 1164 933 1189; x_wconf 86' lang='lat' dir='ltr'>natura</span> <span class='ocrx_word' id='word_1_204' title='bbox 947 1163 1030 1195; x_wconf 88' lang='lat' dir='ltr'>sunt,</span> <span class='ocrx_word' id='word_1_205' title='bbox 1047 1159 1224 1189; x_wconf 86' lang='lat' dir='ltr'>communia</span> <span class='ocrx_word' id='word_1_206' title='bbox 1236 1157 1490 1199; x_wconf 83' lang='lat' dir='ltr'>quoddammodo</span> <span class='ocrx_word' id='word_1_207' title='bbox 1510 1156 1586 1187; x_wconf 87' lang='lat' dir='ltr'>fiant</span> <span class='ocrx_word' id='word_1_208' title='bbox 1603 1166 1609 1184; x_wconf 94' lang='lat'><strong>:</strong></span> <span class='ocrx_word' id='word_1_209' title='bbox 1634 1159 1670 1185; x_wconf 89' lang='lat' dir='ltr'>ut</span> 
     </span>
     <span class='ocr_line' id='line_1_19' title="bbox 216 1210 1664 1252; baseline -0.002 -11"><span class='ocrx_word' id='word_1_210' title='bbox 216 1216 249 1242; x_wconf 82' lang='lat' dir='ltr'>et</span> <span class='ocrx_word' id='word_1_211' title='bbox 270 1211 352 1242; x_wconf 90' lang='lat' dir='ltr'>oculi</span> <span class='ocrx_word' id='word_1_212' title='bbox 375 1217 407 1242; x_wconf 87' lang='lat' dir='ltr'>et</span> <span class='ocrx_word' id='word_1_213' title='bbox 434 1222 526 1242; x_wconf 87' lang='lat' dir='ltr'>aures</span> <span class='ocrx_word' id='word_1_214' title='bbox 546 1217 578 1243; x_wconf 84' lang='lat' dir='ltr'>et</span> <span class='ocrx_word' id='word_1_215' title='bbox 600 1223 711 1243; x_wconf 87' lang='lat' dir='ltr'>manus</span> <span class='ocrx_word' id='word_1_216' title='bbox 727 1224 921 1244; x_wconf 88' lang='lat' dir='ltr'>communem</span> <span class='ocrx_word' id='word_1_217' title='bbox 936 1213 968 1243; x_wconf 90' lang='lat' dir='ltr'>in</span> <span class='ocrx_word' id='word_1_218' title='bbox 984 1224 1072 1243; x_wconf 80' lang='lat' dir='ltr'>usum</span> <span class='ocrx_word' id='word_1_219' title='bbox 1085 1223 1223 1249; x_wconf 86' lang='lat' dir='ltr'>cernere,</span> <span class='ocrx_word' id='word_1_220' title='bbox 1237 1212 1354 1248; x_wconf 86' lang='lat' dir='ltr'>audire,</span> <span class='ocrx_word' id='word_1_221' title='bbox 1371 1221 1464 1252; x_wconf 79' lang='lat' dir='ltr'>agere</span> <span class='ocrx_word' id='word_1_222' title='bbox 1478 1210 1641 1241; x_wconf 86' lang='lat' dir='ltr'>videantur</span> <span class='ocrx_word' id='word_1_223' title='bbox 1656 1220 1664 1238; x_wconf 73' lang='grc' dir='ltr'>ε</span> 
     </span>
     <span class='ocr_line' id='line_1_20' title="bbox 215 1263 1671 1307; baseline -0.002 -12"><span class='ocrx_word' id='word_1_224' title='bbox 215 1264 405 1307; x_wconf 84' lang='lat' dir='ltr'>laudentque</span> <span class='ocrx_word' id='word_1_225' title='bbox 420 1271 452 1296; x_wconf 90' lang='lat' dir='ltr'>et</span> <span class='ocrx_word' id='word_1_226' title='bbox 465 1266 645 1306; x_wconf 77' lang='lat' dir='ltr'>vituperent</span> <span class='ocrx_word' id='word_1_227' title='bbox 656 1268 764 1297; x_wconf 81' lang='lat' dir='ltr'>eadem</span> <span class='ocrx_word' id='word_1_228' title='bbox 780 1266 922 1297; x_wconf 85' lang='lat' dir='ltr'>similiter</span> <span class='ocrx_word' id='word_1_229' title='bbox 932 1278 1049 1303; x_wconf 84' lang='lat' dir='ltr'>omnes,</span> <span class='ocrx_word' id='word_1_230' title='bbox 1065 1266 1183 1297; x_wconf 81' lang='lat' dir='ltr'>eisdem</span> <span class='ocrx_word' id='word_1_231' title='bbox 1196 1266 1287 1296; x_wconf 85' lang='lat' dir='ltr'>rebus</span> <span class='ocrx_word' id='word_1_232' title='bbox 1299 1265 1474 1306; x_wconf 77' lang='lat' dir='ltr'>gaudentes</span> <span class='ocrx_word' id='word_1_233' title='bbox 1488 1263 1671 1303; x_wconf 72' lang='lat' dir='ltr'>eisdemque</span> 
     </span>
     <span class='ocr_line' id='line_1_21' title="bbox 216 1317 1670 1361; baseline -0.003 -12"><span class='ocrx_word' id='word_1_234' title='bbox 216 1318 377 1350; x_wconf 84' lang='lat' dir='ltr'>dolentes:</span> <span class='ocrx_word' id='word_1_235' title='bbox 401 1329 438 1350; x_wconf 90' lang='lat' dir='ltr'>ac</span> <span class='ocrx_word' id='word_1_236' title='bbox 462 1318 597 1360; x_wconf 87' lang='lat' dir='ltr'>denique</span> <span class='ocrx_word' id='word_1_237' title='bbox 626 1329 684 1359; x_wconf 89' lang='lat' dir='ltr'>pro</span> <span class='ocrx_word' id='word_1_238' title='bbox 700 1320 816 1350; x_wconf 85' lang='lat' dir='ltr'>viribus</span> <span class='ocrx_word' id='word_1_239' title='bbox 830 1321 887 1350; x_wconf 87' lang='lat' dir='ltr'>sub</span> <span class='ocrx_word' id='word_1_240' title='bbox 903 1321 951 1351; x_wconf 87' lang='lat' dir='ltr'>his</span> <span class='ocrx_word' id='word_1_241' title='bbox 963 1321 1086 1361; x_wconf 81' lang='lat' dir='ltr'>legibus</span> <span class='ocrx_word' id='word_1_242' title='bbox 1102 1320 1219 1356; x_wconf 84' lang='lat' dir='ltr'>vivant,</span> <span class='ocrx_word' id='word_1_243' title='bbox 1235 1330 1304 1360; x_wconf 85' lang='lat' dir='ltr'>quae</span> <span class='ocrx_word' id='word_1_244' title='bbox 1320 1328 1416 1349; x_wconf 85' lang='lat' dir='ltr'>unam</span> <span class='ocrx_word' id='word_1_245' title='bbox 1429 1327 1522 1358; x_wconf 91' lang='lat' dir='ltr'>quam</span> <span class='ocrx_word' id='word_1_246' title='bbox 1539 1317 1670 1346; x_wconf 80' lang='lat' dir='ltr'>maxime</span> 
     </span>
     <span class='ocr_line' id='line_1_22' title="bbox 213 1370 1669 1414; baseline -0.003 -11"><span class='ocrx_word' id='word_1_247' title='bbox 213 1373 373 1404; x_wconf 88' lang='lat' dir='ltr'>civitatem</span> <span class='ocrx_word' id='word_1_248' title='bbox 394 1372 544 1405; x_wconf 87' lang='lat' dir='ltr'>efficiunt.</span> <span class='ocrx_word' id='word_1_249' title='bbox 565 1373 662 1403; x_wconf 79' lang='lat' dir='ltr'>talem</span> <span class='ocrx_word' id='word_1_250' title='bbox 685 1374 791 1414; x_wconf 85' lang='lat' dir='ltr'>utique</span> <span class='ocrx_word' id='word_1_251' title='bbox 818 1374 976 1404; x_wconf 85' lang='lat' dir='ltr'>civitatem</span> <span class='ocrx_word' id='word_1_252' title='bbox 1002 1373 1066 1404; x_wconf 88' lang='lat' dir='ltr'>sive</span> <span class='ocrx_word' id='word_1_253' title='bbox 1089 1373 1147 1404; x_wconf 90' lang='lat' dir='ltr'>Dii</span> <span class='ocrx_word' id='word_1_254' title='bbox 1169 1372 1282 1403; x_wconf 87' lang='lat' dir='ltr'>alicubi</span> <span class='ocrx_word' id='word_1_255' title='bbox 1298 1372 1363 1402; x_wconf 81' lang='lat' dir='ltr'>sive</span> <span class='ocrx_word' id='word_1_256' title='bbox 1378 1371 1518 1401; x_wconf 82' lang='lat' dir='ltr'>Deorum</span> <span class='ocrx_word' id='word_1_257' title='bbox 1534 1370 1591 1400; x_wconf 88' lang='lat' dir='ltr'>filii</span> <span class='ocrx_word' id='word_1_258' title='bbox 1604 1379 1669 1400; x_wconf 87' lang='lat' dir='ltr'>uno</span> 
     </span>
     <span class='ocr_line' id='line_1_23' title="bbox 214 1423 1668 1468; baseline -0.003 -10"><span class='ocrx_word' id='word_1_259' title='bbox 214 1427 318 1468; x_wconf 83' lang='lat' dir='ltr'>plures</span> <span class='ocrx_word' id='word_1_260' title='bbox 341 1426 493 1462; x_wconf 82' lang='lat' dir='ltr'>habitent,</span> <span class='ocrx_word' id='word_1_261' title='bbox 516 1427 561 1457; x_wconf 87' lang='lat' dir='ltr'>ita</span> <span class='ocrx_word' id='word_1_262' title='bbox 585 1428 724 1457; x_wconf 79' lang='lat' dir='ltr'>viventes</span> <span class='ocrx_word' id='word_1_263' title='bbox 745 1437 877 1467; x_wconf 81' lang='lat' dir='ltr'>eamque</span> <span class='ocrx_word' id='word_1_264' title='bbox 902 1432 1064 1457; x_wconf 89' lang='lat' dir='ltr'>servantes</span> <span class='ocrx_word' id='word_1_265' title='bbox 1089 1426 1174 1456; x_wconf 84' lang='lat' dir='ltr'>omni</span> <span class='ocrx_word' id='word_1_266' title='bbox 1200 1431 1283 1456; x_wconf 84' lang='lat' dir='ltr'>certe</span> <span class='ocrx_word' id='word_1_267' title='bbox 1300 1425 1404 1455; x_wconf 87' lang='lat' dir='ltr'>referti</span> <span class='ocrx_word' id='word_1_268' title='bbox 1418 1423 1532 1465; x_wconf 89' lang='lat' dir='ltr'>gaudio</span> <span class='ocrx_word' id='word_1_269' title='bbox 1547 1423 1668 1454; x_wconf 76' lang='lat' dir='ltr'>vivunt.</span> 
     </span>
     <span class='ocr_line' id='line_1_24' title="bbox 212 1478 1668 1522; baseline -0.003 -11"><span class='ocrx_word' id='word_1_270' title='bbox 212 1485 403 1522; x_wconf 87' lang='lat' dir='ltr'>quapropter</span> <span class='ocrx_word' id='word_1_271' title='bbox 423 1480 468 1510; x_wconf 89' lang='lat' dir='ltr'>rei</span> <span class='ocrx_word' id='word_1_272' title='bbox 487 1480 619 1521; x_wconf 82' lang='lat' dir='ltr'>publicae</span> <span class='ocrx_word' id='word_1_273' title='bbox 632 1481 804 1520; x_wconf 75' lang='lat' dir='ltr'>&#39;exemplar</span> <span class='ocrx_word' id='word_1_274' title='bbox 829 1490 891 1509; x_wconf 91' lang='lat' dir='ltr'>non</span> <span class='ocrx_word' id='word_1_275' title='bbox 916 1479 990 1509; x_wconf 89' lang='lat' dir='ltr'>alibi</span> <span class='ocrx_word' id='word_1_276' title='bbox 1013 1479 1206 1511; x_wconf 87' lang='lat' dir='ltr'>considerare</span> <span class='ocrx_word' id='word_1_277' title='bbox 1234 1485 1365 1520; x_wconf 83' lang='lat' dir='ltr'>oportet,</span> <span class='ocrx_word' id='word_1_278' title='bbox 1379 1479 1434 1508; x_wconf 86' lang='lat' dir='ltr'>sed</span> <span class='ocrx_word' id='word_1_279' title='bbox 1450 1479 1509 1508; x_wconf 88' lang='lat' dir='ltr'>hac</span> <span class='ocrx_word' id='word_1_280' title='bbox 1524 1478 1668 1518; x_wconf 77' lang='lat' dir='ltr'>inspecta</span> 
     </span>
     <span class='ocr_line' id='line_1_25' title="bbox 213 1531 1666 1575; baseline -0.003 -9"><span class='ocrx_word' id='word_1_281' title='bbox 213 1536 308 1566; x_wconf 78' lang='lat' dir='ltr'>talem</span> <span class='ocrx_word' id='word_1_282' title='bbox 333 1534 463 1565; x_wconf 86' lang='lat' dir='ltr'>maxime</span> <span class='ocrx_word' id='word_1_283' title='bbox 480 1544 535 1575; x_wconf 90' lang='lat' dir='ltr'>pro</span> <span class='ocrx_word' id='word_1_284' title='bbox 556 1533 672 1564; x_wconf 85' lang='lat' dir='ltr'>viribus</span> <span class='ocrx_word' id='word_1_285' title='bbox 697 1543 846 1574; x_wconf 82' lang='lat' dir='ltr'>quaerere.</span> <span class='ocrx_word' id='word_1_286' title='bbox 868 1542 906 1563; x_wconf 85' lang='lat' dir='ltr'>ea</span> <span class='ocrx_word' id='word_1_287' title='bbox 931 1543 1014 1568; x_wconf 89' lang='lat' dir='ltr'>vero,</span> <span class='ocrx_word' id='word_1_288' title='bbox 1032 1544 1124 1573; x_wconf 87' lang='lat' dir='ltr'>quam</span> <span class='ocrx_word' id='word_1_289' title='bbox 1140 1533 1190 1563; x_wconf 87' lang='lat' dir='ltr'>hic</span> <span class='ocrx_word' id='word_1_290' title='bbox 1206 1543 1264 1562; x_wconf 90' lang='lat' dir='ltr'>nos</span> <span class='ocrx_word' id='word_1_291' title='bbox 1278 1532 1415 1573; x_wconf 81' lang='lat' dir='ltr'>aggressi</span> <span class='ocrx_word' id='word_1_292' title='bbox 1428 1542 1543 1568; x_wconf 83' lang='lat' dir='ltr'>sumus,</span> <span class='ocrx_word' id='word_1_293' title='bbox 1558 1531 1583 1561; x_wconf 90' lang='lat' dir='ltr'>si</span> <span class='ocrx_word' id='word_1_294' title='bbox 1598 1531 1666 1566; x_wconf 85' lang='lat' dir='ltr'>fiat,</span> 
     </span>
     <span class='ocr_line' id='line_1_26' title="bbox 213 1586 1668 1631; baseline -0.003 -11"><span class='ocrx_word' id='word_1_295' title='bbox 213 1589 353 1631; x_wconf 81' lang='lat' dir='ltr'>proxime</span> <span class='ocrx_word' id='word_1_296' title='bbox 370 1588 601 1630; x_wconf 87' lang='lat' dir='ltr'>quodammodo</span> <span class='ocrx_word' id='word_1_297' title='bbox 616 1587 656 1617; x_wconf 90' lang='lat' dir='ltr'>ad</span> <span class='ocrx_word' id='word_1_298' title='bbox 670 1587 934 1618; x_wconf 84' lang='lat' dir='ltr'>immortalitatem</span> <span class='ocrx_word' id='word_1_299' title='bbox 949 1586 1098 1618; x_wconf 82' lang='lat' dir='ltr'>accedet:</span> <span class='ocrx_word' id='word_1_300' title='bbox 1124 1598 1160 1617; x_wconf 85' lang='lat' dir='ltr'>ac</span> <span class='ocrx_word' id='word_1_301' title='bbox 1184 1586 1209 1616; x_wconf 80' lang='lat' dir='ltr'>si</span> <span class='ocrx_word' id='word_1_302' title='bbox 1224 1597 1288 1617; x_wconf 90' lang='lat' dir='ltr'>non</span> <span class='ocrx_word' id='word_1_303' title='bbox 1304 1587 1413 1627; x_wconf 88' lang='lat' dir='ltr'>primo,</span> <span class='ocrx_word' id='word_1_304' title='bbox 1430 1587 1540 1617; x_wconf 88' lang='lat' dir='ltr'>saltem</span> <span class='ocrx_word' id='word_1_305' title='bbox 1555 1595 1668 1616; x_wconf 87' lang='lat' dir='ltr'>secun-</span> 
     </span>
     <span class='ocr_line' id='line_1_27' title="bbox 214 1640 1670 1682; baseline -0.003 -8"><span class='ocrx_word' id='word_1_306' title='bbox 214 1644 256 1674; x_wconf 88' lang='lat' dir='ltr'>do</span> <span class='ocrx_word' id='word_1_307' title='bbox 272 1644 341 1674; x_wconf 85' lang='lat' dir='ltr'>loco</span> <span class='ocrx_word' id='word_1_308' title='bbox 357 1643 416 1673; x_wconf 88' lang='lat' dir='ltr'>erit</span> <span class='ocrx_word' id='word_1_309' title='bbox 428 1652 501 1673; x_wconf 88' lang='lat' dir='ltr'>una.</span> <span class='ocrx_word' id='word_1_310' title='bbox 515 1641 572 1672; x_wconf 88' lang='lat' dir='ltr'>sed</span> <span class='ocrx_word' id='word_1_311' title='bbox 584 1642 623 1672; x_wconf 88' lang='lat' dir='ltr'>de</span> <span class='ocrx_word' id='word_1_312' title='bbox 638 1642 729 1672; x_wconf 82' lang='lat' dir='ltr'>tertia</span> <span class='ocrx_word' id='word_1_313' title='bbox 743 1648 864 1682; x_wconf 83' lang='lat' dir='ltr'>postca,</span> <span class='ocrx_word' id='word_1_314' title='bbox 887 1642 911 1672; x_wconf 90' lang='lat' dir='ltr'>si</span> <span class='ocrx_word' id='word_1_315' title='bbox 928 1641 1059 1672; x_wconf 86' lang='lat' dir='ltr'>voluerit</span> <span class='ocrx_word' id='word_1_316' title='bbox 1071 1640 1172 1677; x_wconf 83' lang='lat' dir='ltr'>Deus,</span> <span class='ocrx_word' id='word_1_317' title='bbox 1187 1641 1472 1672; x_wconf 83' lang='lat' dir='ltr'>determinabimus.</span> <span class='ocrx_word' id='word_1_318' title='bbox 1485 1650 1568 1671; x_wconf 88' lang='lat' dir='ltr'>nunc</span> <span class='ocrx_word' id='word_1_319' title='bbox 1584 1649 1670 1676; x_wconf 82' lang='lat' dir='ltr'>vero,</span> 
     </span>
     <span class='ocr_line' id='line_1_28' title="bbox 214 1695 1669 1740; baseline -0.003 -11"><span class='ocrx_word' id='word_1_320' title='bbox 214 1708 357 1740; x_wconf 82' lang='lat' dir='ltr'>quaenam</span> <span class='ocrx_word' id='word_1_321' title='bbox 372 1697 440 1728; x_wconf 82' lang='lat' dir='ltr'>haec</span> <span class='ocrx_word' id='word_1_322' title='bbox 455 1697 496 1727; x_wconf 87' lang='lat' dir='ltr'>sit</span> <span class='ocrx_word' id='word_1_323' title='bbox 510 1702 543 1726; x_wconf 88' lang='lat' dir='ltr'>et</span> <span class='ocrx_word' id='word_1_324' title='bbox 556 1706 619 1737; x_wconf 91' lang='lat' dir='ltr'>quo</span> <span class='ocrx_word' id='word_1_325' title='bbox 632 1701 724 1737; x_wconf 80' lang='lat' dir='ltr'>pacto</span> <span class='ocrx_word' id='word_1_326' title='bbox 741 1696 811 1726; x_wconf 86' lang='lat' dir='ltr'>talis</span> <span class='ocrx_word' id='word_1_327' title='bbox 825 1696 890 1732; x_wconf 81' lang='lat' dir='ltr'>fiat,</span> <span class='ocrx_word' id='word_1_328' title='bbox 903 1696 1143 1726; x_wconf 80' lang='lat' dir='ltr'>consideremus·</span> <span class='ocrx_word' id='word_1_329' title='bbox 1166 1696 1299 1737; x_wconf 77' lang='lat' dir='ltr'>primurn</span> <span class='ocrx_word' id='word_1_330' title='bbox 1322 1696 1416 1737; x_wconf 87' lang='lat' dir='ltr'>igitur</span> <span class='ocrx_word' id='word_1_331' title='bbox 1441 1695 1551 1725; x_wconf 89' lang='lat' dir='ltr'>domos</span> <span class='ocrx_word' id='word_1_332' title='bbox 1565 1704 1669 1735; x_wconf 88' lang='lat' dir='ltr'>agros-</span> 
     </span>
     <span class='ocr_line' id='line_1_29' title="bbox 214 1749 1667 1794; baseline -0.003 -11"><span class='ocrx_word' id='word_1_333' title='bbox 214 1762 276 1794; x_wconf 88' lang='lat' dir='ltr'>que</span> <span class='ocrx_word' id='word_1_334' title='bbox 290 1752 467 1787; x_wconf 80' lang='lat' dir='ltr'>sortiantur,</span> <span class='ocrx_word' id='word_1_335' title='bbox 482 1761 540 1782; x_wconf 90' lang='lat' dir='ltr'>nec</span> <span class='ocrx_word' id='word_1_336' title='bbox 552 1761 639 1792; x_wconf 85' lang='lat' dir='ltr'>agros</span> <span class='ocrx_word' id='word_1_337' title='bbox 653 1751 855 1781; x_wconf 88' lang='lat' dir='ltr'>communiter</span> <span class='ocrx_word' id='word_1_338' title='bbox 869 1752 984 1782; x_wconf 85' lang='lat' dir='ltr'>colant.</span> <span class='ocrx_word' id='word_1_339' title='bbox 1009 1751 1105 1792; x_wconf 70' lang='lat'>[7⁴0]</span> <span class='ocrx_word' id='word_1_340' title='bbox 1130 1760 1200 1780; x_wconf 78' lang='lat' dir='ltr'>nam</span> <span class='ocrx_word' id='word_1_341' title='bbox 1224 1749 1325 1791; x_wconf 85' lang='lat' dir='ltr'>majus</span> <span class='ocrx_word' id='word_1_342' title='bbox 1347 1751 1406 1780; x_wconf 85' lang='lat' dir='ltr'>hoc</span> <span class='ocrx_word' id='word_1_343' title='bbox 1429 1757 1477 1780; x_wconf 89' lang='lat' dir='ltr'>est</span> <span class='ocrx_word' id='word_1_344' title='bbox 1491 1759 1585 1790; x_wconf 88' lang='lat' dir='ltr'>quam</span> <span class='ocrx_word' id='word_1_345' title='bbox 1599 1749 1667 1780; x_wconf 86' lang='lat' dir='ltr'>haec</span> 
     </span>
     <span class='ocr_line' id='line_1_30' title="bbox 213 1804 1669 1848; baseline -0.002 -12"><span class='ocrx_word' id='word_1_346' title='bbox 213 1806 375 1848; x_wconf 85' lang='lat' dir='ltr'>generatio</span> <span class='ocrx_word' id='word_1_347' title='bbox 395 1805 584 1847; x_wconf 83' lang='lat' dir='ltr'>nutritioque</span> <span class='ocrx_word' id='word_1_348' title='bbox 607 1810 640 1836; x_wconf 86' lang='lat' dir='ltr'>et</span> <span class='ocrx_word' id='word_1_349' title='bbox 661 1804 806 1836; x_wconf 84' lang='lat' dir='ltr'>educatio</span> <span class='ocrx_word' id='word_1_350' title='bbox 827 1805 905 1836; x_wconf 85' lang='lat' dir='ltr'>ferre</span> <span class='ocrx_word' id='word_1_351' title='bbox 927 1806 1036 1846; x_wconf 84' lang='lat' dir='ltr'>possit.</span> <span class='ocrx_word' id='word_1_352' title='bbox 1057 1805 1113 1835; x_wconf 87' lang='lat' dir='ltr'>sed</span> <span class='ocrx_word' id='word_1_353' title='bbox 1135 1806 1193 1836; x_wconf 86' lang='lat' dir='ltr'>hac</span> <span class='ocrx_word' id='word_1_354' title='bbox 1214 1810 1321 1835; x_wconf 88' lang='lat' dir='ltr'>mente</span> <span class='ocrx_word' id='word_1_355' title='bbox 1342 1805 1388 1835; x_wconf 89' lang='lat' dir='ltr'>ita</span> <span class='ocrx_word' id='word_1_356' title='bbox 1409 1804 1605 1839; x_wconf 84' lang='lat' dir='ltr'>distribuant,</span> <span class='ocrx_word' id='word_1_357' title='bbox 1635 1807 1669 1833; x_wconf 86' lang='lat' dir='ltr'>ut</span> 
     </span>
     <span class='ocr_line' id='line_1_31' title="bbox 213 1858 1668 1902; baseline -0.002 -11"><span class='ocrx_word' id='word_1_358' title='bbox 213 1865 327 1902; x_wconf 86' lang='lat' dir='ltr'>putent</span> <span class='ocrx_word' id='word_1_359' title='bbox 348 1859 472 1901; x_wconf 85' lang='lat' dir='ltr'>singuli,</span> <span class='ocrx_word' id='word_1_360' title='bbox 494 1865 607 1890; x_wconf 84' lang='lat' dir='ltr'>sortem</span> <span class='ocrx_word' id='word_1_361' title='bbox 630 1870 715 1890; x_wconf 88' lang='lat' dir='ltr'>suam</span> <span class='ocrx_word' id='word_1_362' title='bbox 741 1861 798 1891; x_wconf 87' lang='lat' dir='ltr'>toti</span> <span class='ocrx_word' id='word_1_363' title='bbox 820 1860 939 1891; x_wconf 74' lang='lat' dir='ltr'>civitati</span> <span class='ocrx_word' id='word_1_364' title='bbox 961 1871 1027 1891; x_wconf 83' lang='lat' dir='ltr'>esse</span> <span class='ocrx_word' id='word_1_365' title='bbox 1050 1869 1257 1891; x_wconf 88' lang='lat' dir='ltr'>communem.</span> <span class='ocrx_word' id='word_1_366' title='bbox 1279 1859 1397 1900; x_wconf 86' lang='lat' dir='ltr'>quippe</span> <span class='ocrx_word' id='word_1_367' title='bbox 1420 1869 1490 1889; x_wconf 89' lang='lat' dir='ltr'>cum</span> <span class='ocrx_word' id='word_1_368' title='bbox 1513 1868 1552 1888; x_wconf 91' lang='lat' dir='ltr'>ea</span> <span class='ocrx_word' id='word_1_369' title='bbox 1582 1858 1668 1898; x_wconf 85' lang='lat' dir='ltr'>regio</span> 
     </span>
     <span class='ocr_line' id='line_1_32' title="bbox 215 1912 1670 1956; baseline -0.002 -11"><span class='ocrx_word' id='word_1_370' title='bbox 215 1915 317 1956; x_wconf 83' lang='lat' dir='ltr'>patria</span> <span class='ocrx_word' id='word_1_371' title='bbox 338 1915 391 1954; x_wconf 88' lang='lat' dir='ltr'>sit,</span> <span class='ocrx_word' id='word_1_372' title='bbox 413 1916 510 1955; x_wconf 84' lang='lat' dir='ltr'>magis</span> <span class='ocrx_word' id='word_1_373' title='bbox 532 1924 601 1945; x_wconf 84' lang='lat' dir='ltr'>eam</span> <span class='ocrx_word' id='word_1_374' title='bbox 624 1914 726 1945; x_wconf 84' lang='lat' dir='ltr'>colere</span> <span class='ocrx_word' id='word_1_375' title='bbox 749 1914 867 1945; x_wconf 84' lang='lat' dir='ltr'>debent</span> <span class='ocrx_word' id='word_1_376' title='bbox 888 1925 981 1955; x_wconf 91' lang='lat' dir='ltr'>quam</span> <span class='ocrx_word' id='word_1_377' title='bbox 1004 1914 1060 1944; x_wconf 87' lang='lat' dir='ltr'>filii</span> <span class='ocrx_word' id='word_1_378' title='bbox 1082 1920 1223 1944; x_wconf 84' lang='lat' dir='ltr'>matrem.</span> <span class='ocrx_word' id='word_1_379' title='bbox 1246 1914 1313 1944; x_wconf 82' lang='lat' dir='ltr'>haec</span> <span class='ocrx_word' id='word_1_380' title='bbox 1339 1913 1435 1948; x_wconf 88' lang='lat' dir='ltr'>enim,</span> <span class='ocrx_word' id='word_1_381' title='bbox 1451 1922 1523 1943; x_wconf 87' lang='lat' dir='ltr'>cum</span> <span class='ocrx_word' id='word_1_382' title='bbox 1535 1912 1605 1942; x_wconf 89' lang='lat' dir='ltr'>Dea</span> <span class='ocrx_word' id='word_1_383' title='bbox 1617 1912 1670 1949; x_wconf 80' lang='lat' dir='ltr'>sit,</span> 
     </span>
     <span class='ocr_line' id='line_1_33' title="bbox 215 1966 1671 2010; baseline -0.002 -11"><span class='ocrx_word' id='word_1_384' title='bbox 215 1968 343 1999; x_wconf 83' lang='lat' dir='ltr'>domina</span> <span class='ocrx_word' id='word_1_385' title='bbox 364 1969 541 1999; x_wconf 80' lang='lat' dir='ltr'>mortalium</span> <span class='ocrx_word' id='word_1_386' title='bbox 564 1973 622 1999; x_wconf 87' lang='lat' dir='ltr'>est.</span> <span class='ocrx_word' id='word_1_387' title='bbox 643 1968 729 1999; x_wconf 83' lang='lat' dir='ltr'>idem</span> <span class='ocrx_word' id='word_1_388' title='bbox 754 1979 877 2010; x_wconf 89' lang='lat' dir='ltr'>quoque</span> <span class='ocrx_word' id='word_1_389' title='bbox 892 1968 932 1999; x_wconf 87' lang='lat' dir='ltr'>de</span> <span class='ocrx_word' id='word_1_390' title='bbox 949 1968 1106 2010; x_wconf 85' lang='lat' dir='ltr'>indigenis</span> <span class='ocrx_word' id='word_1_391' title='bbox 1120 1974 1184 1998; x_wconf 83' lang='lat' dir='ltr'>tam</span> <span class='ocrx_word' id='word_1_392' title='bbox 1206 1967 1278 1998; x_wconf 88' lang='lat' dir='ltr'>Diis</span> <span class='ocrx_word' id='word_1_393' title='bbox 1303 1977 1398 2009; x_wconf 91' lang='lat' dir='ltr'>quam</span> <span class='ocrx_word' id='word_1_394' title='bbox 1414 1966 1606 1997; x_wconf 79' lang='lat' dir='ltr'>daemonibus</span> <span class='ocrx_word' id='word_1_395' title='bbox 1621 1972 1671 1997; x_wconf 81' lang='lat' dir='ltr'>est</span> 
     </span>
     <span class='ocr_line' id='line_1_34' title="bbox 214 2021 1670 2065; baseline 0 -13"><span class='ocrx_word' id='word_1_396' title='bbox 214 2022 402 2053; x_wconf 87' lang='lat' dir='ltr'>censendum</span> <span class='ocrx_word' id='word_1_397' title='bbox 417 2033 425 2052; x_wconf 90' lang='lat'><strong>:</strong></span> <span class='ocrx_word' id='word_1_398' title='bbox 449 2023 502 2053; x_wconf 86' lang='lat' dir='ltr'>scd</span> <span class='ocrx_word' id='word_1_399' title='bbox 531 2027 564 2052; x_wconf 86' lang='lat' dir='ltr'>ut</span> <span class='ocrx_word' id='word_1_400' title='bbox 588 2022 648 2053; x_wconf 83' lang='lat' dir='ltr'>ista</span> <span class='ocrx_word' id='word_1_401' title='bbox 684 2023 728 2054; x_wconf 83' lang='lat' dir='ltr'>sic</span> <span class='ocrx_word' id='word_1_402' title='bbox 753 2033 845 2054; x_wconf 86' lang='lat' dir='ltr'>omne</span> <span class='ocrx_word' id='word_1_403' title='bbox 861 2034 916 2064; x_wconf 87' lang='lat' dir='ltr'>per</span> <span class='ocrx_word' id='word_1_404' title='bbox 931 2028 1055 2065; x_wconf 85' lang='lat' dir='ltr'>tempus</span> <span class='ocrx_word' id='word_1_405' title='bbox 1070 2024 1194 2058; x_wconf 86' lang='lat' dir='ltr'>durent,</span> <span class='ocrx_word' id='word_1_406' title='bbox 1208 2021 1311 2053; x_wconf 76' lang='lat' dir='ltr'>danda</span> <span class='ocrx_word' id='word_1_407' title='bbox 1327 2031 1422 2063; x_wconf 81' lang='lat' dir='ltr'>opera</span> <span class='ocrx_word' id='word_1_408' title='bbox 1435 2028 1506 2058; x_wconf 85' lang='lat' dir='ltr'>est;</span> <span class='ocrx_word' id='word_1_409' title='bbox 1530 2027 1575 2056; x_wconf 85' lang='lat' dir='ltr'>ut,</span> <span class='ocrx_word' id='word_1_410' title='bbox 1591 2026 1670 2061; x_wconf 86' lang='lat' dir='ltr'>quot</span> 
     </span>
     <span class='ocr_line' id='line_1_35' title="bbox 212 2075 1664 2119; baseline -0.001 -13"><span class='ocrx_word' id='word_1_411' title='bbox 212 2086 297 2107; x_wconf 86' lang='lat' dir='ltr'>nunc</span> <span class='ocrx_word' id='word_1_412' title='bbox 318 2076 378 2106; x_wconf 81' lang='lat' dir='ltr'>foci</span> <span class='ocrx_word' id='word_1_413' title='bbox 403 2086 530 2106; x_wconf 90' lang='lat' dir='ltr'>numero</span> <span class='ocrx_word' id='word_1_414' title='bbox 553 2077 707 2107; x_wconf 85' lang='lat' dir='ltr'>distributi</span> <span class='ocrx_word' id='word_1_415' title='bbox 723 2083 804 2114; x_wconf 88' lang='lat' dir='ltr'>sunt,</span> <span class='ocrx_word' id='word_1_416' title='bbox 820 2077 950 2108; x_wconf 84' lang='lat' dir='ltr'>totidem</span> <span class='ocrx_word' id='word_1_417' title='bbox 965 2088 1085 2119; x_wconf 87' lang='lat' dir='ltr'>semper</span> <span class='ocrx_word' id='word_1_418' title='bbox 1100 2077 1194 2108; x_wconf 87' lang='lat' dir='ltr'>futuri</span> <span class='ocrx_word' id='word_1_419' title='bbox 1209 2077 1282 2116; x_wconf 86' lang='lat' dir='ltr'>sint,</span> <span class='ocrx_word' id='word_1_420' title='bbox 1297 2087 1398 2118; x_wconf 85' lang='lat' dir='ltr'>neque</span> <span class='ocrx_word' id='word_1_421' title='bbox 1412 2075 1514 2117; x_wconf 88' lang='lat' dir='ltr'>plures</span> <span class='ocrx_word' id='word_1_422' title='bbox 1526 2084 1664 2116; x_wconf 82' lang='lat' dir='ltr'>unquam</span> 
     </span>
     <span class='ocr_line' id='line_1_36' title="bbox 212 2129 1661 2171; baseline 0 -11"><span class='ocrx_word' id='word_1_423' title='bbox 212 2140 314 2171; x_wconf 88' lang='lat' dir='ltr'>neque</span> <span class='ocrx_word' id='word_1_424' title='bbox 336 2129 508 2171; x_wconf 76' lang='lat' dir='ltr'>pauciores.</span> <span class='ocrx_word' id='word_1_425' title='bbox 531 2131 615 2171; x_wconf 89' lang='lat' dir='ltr'>quod</span> <span class='ocrx_word' id='word_1_426' title='bbox 641 2131 684 2161; x_wconf 85' lang='lat' dir='ltr'>ita</span> <span class='ocrx_word' id='word_1_427' title='bbox 711 2131 837 2162; x_wconf 80' lang='lat' dir='ltr'>firmiter</span> <span class='ocrx_word' id='word_1_428' title='bbox 860 2132 892 2161; x_wconf 92' lang='lat' dir='ltr'>in</span> <span class='ocrx_word' id='word_1_429' title='bbox 919 2133 1003 2162; x_wconf 89' lang='lat' dir='ltr'>omni</span> <span class='ocrx_word' id='word_1_430' title='bbox 1018 2132 1144 2162; x_wconf 73' lang='lat' dir='ltr'>civitate</span> <span class='ocrx_word' id='word_1_431' title='bbox 1159 2131 1224 2167; x_wconf 85' lang='lat' dir='ltr'>fiet,</span> <span class='ocrx_word' id='word_1_432' title='bbox 1240 2131 1269 2161; x_wconf 89' lang='lat' dir='ltr'>si</span> <span class='ocrx_word' id='word_1_433' title='bbox 1282 2136 1393 2162; x_wconf 85' lang='lat' dir='ltr'>sortem</span> <span class='ocrx_word' id='word_1_434' title='bbox 1405 2134 1514 2160; x_wconf 80' lang='lat' dir='ltr'>nactus</span> <span class='ocrx_word' id='word_1_435' title='bbox 1528 2129 1661 2170; x_wconf 83' lang='lat' dir='ltr'>quisque</span> 
     </span>
     <span class='ocr_line' id='line_1_37' title="bbox 212 2182 1665 2226; baseline -0.003 -10"><span class='ocrx_word' id='word_1_436' title='bbox 212 2194 333 2226; x_wconf 83' lang='lat' dir='ltr'>semper</span> <span class='ocrx_word' id='word_1_437' title='bbox 356 2194 450 2214; x_wconf 90' lang='lat' dir='ltr'>unum</span> <span class='ocrx_word' id='word_1_438' title='bbox 474 2183 512 2214; x_wconf 82' lang='lat' dir='ltr'>de</span> <span class='ocrx_word' id='word_1_439' title='bbox 538 2184 608 2215; x_wconf 86' lang='lat' dir='ltr'>filiis</span> <span class='ocrx_word' id='word_1_440' title='bbox 623 2185 686 2215; x_wconf 81' lang='lat' dir='ltr'>suis</span> <span class='ocrx_word' id='word_1_441' title='bbox 701 2190 833 2222; x_wconf 85' lang='lat' dir='ltr'>tantum,</span> <span class='ocrx_word' id='word_1_442' title='bbox 849 2196 940 2226; x_wconf 88' lang='lat' dir='ltr'>quem</span> <span class='ocrx_word' id='word_1_443' title='bbox 956 2185 1054 2221; x_wconf 85' lang='lat' dir='ltr'>malit,</span> <span class='ocrx_word' id='word_1_444' title='bbox 1069 2186 1180 2216; x_wconf 85' lang='lat' dir='ltr'>domus</span> <span class='ocrx_word' id='word_1_445' title='bbox 1195 2184 1291 2225; x_wconf 88' lang='lat' dir='ltr'>ipsius</span> <span class='ocrx_word' id='word_1_446' title='bbox 1308 2183 1450 2214; x_wconf 82' lang='lat' dir='ltr'>heredem</span> <span class='ocrx_word' id='word_1_447' title='bbox 1465 2182 1621 2223; x_wconf 80' lang='lat' dir='ltr'>relinquat</span> <span class='ocrx_word' id='word_1_448' title='bbox 1631 2188 1665 2213; x_wconf 81' lang='lat' dir='ltr'>et</span> 
     </span>
     <span class='ocr_line' id='line_1_38' title="bbox 212 2236 1664 2280; baseline -0.002 -11"><span class='ocrx_word' id='word_1_449' title='bbox 212 2248 429 2274; x_wconf 84' lang='lat' dir='ltr'>successorem,</span> <span class='ocrx_word' id='word_1_450' title='bbox 457 2238 667 2280; x_wconf 85' lang='lat' dir='ltr'>cultoremque</span> <span class='ocrx_word' id='word_1_451' title='bbox 697 2239 836 2270; x_wconf 87' lang='lat' dir='ltr'>Deorum</span> <span class='ocrx_word' id='word_1_452' title='bbox 857 2245 889 2270; x_wconf 87' lang='lat' dir='ltr'>et</span> <span class='ocrx_word' id='word_1_453' title='bbox 912 2240 1044 2270; x_wconf 70' lang='lat' dir='ltr'>civitatis</span> <span class='ocrx_word' id='word_1_454' title='bbox 1070 2245 1102 2270; x_wconf 86' lang='lat' dir='ltr'>et</span> <span class='ocrx_word' id='word_1_455' title='bbox 1129 2238 1249 2280; x_wconf 84' lang='lat' dir='ltr'>generis</span> <span class='ocrx_word' id='word_1_456' title='bbox 1276 2242 1338 2268; x_wconf 87' lang='lat' dir='ltr'>tam</span> <span class='ocrx_word' id='word_1_457' title='bbox 1371 2236 1541 2267; x_wconf 80' lang='lat' dir='ltr'>viventium</span> <span class='ocrx_word' id='word_1_458' title='bbox 1569 2245 1664 2277; x_wconf 82' lang='lat' dir='ltr'>quam</span> 
     </span>
     <span class='ocr_line' id='line_1_39' title="bbox 212 2289 1663 2334; baseline -0.001 -12"><span class='ocrx_word' id='word_1_459' title='bbox 212 2292 439 2324; x_wconf 83' lang='lat' dir='ltr'>defunctorum.</span> <span class='ocrx_word' id='word_1_460' title='bbox 461 2303 498 2323; x_wconf 85' lang='lat' dir='ltr'>ex</span> <span class='ocrx_word' id='word_1_461' title='bbox 522 2292 646 2333; x_wconf 90' lang='lat' dir='ltr'>reliquis</span> <span class='ocrx_word' id='word_1_462' title='bbox 669 2298 771 2324; x_wconf 84' lang='lat' dir='ltr'>autem</span> <span class='ocrx_word' id='word_1_463' title='bbox 796 2294 878 2330; x_wconf 83' lang='lat' dir='ltr'>filiis,</span> <span class='ocrx_word' id='word_1_464' title='bbox 901 2294 928 2324; x_wconf 86' lang='lat' dir='ltr'>si</span> <span class='ocrx_word' id='word_1_465' title='bbox 948 2294 1050 2334; x_wconf 83' lang='lat' dir='ltr'>plures</span> <span class='ocrx_word' id='word_1_466' title='bbox 1066 2304 1128 2324; x_wconf 90' lang='lat' dir='ltr'>uno</span> <span class='ocrx_word' id='word_1_467' title='bbox 1142 2293 1201 2323; x_wconf 86' lang='lat' dir='ltr'>sibi</span> <span class='ocrx_word' id='word_1_468' title='bbox 1216 2291 1281 2323; x_wconf 85' lang='lat' dir='ltr'>nati</span> <span class='ocrx_word' id='word_1_469' title='bbox 1296 2295 1379 2328; x_wconf 82' lang='lat' dir='ltr'>sunt,</span> <span class='ocrx_word' id='word_1_470' title='bbox 1392 2290 1522 2321; x_wconf 78' lang='lat' dir='ltr'>feminas</span> <span class='ocrx_word' id='word_1_471' title='bbox 1533 2289 1663 2331; x_wconf 89' lang='lat' dir='ltr'>quidem</span> 
     </span>
     <span class='ocr_line' id='line_1_40' title="bbox 209 2343 1660 2388; baseline -0.002 -11"><span class='ocrx_word' id='word_1_472' title='bbox 209 2347 381 2378; x_wconf 88' lang='lat' dir='ltr'>secundum</span> <span class='ocrx_word' id='word_1_473' title='bbox 403 2346 514 2388; x_wconf 81' lang='lat' dir='ltr'>legem,</span> <span class='ocrx_word' id='word_1_474' title='bbox 538 2357 607 2388; x_wconf 64' lang='lat' dir='ltr'>quae</span> <span class='ocrx_word' id='word_1_475' title='bbox 629 2348 794 2385; x_wconf 83' lang='lat' dir='ltr'>sancietur,</span> <span class='ocrx_word' id='word_1_476' title='bbox 818 2349 968 2380; x_wconf 87' lang='lat' dir='ltr'>collocet:</span> <span class='ocrx_word' id='word_1_477' title='bbox 996 2358 1092 2379; x_wconf 86' lang='lat' dir='ltr'>mares</span> <span class='ocrx_word' id='word_1_478' title='bbox 1115 2353 1217 2378; x_wconf 84' lang='lat' dir='ltr'>autem</span> <span class='ocrx_word' id='word_1_479' title='bbox 1241 2346 1361 2379; x_wconf 65' lang='lat' dir='ltr'>civibus</span> <span class='ocrx_word' id='word_1_480' title='bbox 1382 2345 1456 2380; x_wconf 81' lang='lat' dir='ltr'>illis,</span> <span class='ocrx_word' id='word_1_481' title='bbox 1477 2344 1589 2386; x_wconf 79' lang='lat' dir='ltr'>quibus</span> <span class='ocrx_word' id='word_1_482' title='bbox 1603 2343 1660 2375; x_wconf 81' lang='lat' dir='ltr'>filii</span> 
     </span>
     <span class='ocr_line' id='line_1_41' title="bbox 212 2399 1662 2443; baseline -0.001 -12"><span class='ocrx_word' id='word_1_483' title='bbox 212 2411 277 2432; x_wconf 88' lang='lat' dir='ltr'>non</span> <span class='ocrx_word' id='word_1_484' title='bbox 300 2406 383 2440; x_wconf 87' lang='lat' dir='ltr'>sunt,</span> <span class='ocrx_word' id='word_1_485' title='bbox 407 2400 576 2442; x_wconf 86' lang='lat' dir='ltr'>adoptione</span> <span class='ocrx_word' id='word_1_486' title='bbox 601 2402 782 2439; x_wconf 80' lang='lat' dir='ltr'>committat,</span> <span class='ocrx_word' id='word_1_487' title='bbox 797 2403 928 2433; x_wconf 79' lang='lat' dir='ltr'>maxime</span> <span class='ocrx_word' id='word_1_488' title='bbox 943 2401 1069 2443; x_wconf 84' lang='lat' dir='ltr'>quidem</span> <span class='ocrx_word' id='word_1_489' title='bbox 1084 2413 1138 2443; x_wconf 90' lang='lat' dir='ltr'>per</span> <span class='ocrx_word' id='word_1_490' title='bbox 1153 2401 1294 2442; x_wconf 83' lang='lat' dir='ltr'>gratiam.</span> <span class='ocrx_word' id='word_1_491' title='bbox 1317 2400 1427 2430; x_wconf 87' lang='lat' dir='ltr'>sivero</span> <span class='ocrx_word' id='word_1_492' title='bbox 1444 2399 1551 2439; x_wconf 70' lang='lat' dir='ltr'>gratiae</span> <span class='ocrx_word' id='word_1_493' title='bbox 1565 2408 1662 2440; x_wconf 88' lang='lat' dir='ltr'>quos-</span> 
     </span>
     <span class='ocr_line' id='line_1_42' title="bbox 214 2452 1664 2498; baseline -0.001 -13"><span class='ocrx_word' id='word_1_494' title='bbox 214 2454 285 2485; x_wconf 83' lang='lat' dir='ltr'>dam</span> <span class='ocrx_word' id='word_1_495' title='bbox 315 2455 473 2491; x_wconf 84' lang='lat' dir='ltr'>deficiant,</span> <span class='ocrx_word' id='word_1_496' title='bbox 502 2459 557 2485; x_wconf 87' lang='lat' dir='ltr'>aut</span> <span class='ocrx_word' id='word_1_497' title='bbox 584 2455 608 2485; x_wconf 92' lang='lat' dir='ltr'>si</span> <span class='ocrx_word' id='word_1_498' title='bbox 624 2456 728 2496; x_wconf 85' lang='lat' dir='ltr'>plures</span> <span class='ocrx_word' id='word_1_499' title='bbox 742 2457 790 2487; x_wconf 86' lang='lat' dir='ltr'>vel</span> <span class='ocrx_word' id='word_1_500' title='bbox 807 2467 904 2488; x_wconf 88' lang='lat' dir='ltr'>mares</span> <span class='ocrx_word' id='word_1_501' title='bbox 920 2457 968 2487; x_wconf 91' lang='lat' dir='ltr'>vel</span> <span class='ocrx_word' id='word_1_502' title='bbox 981 2457 1103 2487; x_wconf 78' lang='lat' dir='ltr'>feminae</span> <span class='ocrx_word' id='word_1_503' title='bbox 1116 2455 1245 2498; x_wconf 81' lang='lat' dir='ltr'>singulis</span> <span class='ocrx_word' id='word_1_504' title='bbox 1257 2459 1435 2489; x_wconf 85' lang='lat' dir='ltr'>nascantur,</span> <span class='ocrx_word' id='word_1_505' title='bbox 1447 2460 1501 2484; x_wconf 80' lang='lat' dir='ltr'>aut</span> <span class='ocrx_word' id='word_1_506' title='bbox 1514 2458 1622 2484; x_wconf 77' lang='lat' dir='ltr'>contra</span> <span class='ocrx_word' id='word_1_507' title='bbox 1636 2452 1664 2484; x_wconf 76' lang='lat' dir='ltr'>si</span> 
     </span>
     <span class='ocr_line' id='line_1_43' title="bbox 212 2507 1663 2550; baseline -0.001 -11"><span class='ocrx_word' id='word_1_508' title='bbox 212 2509 385 2550; x_wconf 72' lang='lat' dir='ltr'>paucioreS,</span> <span class='ocrx_word' id='word_1_509' title='bbox 409 2519 480 2540; x_wconf 89' lang='lat' dir='ltr'>cum</span> <span class='ocrx_word' id='word_1_510' title='bbox 496 2510 636 2540; x_wconf 85' lang='lat' dir='ltr'>mulieres</span> <span class='ocrx_word' id='word_1_511' title='bbox 650 2509 729 2541; x_wconf 84' lang='lat' dir='ltr'>forte</span> <span class='ocrx_word' id='word_1_512' title='bbox 744 2510 896 2541; x_wconf 84' lang='lat' dir='ltr'>soecundae</span> <span class='ocrx_word' id='word_1_513' title='bbox 911 2521 974 2541; x_wconf 89' lang='lat' dir='ltr'>non</span> <span class='ocrx_word' id='word_1_514' title='bbox 987 2510 1112 2546; x_wconf 88' lang='lat' dir='ltr'>suerint,</span> <span class='ocrx_word' id='word_1_515' title='bbox 1129 2511 1168 2541; x_wconf 91' lang='lat' dir='ltr'>de</span> <span class='ocrx_word' id='word_1_516' title='bbox 1184 2509 1325 2540; x_wconf 85' lang='lat' dir='ltr'>omnibus</span> <span class='ocrx_word' id='word_1_517' title='bbox 1339 2507 1406 2539; x_wconf 85' lang='lat' dir='ltr'>istis</span> <span class='ocrx_word' id='word_1_518' title='bbox 1417 2507 1567 2538; x_wconf 75' lang='lat' dir='ltr'>maximus</span> <span class='ocrx_word' id='word_1_519' title='bbox 1583 2516 1663 2547; x_wconf 81' lang='lat' dir='ltr'>prae-</span> 
     </span>
     <span class='ocr_line' id='line_1_44' title="bbox 210 2561 1663 2606; baseline -0.001 -14"><span class='ocrx_word' id='word_1_520' title='bbox 210 2562 478 2603; x_wconf 60' lang='lat' dir='ltr'>stantis-‚simusque</span> <span class='ocrx_word' id='word_1_521' title='bbox 505 2563 710 2605; x_wconf 79' lang='lat' dir='ltr'>magistratus,</span> <span class='ocrx_word' id='word_1_522' title='bbox 735 2565 810 2605; x_wconf 91' lang='lat' dir='ltr'>quid</span> <span class='ocrx_word' id='word_1_523' title='bbox 839 2565 904 2595; x_wconf 84' lang='lat' dir='ltr'>fieri</span> <span class='ocrx_word' id='word_1_524' title='bbox 932 2570 1085 2606; x_wconf 82' lang='lat' dir='ltr'>oporteat,</span> <span class='ocrx_word' id='word_1_525' title='bbox 1108 2564 1274 2605; x_wconf 80' lang='lat' dir='ltr'>diligenter</span> <span class='ocrx_word' id='word_1_526' title='bbox 1299 2561 1493 2594; x_wconf 83' lang='lat' dir='ltr'>consideret:</span> <span class='ocrx_word' id='word_1_527' title='bbox 1517 2561 1663 2602; x_wconf 81' lang='lat' dir='ltr'>viamque</span> 
     </span>
     <span class='ocr_line' id='line_1_45' title="bbox 210 2614 1662 2656; baseline -0.002 -9"><span class='ocrx_word' id='word_1_528' title='bbox 210 2616 337 2647; x_wconf 89' lang='lat' dir='ltr'>omnino</span> <span class='ocrx_word' id='word_1_529' title='bbox 362 2616 514 2653; x_wconf 86' lang='lat' dir='ltr'>inveniat,</span> <span class='ocrx_word' id='word_1_530' title='bbox 535 2617 600 2648; x_wconf 89' lang='lat' dir='ltr'>sive</span> <span class='ocrx_word' id='word_1_531' title='bbox 625 2617 763 2650; x_wconf 85' lang='lat' dir='ltr'>abundet</span> <span class='ocrx_word' id='word_1_532' title='bbox 787 2618 919 2650; x_wconf 87' lang='lat' dir='ltr'>filiorum</span> <span class='ocrx_word' id='word_1_533' title='bbox 943 2620 1054 2650; x_wconf 78' lang='lat' dir='ltr'>foetura</span> <span class='ocrx_word' id='word_1_534' title='bbox 1068 2618 1132 2649; x_wconf 78' lang='lat' dir='ltr'>sive</span> <span class='ocrx_word' id='word_1_535' title='bbox 1148 2617 1284 2653; x_wconf 79' lang='lat' dir='ltr'>deficiat,</span> <span class='ocrx_word' id='word_1_536' title='bbox 1299 2621 1334 2647; x_wconf 90' lang='lat' dir='ltr'>ut</span> <span class='ocrx_word' id='word_1_537' title='bbox 1349 2614 1515 2656; x_wconf 87' lang='lat' dir='ltr'>quinquies</span> <span class='ocrx_word' id='word_1_538' title='bbox 1529 2614 1613 2645; x_wconf 89' lang='lat' dir='ltr'>mille</span> <span class='ocrx_word' id='word_1_539' title='bbox 1628 2619 1662 2645; x_wconf 81' lang='lat' dir='ltr'>et</span> 
     </span>
     <span class='ocr_line' id='line_1_46' title="bbox 210 2668 1661 2714; baseline -0.002 -12"><span class='ocrx_word' id='word_1_540' title='bbox 210 2670 413 2711; x_wconf 83' lang='lat' dir='ltr'>quadraginta</span> <span class='ocrx_word' id='word_1_541' title='bbox 429 2670 634 2703; x_wconf 84' lang='lat' dir='ltr'>habitationes</span> <span class='ocrx_word' id='word_1_542' title='bbox 651 2673 844 2704; x_wconf 88' lang='lat' dir='ltr'>solummodo</span> <span class='ocrx_word' id='word_1_543' title='bbox 862 2684 983 2714; x_wconf 87' lang='lat' dir='ltr'>semper</span> <span class='ocrx_word' id='word_1_544' title='bbox 998 2677 1154 2704; x_wconf 81' lang='lat' dir='ltr'>maneant.</span> <span class='ocrx_word' id='word_1_545' title='bbox 1177 2671 1282 2702; x_wconf 81' lang='lat' dir='ltr'>multae</span> <span class='ocrx_word' id='word_1_546' title='bbox 1297 2675 1399 2701; x_wconf 79' lang='lat' dir='ltr'>autem</span> <span class='ocrx_word' id='word_1_547' title='bbox 1417 2675 1491 2700; x_wconf 87' lang='lat' dir='ltr'>sunt</span> <span class='ocrx_word' id='word_1_548' title='bbox 1504 2668 1572 2700; x_wconf 78' lang='lat' dir='ltr'>viae.</span> <span class='ocrx_word' id='word_1_549' title='bbox 1585 2678 1661 2699; x_wconf 81' lang='lat' dir='ltr'>nain</span> 
     </span>
     <span class='ocr_line' id='line_1_47' title="bbox 209 2723 1660 2768; baseline 0.003 -13"><span class='ocrx_word' id='word_1_550' title='bbox 209 2729 243 2755; x_wconf 87' lang='lat' dir='ltr'>et</span> <span class='ocrx_word' id='word_1_551' title='bbox 267 2723 422 2765; x_wconf 84' lang='lat' dir='ltr'>prohiberi</span> <span class='ocrx_word' id='word_1_552' title='bbox 436 2734 560 2764; x_wconf 85' lang='lat' dir='ltr'>genere,</span> <span class='ocrx_word' id='word_1_553' title='bbox 575 2736 644 2756; x_wconf 92' lang='lat' dir='ltr'>cum</span> <span class='ocrx_word' id='word_1_554' title='bbox 659 2727 749 2758; x_wconf 84' lang='lat' dir='ltr'>nimis</span> <span class='ocrx_word' id='word_1_555' title='bbox 763 2727 871 2763; x_wconf 81' lang='lat' dir='ltr'>affluit,</span> <span class='ocrx_word' id='word_1_556' title='bbox 887 2733 1007 2768; x_wconf 86' lang='lat' dir='ltr'>potest:</span> <span class='ocrx_word' id='word_1_557' title='bbox 1033 2733 1064 2758; x_wconf 88' lang='lat' dir='ltr'>et</span> <span class='ocrx_word' id='word_1_558' title='bbox 1080 2731 1198 2761; x_wconf 77' lang='lat' dir='ltr'>contra,</span> <span class='ocrx_word' id='word_1_559' title='bbox 1213 2735 1282 2757; x_wconf 89' lang='lat' dir='ltr'>cum</span> <span class='ocrx_word' id='word_1_560' title='bbox 1294 2734 1374 2765; x_wconf 82' lang='lat' dir='ltr'>opus</span> <span class='ocrx_word' id='word_1_561' title='bbox 1382 2728 1439 2758; x_wconf 81' lang='lat' dir='ltr'>est,</span> <span class='ocrx_word' id='word_1_562' title='bbox 1452 2727 1487 2753; x_wconf 86' lang='lat' dir='ltr'>ut</span> <span class='ocrx_word' id='word_1_563' title='bbox 1498 2727 1660 2763; x_wconf 69' lang='lat' dir='ltr'>augeatur»</span> 
     </span>
     <span class='ocr_line' id='line_1_48' title="bbox 210 2775 1662 2821; baseline -0.003 -12"><span class='ocrx_word' id='word_1_564' title='bbox 210 2777 309 2809; x_wconf 84' lang='lat' dir='ltr'>curari</span> <span class='ocrx_word' id='word_1_565' title='bbox 325 2788 333 2810; x_wconf 92' lang='lat'>:</span> <span class='ocrx_word' id='word_1_566' title='bbox 357 2787 394 2808; x_wconf 81' lang='lat' dir='ltr'>ac</span> <span class='ocrx_word' id='word_1_567' title='bbox 423 2777 473 2807; x_wconf 85' lang='lat' dir='ltr'>vel</span> <span class='ocrx_word' id='word_1_568' title='bbox 499 2778 616 2810; x_wconf 86' lang='lat' dir='ltr'>honore</span> <span class='ocrx_word' id='word_1_569' title='bbox 638 2781 687 2811; x_wconf 84' lang='lat' dir='ltr'>vel</span> <span class='ocrx_word' id='word_1_570' title='bbox 717 2781 869 2812; x_wconf 85' lang='lat' dir='ltr'>dedecore</span> <span class='ocrx_word' id='word_1_571' title='bbox 892 2780 1175 2821; x_wconf 84' lang='lat' dir='ltr'>monitionibusque</span> <span class='ocrx_word' id='word_1_572' title='bbox 1204 2788 1311 2810; x_wconf 84' lang='lat' dir='ltr'>senum</span> <span class='ocrx_word' id='word_1_573' title='bbox 1335 2777 1375 2807; x_wconf 84' lang='lat' dir='ltr'>ad</span> <span class='ocrx_word' id='word_1_574' title='bbox 1384 2776 1518 2818; x_wconf 81' lang='lat' dir='ltr'>juvenes</span> <span class='ocrx_word' id='word_1_575' title='bbox 1532 2776 1605 2806; x_wconf 85' lang='lat' dir='ltr'>lieet</span> <span class='ocrx_word' id='word_1_576' title='bbox 1619 2775 1662 2806; x_wconf 75' lang='lat' dir='ltr'>ad</span> 
     </span>
     <span class='ocr_line' id='line_1_49' title="bbox 210 2827 1710 2876; baseline -0.003 -13"><span class='ocrx_word' id='word_1_577' title='bbox 210 2842 278 2863; x_wconf 83' lang='lat' dir='ltr'>eam</span> <span class='ocrx_word' id='word_1_578' title='bbox 293 2830 433 2862; x_wconf 78' lang='lat' dir='ltr'>homines</span> <span class='ocrx_word' id='word_1_579' title='bbox 445 2832 611 2864; x_wconf 80' lang='lat' dir='ltr'>adhortari.</span> <span class='ocrx_word' id='word_1_580' title='bbox 626 2834 761 2876; x_wconf 84' lang='lat' dir='ltr'>denique</span> <span class='ocrx_word' id='word_1_581' title='bbox 772 2835 843 2865; x_wconf 88' lang='lat' dir='ltr'>hinc</span> <span class='ocrx_word' id='word_1_582' title='bbox 855 2835 955 2865; x_wconf 86' lang='lat' dir='ltr'>omnis</span> <span class='ocrx_word' id='word_1_583' title='bbox 967 2835 1108 2865; x_wconf 81' lang='lat' dir='ltr'>desectus</span> <span class='ocrx_word' id='word_1_584' title='bbox 1122 2833 1216 2863; x_wconf 87' lang='lat' dir='ltr'>oritur</span> <span class='ocrx_word' id='word_1_585' title='bbox 1231 2837 1264 2863; x_wconf 85' lang='lat' dir='ltr'>ct</span> <span class='ocrx_word' id='word_1_586' title='bbox 1277 2830 1395 2871; x_wconf 78' lang='lat' dir='ltr'>inopia,</span> <span class='ocrx_word' id='word_1_587' title='bbox 1410 2839 1479 2860; x_wconf 81' lang='lat' dir='ltr'>cum</span> <span class='ocrx_word' id='word_1_588' title='bbox 1492 2827 1659 2870; x_wconf 79' lang='lat' dir='ltr'>quinquies</span> <span class='ocrx_word' id='word_1_589' title='bbox 1707 2829 1710 2833; x_wconf 83' lang='grc'><strong>’</strong></span> 
     </span>
     <span class='ocr_line' id='line_1_50' title="bbox 211 2882 1665 2930; baseline 0 -13"><span class='ocrx_word' id='word_1_590' title='bbox 211 2884 339 2918; x_wconf 85' lang='lat' dir='ltr'>millium</span> <span class='ocrx_word' id='word_1_591' title='bbox 354 2890 386 2917; x_wconf 82' lang='lat' dir='ltr'>ct</span> <span class='ocrx_word' id='word_1_592' title='bbox 401 2885 606 2928; x_wconf 78' lang='lat' dir='ltr'>quadraginta</span> <span class='ocrx_word' id='word_1_593' title='bbox 620 2887 782 2921; x_wconf 86' lang='lat' dir='ltr'>domorum</span> <span class='ocrx_word' id='word_1_594' title='bbox 796 2899 938 2922; x_wconf 79' lang='lat' dir='ltr'>numerus</span> <span class='ocrx_word' id='word_1_595' title='bbox 952 2899 1015 2921; x_wconf 87' lang='lat' dir='ltr'>non</span> <span class='ocrx_word' id='word_1_596' title='bbox 1030 2893 1176 2920; x_wconf 71' lang='lat' dir='ltr'>servatur.</span> <span class='ocrx_word' id='word_1_597' title='bbox 1199 2885 1281 2930; x_wconf 82' lang='lat' dir='ltr'>quod</span> <span class='ocrx_word' id='word_1_598' title='bbox 1302 2885 1329 2918; x_wconf 75' lang='lat' dir='ltr'>si</span> <span class='ocrx_word' id='word_1_599' title='bbox 1342 2885 1381 2917; x_wconf 90' lang='lat' dir='ltr'>ob</span> <span class='ocrx_word' id='word_1_600' title='bbox 1396 2883 1527 2916; x_wconf 80' lang='lat' dir='ltr'>nimium</span> <span class='ocrx_word' id='word_1_601' title='bbox 1540 2882 1574 2915; x_wconf 87' lang='lat' dir='ltr'>in</span> <span class='ocrx_word' id='word_1_602' title='bbox 1587 2892 1665 2925; x_wconf 46' lang='lat' dir='ltr'>ptos</span> 
     </span>
    </p>
   </div>
  </div>
 </body>
</html>
