1840 3225
266 180 343 216 242
857 176 1118 214 PLATOle
1649 175 1716 227 [27

266 281 374 317 Critia‚
389 291 563 311 sermonem
580 280 674 322 magis
690 290 781 321 quam
797 280 890 310 istum
908 279 1119 321 probabimus,
1135 278 1191 319 qui
1208 279 1410 320 praesentibus
1426 278 1504 310 Deae
1520 278 1614 309 sacris
1630 287 1726 318 prop-

267 342 314 365 ter
331 335 597 377 propinquitatem
611 335 768 376 quandam
784 334 911 365 mirifice
927 333 1094 374 congruit?
1113 332 1277 362 maximum
1295 344 1366 364 vero
1384 333 1460 364 illud
1476 338 1534 370 est,
1546 343 1609 363 non
1621 331 1726 362 fictam

270 399 289 419 a
304 389 396 420 nobis
411 389 562 426 fabulam,
575 389 629 419 sed
645 398 749 419 veram
765 388 924 419 historiam
941 386 1105 418 recenseri.
1128 397 1263 428 quonam
1279 388 1373 428 igitur
1388 393 1482 429 pacto
1505 392 1537 418 et
1561 386 1656 421 unde,
1671 386 1731 415 hac

269 447 385 482 spreta,
401 443 643 484 disputationem
659 442 750 473 aliam
767 441 981 472 exordiemur?
999 446 1083 472 certe
1099 451 1162 471 non
1179 441 1263 473 licet.
1285 442 1357 472 ideo
1372 442 1462 472 bonis
1477 441 1611 472 fortunae
1626 438 1730 479 auspi-

271 496 328 527 ciis
344 496 546 538 oportetjam
569 501 628 526 tam
653 507 706 527 vos
723 496 883 531 disserere,
911 494 986 536 [27]
1011 505 1103 535 quam
1129 506 1176 525 me
1194 505 1249 536 pro
1277 496 1421 526 hesterna
1435 495 1612 525 narratione
1636 492 1736 523 hodie

273 549 398 580 silentio
415 561 468 580 vos
491 551 609 582 audire.
654 550 734 582 Cur.
757 549 944 588 Considera,
968 549 1122 585 Socrates,
1146 559 1184 579 an
1201 550 1365 581 commode
1391 555 1532 580 mutuum
1548 548 1606 579 tibi
1620 547 1732 578 convi-

276 604 359 634 vium
376 604 630 645 disposuerimus.
652 605 749 634 visum
764 604 852 633 nobis
865 609 923 639 est,
940 608 973 632 ut
987 602 1136 638 Timaeus,
1150 608 1297 644 tanquam
1308 604 1340 634 in
1356 603 1545 634 astronomia
1557 606 1734 632 nostrorum

276 657 414 688 omnium
440 658 655 699 peritissimus,
670 659 863 699 maximeque
888 657 920 687 in
948 667 1047 687 rerum
1070 662 1181 688 natura
1203 658 1424 699 cognoscenda
1445 661 1596 692 versatus,
1618 655 1736 698 primus

276 711 436 749 edisserat,
453 712 498 742 ita
514 716 547 742 ut
567 723 586 743 a
601 713 710 743 mundi
736 711 935 753 generatione
952 710 1116 742 exordiens
1140 722 1239 753 usque
1255 712 1294 742 ad
1311 711 1435 753 generis
1452 711 1580 742 humani
1594 714 1737 741 naturam

276 766 434 802 deveniat,
447 771 541 807 atque
556 777 616 808 ego
632 765 759 802 deinde,
777 766 950 807 suscipiens
966 765 1107 796 homines
1124 775 1142 796 a
1156 765 1276 796 Timaeo
1293 766 1419 807 quidem
1435 766 1570 807 genitos,
1596 774 1615 794 a
1638 763 1740 796 Critia

276 829 351 850 vero
379 820 595 861 utplurimum
621 820 792 857 institutos,
818 820 987 850 secundum
1015 819 1138 850 Solonis
1155 829 1328 851 sermonem
1345 820 1508 862 legemque
1529 820 1563 850 in
1584 818 1739 860 judicium

276 879 413 904 vestrum
438 873 604 910 adducam,
628 874 826 914 civitatisque
841 873 930 904 istius
946 873 1030 903 cives
1045 873 1176 904 efficiam
1193 885 1258 910 eos,
1281 874 1334 915 qui
1350 874 1444 916 prisci
1459 874 1504 904 illi
1530 872 1741 904 Athenienses

278 926 414 962 suerunt,
427 938 505 968 quos
515 927 582 968 jam
594 927 762 959 exstinctos
781 937 875 958 sacrae
890 927 1113 968 AEgyptiorum
1129 927 1226 958 literae
1240 927 1272 957 in
1288 928 1389 959 lucem
1406 938 1423 958 e
1435 927 1569 958 tenebris
1583 930 1742 962 eruerunt,

277 982 357 1011 adeo
375 987 409 1012 ut
424 982 464 1011 de
480 981 542 1012 illis
566 982 718 1023 deinceps
742 986 890 1021 tanquam
917 982 957 1011 de
983 981 1138 1011 veteribus
1161 980 1406 1012 Atheniensibus
1433 981 1529 1012 verba
1552 981 1640 1011 fiant.
1685 979 1742 1009 So.

278 1035 446 1076 Copiosam
462 1040 493 1066 et
508 1035 703 1076 splendidam
726 1035 946 1076 disputationis
971 1044 1107 1065 mensam
1129 1036 1328 1075 apparavisse
1350 1035 1426 1066 mihi
1442 1035 1568 1066 videris.
1601 1039 1655 1064 tua
1671 1043 1744 1075 ergo

277 1089 418 1125 interest,
443 1100 462 1119 o
477 1089 607 1126 Timaee‚
624 1089 776 1120 invocatis
802 1088 977 1119 secundum
1003 1089 1103 1130 legem
1129 1088 1215 1126 Diis,
1238 1089 1483 1131 disputationem
1506 1088 1573 1130 jam
1598 1087 1743 1118 exordiri.

278 1143 332 1174 Tr.
357 1143 458 1174 Probe
474 1144 625 1181 consulis,
638 1144 793 1174 Socrates.
817 1153 889 1173 nam
904 1153 974 1174 cum
990 1153 1108 1179 omnes,
1125 1142 1179 1185 qui
1196 1143 1309 1174 mentis
1331 1153 1457 1184 quoquo
1470 1143 1564 1173 modo
1579 1146 1744 1182 compotes

278 1201 364 1233 sunt,
380 1197 411 1227 in
427 1197 532 1238 operis
547 1196 714 1238 cujuslibet
737 1197 784 1228 vel
808 1197 914 1238 magni
943 1197 991 1227 vel
1015 1197 1103 1238 parvi
1125 1196 1281 1238 principio
1304 1198 1452 1229 invocare
1475 1197 1580 1228 Deum
1596 1195 1740 1226 soleant:

279 1255 398 1291 quanto
413 1261 472 1280 nos
486 1251 605 1293 aequius
619 1255 678 1292 est,
693 1251 732 1281 de
749 1250 914 1287 Universo,
931 1251 995 1281 sive
1012 1252 1150 1292 genitum
1167 1252 1208 1281 sit
1233 1251 1298 1282 sive
1315 1252 1501 1293 ingenitum,
1516 1251 1743 1292 disputaturos,

279 1304 340 1335 nisi
356 1304 436 1335 sorte
451 1304 634 1345 desipimuS,
649 1305 793 1335 invocare
809 1305 947 1336 divinam
964 1316 1056 1347 opem
1070 1306 1080 1335 ?
1127 1305 1210 1346 Ergo
1227 1305 1318 1337 Deos
1333 1315 1442 1336 omnes
1465 1304 1616 1346 Deasque
1630 1314 1736 1344 preca-

281 1368 358 1394 mur,
374 1358 406 1388 in
423 1358 530 1399 primis
542 1359 681 1399 quidem,
698 1363 732 1388 ut
744 1369 781 1389 ea
796 1359 941 1389 dicantur
956 1370 974 1390 a
989 1359 1090 1399 nobis,
1106 1369 1175 1400 quae
1192 1359 1254 1390 illis
1269 1360 1414 1400 placeant
1428 1371 1434 1388 :
1460 1359 1588 1398 deinde,
1600 1363 1637 1389 ut
1648 1357 1743 1388 nobis

281 1412 341 1453 ipsi
358 1416 546 1444 constemus.
569 1418 719 1454 quantum
734 1413 773 1443 ad
798 1412 886 1443 Deos
901 1413 1024 1450 attinet,
1042 1413 1087 1444 sic
1102 1423 1121 1443 a
1131 1413 1222 1444 nobis
1235 1419 1354 1444 oratum
1367 1414 1408 1444 sit
1422 1425 1430 1443 :
1455 1413 1509 1444 sed
1522 1413 1607 1454 quod
1619 1413 1660 1442 ad
1683 1422 1745 1442 nos

282 1470 418 1506 spectat,
434 1465 626 1507 poscendum
643 1472 701 1503 est,
721 1471 754 1497 ut
769 1472 802 1497 et
817 1477 872 1497 vos
886 1467 976 1498 facile
993 1467 1214 1508 assequamini.
1231 1473 1264 1499 et
1278 1478 1337 1509 ego
1353 1468 1526 1499 secundum
1540 1466 1654 1497 mentis
1668 1476 1743 1508 pro-

284 1520 420 1560 positum
436 1530 500 1550 rem
516 1520 628 1561 ipsam,
653 1531 715 1562 qua
729 1521 770 1551 de
786 1521 902 1562 agitur,
928 1522 1109 1562 transigam.
1154 1522 1316 1563 Principio
1339 1522 1384 1552 ita
1398 1522 1475 1552 mihi
1490 1519 1746 1562 distinguendum

284 1584 352 1604 esse
368 1574 502 1612 videtur,
516 1575 593 1616 quid
609 1574 662 1614 sit,
674 1575 757 1617 quod
773 1586 896 1616 semper
911 1580 958 1607 est
972 1586 1083 1607 carens
1097 1577 1297 1617 generatione
1311 1587 1319 1613 3
1342 1575 1419 1617 quid
1433 1586 1518 1612 vero,
1533 1574 1617 1616 quod
1641 1573 1746 1616 gigni-

284 1633 332 1658 tur
348 1628 487 1669 quidem,
503 1639 604 1670 neque
620 1635 667 1659 est
683 1640 833 1671 unquam.
857 1629 931 1672 [28]
956 1630 1034 1661 illud
1053 1631 1213 1662 intellectu
1227 1640 1282 1672 per
1294 1630 1424 1662 rationis
1435 1629 1614 1671 indaginem
1624 1628 1746 1670 percipi

287 1687 402 1722 potest,
418 1693 488 1713 cum
504 1693 627 1723 semper
655 1684 695 1713 sit
709 1683 811 1714 idem:
837 1683 897 1715 hoc
920 1684 1069 1725 opinione
1084 1694 1143 1726 per
1157 1684 1365 1716 irrationalem
1391 1694 1515 1715 sensum
1531 1682 1656 1724 attingi,
1677 1693 1748 1713 curn

286 1735 431 1777 gignatur
446 1741 478 1767 et
495 1736 626 1767 intereat
649 1747 752 1777 neque
780 1747 849 1768 vere
872 1747 1010 1779 unquam
1035 1738 1086 1768 sit.
1108 1739 1256 1780 quicquid
1281 1744 1384 1770 autem
1408 1738 1556 1780 gignitur,
1578 1747 1617 1768 ex
1639 1735 1747 1777 aliqua

286 1783 381 1821 causa
397 1791 572 1822 necessario
599 1791 736 1832 gignitur
746 1803 755 1829 ;
779 1792 845 1822 sine
861 1802 955 1822 causa
971 1803 1042 1824 vero
1058 1793 1130 1823 oriri
1148 1793 1314 1834 quicquam
1330 1792 1527 1834 impossibile
1540 1797 1599 1823 est.
1620 1791 1748 1832 quando

286 1843 381 1885 igitur
396 1844 501 1886 opifex
517 1845 548 1875 in
572 1845 678 1886 operis
702 1844 837 1885 alicujus
862 1847 1094 1877 constructione
1122 1848 1162 1877 ad
1188 1848 1234 1883 id.,
1251 1847 1335 1888 quod
1351 1847 1464 1878 eodem
1486 1845 1581 1876 modo
1603 1855 1637 1875 se
1651 1845 1748 1875 habet

289 1908 416 1939 semper
429 1899 553 1940 aspicit,
570 1904 601 1929 et
624 1898 803 1940 hujusmodi
818 1900 952 1940 quodam
968 1911 1043 1931 usus
1069 1901 1213 1942 exemplo
1227 1901 1328 1932 ideam
1346 1901 1470 1942 vimque
1485 1900 1517 1930 in
1532 1909 1612 1940 opus
1626 1898 1748 1935 educit,

288 1951 454 1992 pulchrum
470 1952 534 1984 fieri
562 1958 635 1984 tunc
653 1963 733 1994 opus
748 1964 840 1984 omne
857 1955 1065 1985 necessarium
1091 1961 1139 1986 est
1155 1967 1161 1985 ε
1185 1956 1311 1996 quando
1325 1965 1397 1986 vero
1411 1955 1451 1985 ad
1468 1954 1515 1993 id,
1529 1953 1617 1995 quod
1632 1953 1749 1984 factum

286 2011 345 2046 est,
362 2006 502 2048 respicit,
518 2007 643 2037 minime
667 2007 843 2048 pulchrum.
866 2008 1043 2039 universum
1068 2009 1163 2050 igitur
1189 2010 1248 2040 hoc
1272 2009 1382 2040 coelum
1408 2009 1473 2039 sive
1495 2008 1658 2043 mundum,
1681 2007 1746 2038 sive

289 2070 352 2100 quo
367 2060 428 2090 alio
452 2060 604 2091 vocabulo
621 2061 748 2102 gaudet,
765 2062 1032 2102 cognominemus.
1053 2064 1093 2094 de
1109 2074 1172 2104 quo
1188 2063 1320 2104 primum
1344 2063 1588 2098 consideremus,
1603 2062 1688 2103 quod
1711 2060 1745 2092 in

290 2113 463 2154 quaestione
479 2114 518 2144 de
533 2114 675 2145 universo
692 2121 764 2145 ante
775 2115 880 2146 omnia
892 2115 1068 2157 investigari
1083 2117 1187 2154 debet,
1199 2123 1339 2148 utrumne
1350 2127 1475 2158 semper
1485 2116 1592 2151 fuerit,
1604 2115 1671 2146 sine
1684 2115 1748 2146 ullo

292 2168 502 2209 generationis
519 2167 673 2209 principio
688 2180 697 2207 ;
717 2179 755 2198 an
769 2169 905 2210 genitum
920 2169 971 2205 sit,
986 2170 1024 2200 ab
1040 2171 1144 2212 aliquo
1158 2171 1313 2212 principio
1326 2181 1452 2201 sumens
1466 2169 1637 2201 exordium.
1651 2169 1748 2210 idque

293 2222 434 2262 profecto
451 2222 586 2253 cernitur
602 2223 798 2263 tangiturque
813 2228 846 2253 et
860 2233 974 2264 corpus
983 2224 1086 2254 habet.
1102 2225 1206 2255 omnia
1218 2235 1288 2255 vero
1301 2226 1340 2255 hu
1340 2224 1478 2265 jusmodi
1491 2233 1601 2254 sensus
1611 2228 1750 2254 movent.

290 2285 360 2317 quae
375 2285 484 2306 sensus
499 2281 635 2313 movent,
651 2276 800 2316 opinione
816 2287 870 2318 per
889 2287 1011 2308 sensum
1029 2278 1255 2319 percipiuntur.
1278 2279 1346 2309 haec
1362 2288 1434 2310 vero
1447 2277 1521 2308 talia
1533 2287 1601 2309 esse
1614 2281 1750 2312 constat,

290 2333 326 2359 ut
352 2329 516 2370 gignantur
539 2334 571 2360 et
594 2329 700 2370 genita
727 2330 801 2361 sint.
825 2330 977 2372 quicquid
1006 2337 1109 2362 autem
1139 2332 1287 2373 gignitur,
1319 2332 1357 2362 ab
1387 2331 1493 2373 aliqua
1521 2340 1617 2363 causa
1638 2340 1748 2362 neces-

290 2383 369 2414 sario
386 2383 472 2425 gigni
496 2383 690 2416 asseruimus.
712 2384 858 2425 opificem
882 2384 1007 2425 quidem
1037 2390 1069 2415 et
1099 2391 1219 2426 patrem
1245 2385 1356 2416 mundi
1379 2385 1517 2416 invenire
1540 2384 1691 2416 difficile:
1717 2389 1749 2415 et

291 2448 362 2468 cum
374 2437 441 2478 jam
455 2437 620 2473 inveneris,
636 2438 803 2479 praedicare
820 2437 925 2479 eloqui
950 2438 1042 2479 vulgo
1069 2439 1262 2480 impossibile
1277 2444 1337 2472 est.
1361 2449 1464 2471 rursus
1486 2438 1749 2470 considerandum

290 2498 350 2528 est,
366 2496 469 2522 utrum
491 2491 599 2522 mundi
615 2491 700 2522 faber
727 2492 768 2522 sit
795 2492 933 2522 imitatus
957 2492 1134 2533 exemplar:
1161 2493 1235 2535 [29]
1259 2493 1344 2530 idne,
1359 2494 1443 2535 quod
1461 2493 1546 2524 idem
1573 2502 1696 2534 semper
1718 2497 1751 2523 et

294 2545 396 2576 simile
404 2550 472 2589 pst,
488 2555 527 2576 an
554 2545 602 2583 id,
616 2546 701 2586 quod
717 2545 855 2587 genitum
873 2546 976 2577 suerit.
1001 2547 1087 2588 atqui
1114 2548 1140 2578 si
1157 2547 1284 2588 pulcher
1298 2553 1346 2578 est
1369 2548 1420 2579 hic
1436 2547 1570 2578 mundus
1590 2552 1623 2577 et
1644 2546 1750 2587 opifex

295 2598 403 2629 mundi
418 2600 530 2636 bonus,
544 2599 765 2641 sempiternum
781 2605 863 2631 certe
879 2601 1056 2641 exemplum
1072 2601 1180 2632 maluit
1192 2602 1303 2632 imitari
1317 2614 1324 2631 z
1341 2601 1390 2632 sin
1403 2611 1503 2636 secus,
1516 2600 1601 2642 quod
1613 2610 1653 2632 ne
1662 2599 1752 2631 dictu

292 2652 420 2693 quidem
436 2653 482 2683 sas
498 2658 556 2689 est,
579 2659 759 2694 generatum
785 2654 941 2695 exemplar
963 2662 1011 2685 est
1026 2665 1080 2696 pro
1098 2660 1214 2686 «eterno
1231 2661 1366 2687 secutus.
1389 2665 1458 2686 cum
1474 2664 1546 2684 vero
1561 2659 1593 2685 et
1615 2654 1752 2684 mundus

292 2706 429 2736 omnium
456 2706 630 2747 genitorum
659 2707 882 2749 pulcherrimus
907 2708 947 2738 sit
972 2714 1004 2739 et
1029 2708 1100 2750 ejus
1126 2715 1235 2741 auctor
1260 2719 1424 2740 causarum
1446 2707 1583 2739 omnium
1600 2707 1750 2749 optimus,

293 2755 423 2789 dubium
439 2769 502 2790 non
517 2766 576 2796 est,
593 2761 669 2802 quin
696 2762 916 2803 sempiternum
931 2762 972 2793 sit
987 2769 1113 2794 secutus
1128 2763 1316 2805 exemplum.
1339 2764 1383 2794 sic
1400 2763 1496 2805 igitur
1509 2767 1687 2803 generatus,
1708 2762 1749 2792 ad

291 2812 325 2843 id
341 2817 387 2842 est
402 2812 545 2850 effectus,
563 2815 647 2854 quod
674 2815 794 2846 ratione
809 2821 841 2846 et
865 2815 1021 2856 sapientia
1047 2816 1115 2847 sola
1136 2816 1358 2858 comprehendi
1375 2822 1478 2858 potest
1500 2821 1532 2846 et
1556 2814 1748 2846 immutabile

293 2872 464 2906 permanet.
488 2878 526 2899 ex
541 2878 603 2910 quo
619 2868 762 2907 efficitur,
779 2875 812 2900 ut
828 2880 955 2902 necesse
970 2870 1010 2902 sit
1024 2871 1105 2903 hunc
1132 2871 1280 2903 mundum
1297 2870 1429 2911 alicujus
1451 2868 1649 2902 simulacrum
1664 2878 1746 2900 esse.
