1840 3225
169 210 239 261 35]
771 207 1054 246 PHILEBUS.
1607 208 1653 245 13

171 310 242 342 vitae
257 311 502 353 comparatione,
517 312 612 343 virum
637 310 894 352 contemplationi
921 311 1064 342 deditum
1093 310 1170 341 nihil
1195 310 1259 342 ulla
1282 320 1318 342 ex
1338 316 1424 352 parte
1441 312 1488 343 vel
1505 314 1643 354 gaudere

170 365 221 396 vel
237 366 322 407 angi.
368 366 456 397 Pno.
481 366 619 397 Omnino
644 364 689 396 sic
712 364 843 396 dictum.
891 364 947 396 So.
969 365 1086 396 Nonne
1114 365 1159 396 sic
1184 365 1228 395 illi
1256 366 1425 396 convenit?
1450 377 1486 397 ac
1502 367 1581 398 sorte
1599 368 1642 398 nil

170 419 281 450 mirum
297 425 389 458 esset,
406 421 431 451 si
448 420 508 451 vita
526 421 592 451 haec
617 425 786 451 ceterarum
814 420 951 450 omnium
979 420 1173 450 divinissima
1200 419 1250 450 sit.
1294 420 1382 452 Pao.
1406 420 1460 451 An
1476 422 1644 452 absurdum

171 479 219 505 est
245 475 321 505 deos
354 475 502 516 gaudere,
532 474 582 505 vel
611 479 720 505 contra
745 473 879 504 tristari?
926 474 980 504 So.
1015 473 1196 504 Absurdum
1224 475 1363 506 omnino.
1387 474 1537 506 indecens
1562 476 1646 506 enim

173 534 337 571 utrumque
352 534 409 560 est.
433 533 466 560 at
480 530 540 559 hoc
556 528 706 570 deinceps
723 528 958 569 investigemus,
976 527 999 558 si
1027 528 1105 569 quid
1122 528 1161 558 ad
1178 529 1258 558 hanc
1274 528 1520 569 disputationem
1537 530 1646 561 confe-

172 588 219 614 rat
234 595 242 613 ι
267 593 303 615 ac
319 583 414 614 menti
430 583 470 613 ad
490 583 644 614 secundas
662 582 798 613 victoriae
815 586 924 619 sortes,
940 582 965 612 si
981 582 1084 613 minus
1101 582 1140 613 ad
1160 582 1271 624 primas
1288 583 1453 623 possimus.
1469 594 1646 615 accommo-

171 636 326 667 dabimus.
370 637 460 668 Pno.
482 636 585 667 Recte
601 635 746 677 loqueris.
791 635 846 667 So.
870 635 971 677 Atqui
986 636 1047 667 alia
1061 636 1182 677 species
1197 636 1406 677 voluptatum,
1422 648 1515 678 quam
1531 638 1644 669 animae

171 690 327 732 propriam
341 690 578 732 assignavimus,
595 690 742 721 memoria
757 695 891 722 constat.
938 690 1027 722 Pno.
1053 690 1126 728 Quo
1154 691 1269 732 pacto?
1315 692 1372 723 So.
1397 691 1549 732 Primum,
1566 692 1646 733 qnid

172 744 321 775 memoria
337 745 389 781 sit,
416 745 638 787 accipiendum
654 744 799 776 videtur:
824 744 919 775 innuo
946 749 1019 775 ante
1043 755 1111 775 eam
1138 745 1213 786 quid
1237 756 1358 782 sensus,
1375 747 1398 776 si
1425 745 1550 786 planius
1579 748 1647 778 liaec

171 797 329 830 elucidare
344 799 486 832 velimus.
533 800 620 831 Pno.
645 800 718 836 Quo
735 804 827 841 pacto
844 799 971 841 inquis?
1017 800 1071 832 So.
1094 800 1194 836 Pone,
1211 811 1248 830 ex
1265 800 1408 831 omnibns
1420 802 1557 842 corporis
1575 812 1646 843 pas-

172 850 314 883 sionibus
330 855 481 894 quasdam
497 853 528 884 in
545 865 678 896 corpore
694 854 777 896 prius
794 854 972 889 exstinctas,
987 864 1080 895 quam
1096 854 1127 884 in
1145 854 1279 885 animam
1293 855 1486 891 trmsfluant,
1499 856 1646 896 passione

172 916 302 938 vacuam
320 907 514 939 dimittentes
532 921 539 939 :
566 908 642 939 alias
659 919 714 950 per
728 913 894 950 utrumqne
910 908 1040 939 diffusas
1063 913 1095 938 et
1109 909 1267 949 quandam
1291 909 1380 950 quasi
1397 910 1647 950 concussionem,

172 965 235 991 tam
252 962 410 1003 propriam
421 973 514 1004 quam
530 974 726 994 communem
744 963 878 1004 utrique,
895 963 1009 1004 pariter
1023 963 1210 994 inferentes.
1255 963 1344 994 Pno.
1368 962 1543 996 Ponantur.
1588 964 1646 997 So.

171 1014 214 1047 Et
231 1016 389 1057 passiones
413 1028 468 1058 per
483 1023 647 1059 utrumque
670 1018 797 1048 minime
824 1022 1024 1059 propagatas,
1038 1017 1062 1048 si
1080 1017 1175 1048 latere
1193 1017 1360 1048 dixerimus
1375 1018 1524 1054 animam,
1541 1023 1572 1049 et
1590 1030 1645 1059 per

172 1074 339 1113 utrumque
368 1078 530 1103 manantes
558 1073 754 1104 innotescere
783 1072 905 1109 animae,
931 1083 970 1102 an
1000 1078 1083 1103 recte
1111 1072 1275 1102 dicemus?
1323 1073 1411 1103 Pno.
1437 1073 1540 1105 Certe.
1586 1074 1643 1105 So.

173 1124 284 1166 Ipsum
300 1136 373 1166 ergo
390 1126 496 1162 latere,
513 1126 600 1156 nullo
616 1127 720 1162 modo,
739 1131 773 1156 ut
787 1126 891 1158 dicere
908 1126 1026 1167 videor,
1041 1126 1207 1156 oblivionis
1231 1128 1462 1167 generationem
1479 1138 1547 1159 esse
1563 1129 1646 1159 exis-

175 1178 278 1211 times.
323 1179 381 1210 Est
406 1180 489 1210 enim
515 1180 634 1210 oblivio
659 1181 816 1211 memoriae
831 1181 942 1211 exitus.
966 1191 1003 1211 ea
1018 1191 1090 1211 vero
1119 1180 1150 1210 in
1179 1181 1227 1218 iis,
1243 1191 1314 1221 qnae
1341 1182 1434 1211 modo
1450 1182 1647 1223 dicebantur,

173 1233 314 1263 nondum
328 1238 404 1265 erat.
450 1233 528 1274 Ejus
545 1239 647 1264 antem
664 1234 748 1274 quod
765 1244 823 1265 nec
839 1239 885 1264 est
902 1244 960 1264 nec
971 1234 1041 1271 fuit,
1052 1234 1208 1274 jacturam
1225 1235 1291 1264 fieri
1304 1234 1452 1277 aliquam,
1466 1236 1645 1269 absurdum.

174 1287 264 1319 Pno.
289 1286 482 1319 Absurdum.
529 1288 585 1319 So.
608 1287 747 1318 Nomina
769 1299 842 1328 ergo
865 1288 1017 1318 duntaxat
1044 1293 1196 1329 permuta.
1242 1289 1329 1320 Pno.
1354 1290 1547 1326 Quomodo?
1593 1292 1646 1323 So.

173 1340 235 1371 Pro
251 1351 289 1371 eo
305 1342 389 1382 quod
406 1342 501 1373 latere
516 1342 649 1373 animam
665 1342 811 1379 diximus,
829 1344 955 1384 quando
971 1343 1089 1384 absque
1107 1343 1251 1383 passione
1267 1344 1410 1385 corporei
1426 1346 1576 1376 tumultus
1592 1357 1645 1377 ex-

173 1394 267 1430 sistit,
284 1405 377 1436 quam
393 1406 477 1427 nunc
492 1396 682 1426 oblivionem
699 1407 809 1427 vocare
827 1396 953 1435 videris,
977 1396 1053 1438 [34]
1077 1397 1330 1434 imensationem,
1347 1403 1382 1428 ut
1395 1399 1438 1429 ita
1452 1399 1571 1441 loquar,
1589 1411 1647 1441 po-

176 1449 238 1480 tius
252 1451 425 1482 nominato.
468 1450 556 1482 Pno.
578 1451 686 1482 Teneo
705 1455 747 1481 te.
793 1451 849 1483 So.
873 1451 1001 1481 Motum
1030 1456 1134 1482 autem
1161 1452 1318 1483 communi
1335 1453 1471 1493 corporis
1488 1459 1519 1484 et
1535 1454 1646 1486 animae

176 1504 322 1545 passione
337 1505 465 1542 factum,
482 1504 509 1536 si
524 1516 647 1536 sensum
663 1505 834 1541 vocaveris,
850 1505 934 1535 haud
951 1505 989 1535 ab
1006 1516 1037 1536 re
1053 1505 1241 1537 nominabis.
1288 1506 1377 1538 Pno.
1401 1507 1484 1537 Vera
1500 1507 1647 1549 loqueris·

175 1558 234 1590 So.
257 1558 313 1590 An
339 1570 402 1590 non
429 1559 617 1601 percipimus
639 1559 718 1601 jam,
745 1559 820 1600 qnid
847 1570 969 1590 sensum
992 1560 1097 1591 vocari
1126 1555 1280 1591 velimus?
1327 1561 1415 1592 Pno.
1440 1561 1647 1603 Percipimns.

177 1612 234 1645 So.
258 1613 374 1645 Sensus
391 1619 538 1656 proeterea
554 1615 822 1645 conservationem
839 1619 920 1645 recte
943 1614 1013 1655 quis
1028 1614 1206 1645 memoriam
1230 1625 1299 1645 mea
1313 1615 1469 1646 sententia
1485 1627 1649 1659 nuncupa-

176 1667 235 1699 bit.
282 1668 370 1700 Pno.
394 1667 497 1699 Recte
513 1669 656 1701 nimium.
702 1669 759 1700 So.
785 1668 826 1699 Et
842 1679 859 1699 a
876 1668 1022 1699 memoria
1037 1668 1299 1699 reminiscentiam
1313 1669 1487 1711 discrepare
1504 1671 1648 1709 fatemur,

178 1722 304 1753 necne?
349 1723 436 1754 Pno.
474 1722 577 1754 Forte.
624 1723 679 1755 So.
705 1723 756 1754 An
785 1734 848 1754 non
878 1723 910 1753 in
941 1724 1000 1754 lroc
1031 1723 1215 1764 praecipue?
1261 1723 1349 1754 Pno.
1373 1724 1544 1760 Quonam?
1591 1726 1646 1758 So.

178 1775 336 1812 Quotiens
351 1787 421 1818 quae
437 1788 507 1808 cum
521 1788 650 1819 corpore
668 1788 758 1819 passa
772 1782 820 1808 est
833 1777 1003 1819 aliquando
1020 1777 1135 1814 anima,
1151 1777 1260 1808 eadem
1278 1778 1343 1808 sine
1356 1789 1484 1819 corpore
1499 1779 1529 1809 in
1546 1779 1650 1821 seipsa

177 1840 334 1862 resumens
350 1831 579 1868 animadvertit,
596 1837 671 1863 tunc
687 1832 844 1863 reminisci
861 1843 929 1863 eam
946 1832 1120 1863 asserimus.
1144 1842 1184 1862 an
1211 1842 1274 1861 nou
1290 1832 1300 1862 ?
1346 1832 1434 1864 Pno.
1460 1832 1563 1864 Valde
1579 1834 1649 1875 qui-

178 1885 263 1916 dem.
307 1885 363 1917 So.
387 1886 473 1923 Quin
489 1887 595 1922 etiam,
611 1887 737 1925 quando
754 1886 910 1917 memoriae
927 1897 1018 1928 passa
1030 1885 1200 1926 jacturam,
1217 1886 1332 1916 deinde
1350 1887 1397 1916 vel
1414 1897 1506 1917 sensu
1520 1887 1567 1918 vel
1586 1888 1650 1918 dis-

179 1938 297 1980 ciplina
314 1945 473 1981 monente,
489 1951 558 1971 eam
574 1941 684 1971 iterum
710 1948 837 1972 revocat
858 1941 890 1970 in
914 1941 1029 1982 seipsa,
1046 1940 1204 1971 reminisci
1221 1946 1346 1981 putatur
1361 1952 1368 1970 τ
1393 1946 1486 1982 atque
1504 1942 1570 1973 haec
1583 1942 1649 1983 jam

180 1993 342 2024 memorias
366 1994 674 2036 reminiscentiasqne
694 2005 852 2027 vocamus.
897 1995 984 2027 Pno.
1007 1994 1112 2025 Probe
1143 1995 1288 2036 loqueris.
1335 1994 1391 2027 So.
1416 1995 1516 2037 Cujus
1545 2002 1649 2027 autem

181 2047 279 2088 gratia
294 2048 360 2078 haec
377 2048 461 2079 dicta
477 2054 549 2079 sunt
564 2049 679 2084 omnia,
696 2049 791 2080 idem.
838 2049 926 2081 Pno.
952 2048 1138 2086 Quidnam?
1185 2048 1239 2080 So.
1261 2048 1313 2079 Ne
1329 2050 1440 2080 animae
1456 2050 1650 2091 voluptatem

181 2102 302 2144 absque
319 2113 448 2144 corpore
464 2114 555 2145 quam
574 2104 705 2134 maxime
720 2109 814 2145 atque
834 2104 998 2145 per>pIcue
1020 2103 1194 2144 capiamus,
1215 2104 1309 2144 atque
1335 2114 1398 2134 una
1423 2105 1651 2146 concupiscen-

182 2157 268 2188 tiam.
293 2167 347 2199 per
363 2157 429 2188 haec
445 2158 527 2188 enim
545 2163 674 2200 utraque
689 2158 748 2189 ista
763 2158 921 2189 declarata
939 2158 1092 2189 videntur.
1139 2157 1227 2188 Pno.
1250 2158 1419 2199 Pergamus
1442 2158 1507 2199 jam
1524 2160 1562 2189 ad
1580 2159 1651 2190 reli-

183 2221 257 2253 qua,
271 2211 424 2243 Socrates.
470 2212 526 2244 So.
550 2213 656 2243 Multa
673 2213 868 2244 considerare
890 2213 993 2250 decet,
1010 2213 1179 2254 voluptatis
1202 2212 1353 2253 originem
1379 2223 1566 2254 omnemque
1591 2213 1653 2244 for-

182 2276 262 2297 mam
279 2265 348 2307 ejus
363 2266 600 2308 investigantes.
621 2273 653 2298 et
668 2278 752 2298 nunc
779 2268 904 2309 quidem
930 2268 1031 2309 primo
1048 2267 1229 2304 videndum,
1246 2267 1322 2308 qnid
1338 2272 1432 2297 estet
1447 2267 1499 2297 ubi
1517 2268 1653 2299 nascitur

182 2321 450 2362 concupiscentia.
498 2321 586 2354 Pno.
610 2321 781 2353 Videamus
793 2322 870 2363 jam,
882 2323 1020 2353 obsecro.
1038 2322 1115 2353 nihil
1129 2321 1211 2352 enim
1225 2321 1413 2352 amittemus.
1459 2322 1514 2353 So.
1539 2322 1651 2358 Immo,

182 2385 202 2405 o
217 2374 398 2412 Prolati-elie,
422 2386 492 2406 cum
520 2377 606 2417 quod
631 2377 724 2407 modo
752 2377 980 2418 quaerebamus,
1002 2377 1223 2412 invenerimus,
1241 2375 1416 2406 amittemus
1437 2376 1556 2416 aliquid
1573 2376 1654 2407 circa

183 2429 254 2465 ista,
270 2429 419 2461 videlicet
433 2430 674 2462 dubitationem.
720 2431 806 2462 Pno.
830 2432 933 2468 Quam
949 2431 1028 2462 belle
1045 2430 1143 2462 vicem
1162 2430 1327 2461 reddidisti
1345 2430 1350 2459 !
1374 2435 1405 2460 at
1416 2429 1483 2470 jam
1510 2440 1579 2470 quae
1606 2440 1654 2460 se-

183 2488 322 2525 quuntur
337 2485 550 2526 expediamus.
596 2486 651 2517 So.
678 2485 793 2517 Nonne
819 2486 932 2517 famem
960 2491 1054 2528 atque
1081 2485 1162 2516 sitim
1181 2491 1212 2516 et
1227 2483 1407 2525 hujusmodi
1426 2483 1521 2513 multa
1537 2494 1653 2514 concu-

183 2538 355 2579 piscentias
371 2539 522 2580 quasdam
538 2550 605 2570 esse
621 2540 758 2570 diximus
773 2539 783 2569 ?
832 2541 919 2571 Pno.
942 2539 1094 2571 Maxime.
1139 2540 1195 2571 So.
1217 2538 1272 2570 Ad
1289 2538 1439 2580 quidnam
1457 2537 1539 2569 idem
1557 2538 1654 2579 respi-

184 2591 317 2634 cientes,
332 2603 379 2624 res
393 2593 473 2624 adeo
489 2593 623 2624 diversas
635 2605 698 2625 uno
712 2594 837 2626 nomine
854 2594 1095 2636 nuncupamus?
1141 2594 1231 2625 Pno.
1255 2592 1317 2623 Per
1330 2593 1454 2629 Jovem,
1466 2593 1548 2623 haud
1562 2592 1655 2624 facile

184 2646 284 2682 dictu,
307 2657 326 2677 ο
357 2646 514 2688 Socrates,
531 2647 700 2679 dicendum
727 2653 842 2680 tamen.
890 2648 946 2680 So.
970 2648 1023 2679 Ab
1039 2648 1156 2679 eisdem
1183 2657 1285 2678 rursus
1313 2646 1519 2678 exordiamur.
1566 2645 1653 2677 Pno.

185 2699 330 2737 Quibus?
376 2701 432 2733 So.
456 2701 641 2733 Dicimusne
667 2702 752 2734 sitire
772 2703 932 2744 aliquem?
980 2702 1070 2734 Pno.
1094 2701 1253 2733 Dicimus.
1299 2700 1357 2733 So.
1381 2700 1454 2731 Hoc
1478 2705 1581 2730 autem
1608 2705 1656 2730 est

184 2755 367 2786 exhaustum
392 2756 482 2787 esse?
529 2756 614 2787 Pno.
640 2756 784 2793 Quidni?
831 2757 887 2788 So.
911 2756 954 2787 Et
981 2757 1046 2787 sitis
1071 2755 1332 2797 concupiscentia
1357 2754 1428 2786 est?
1474 2754 1560 2785 I'no.
1587 2753 1655 2784 Est.

186 2809 243 2840 So.
266 2809 475 2840 Potionisne?
522 2810 609 2841 Pno.
634 2810 790 2843 Potionis.
835 2810 890 2842 So.
916 2811 969 2841 An
997 2821 1060 2840 non
1083 2810 1264 2851 repletionis
1304 2807 1378 2849 [35]
1404 2806 1521 2848 potus?
1567 2806 1655 2841 PRO.

186 2862 292 2903 Hujus
303 2868 397 2895 certe.
443 2863 498 2894 So.
524 2864 650 2895 Vacuus
668 2864 761 2905 igitur
784 2869 816 2896 et
840 2865 1007 2896 exhaustus
1021 2864 1174 2896 contraria
1190 2873 1309 2899 eorum,
1326 2872 1396 2903 quae
1414 2860 1540 2902 patitur,
1557 2869 1654 2899 appe-

186 2916 236 2947 tit.
258 2927 328 2950 nam
344 2928 414 2950 cum
433 2928 547 2951 vacuus
563 2919 613 2957 sit,
629 2919 752 2961 impleri
766 2919 865 2961 cupit.
913 2920 1001 2951 Pno.
1024 2918 1228 2951 Manifestum
1243 2922 1289 2949 est
1305 2916 1442 2948 onmino.
1488 2914 1544 2944 So.
1568 2913 1654 2949 Quid
