1840 3225
182 230 259 268 418
815 227 1081 269 PLAToNJs
1541 229 1641 280 [902

183 338 291 364 tamen
305 331 396 362 facile
424 332 606 373 placabiles,
629 332 707 363 alter
731 331 764 362 in
787 331 879 362 rebus
901 331 1002 374 parvis
1026 331 1221 372 negligentes
1248 334 1361 372 putat3
1392 330 1571 372 pimumque
1599 331 1645 362 sic

181 387 412 427 interrogentur
428 398 434 415 ε
467 386 558 417 ambo
574 386 662 417 Deos
677 386 814 417 asseritis
829 386 919 423 scire,
936 386 1041 417 videre
1057 385 1224 426 audireque
1251 386 1370 421 omnia,
1394 385 1535 426 nihilque
1559 385 1644 426 ipsos

184 440 323 481 effugere
340 450 430 482 posse
446 450 644 481 eoru1n‚quae
670 447 724 471 aut
744 450 838 471 sensu
863 446 919 471 aut
942 441 1105 471 intellectu
1130 439 1365 482 percipiuntur?
1409 440 1520 470 haecne
1541 439 1586 470 ita
1609 450 1643 470 se

182 494 298 535 habere
312 493 434 525 dicitis?
462 505 500 525 an
514 495 623 525 aliter?
640 495 694 527 sic.
711 495 827 526 deinde
844 495 947 526 omnia
961 505 1015 526 eos
1026 505 1131 537 posse,
1147 504 1343 535 quaecunque
1354 493 1502 525 mortales
1518 493 1642 524 immor-

183 548 302 580 talesve
314 549 468 590 possunt?
514 549 592 581 CLI.
614 549 742 591 Absque
763 549 858 580 dubio
882 550 925 580 ita
938 560 1008 581 esse
1023 550 1212 581 concedent.
1256 547 1395 580 Arum«.
1412 548 1518 578 Bonos
1533 548 1645 584 etiam,

185 601 281 634 immo
297 605 433 644 optimos
447 614 526 640 esse,
541 604 680 646 quinque
694 604 826 636 confessi
838 615 956 636 sumus.
1001 605 1077 636 CLt.
1101 603 1253 635 Omnino.
1296 602 1436 635 Arm-21«.
1460 602 1558 633 Nulla
1570 612 1644 644 ergo

186 657 322 699 pigritia,
338 658 426 689 nulla
442 658 571 689 mollitie
587 659 659 700 capi
674 668 726 689 eos
748 659 914 700 possibile:
942 658 1196 701 quandoquidem
1222 658 1302 689 tales
1330 663 1415 692 sunt,
1439 657 1549 698 quales
1574 667 1645 688 esse

185 713 413 743 consensimus.
447 723 519 743 nam
545 723 563 743 a
594 713 761 744 timiditate
792 714 824 745 in
846 714 937 744 nobis
963 715 1064 744 otium
1088 713 1243 744 nascitur:
1273 711 1398 754 pigritia
1422 722 1496 742 vero
1518 711 1557 742 ab
1581 712 1656 742 otio*

185 772 281 808 atque
295 767 439 800 mollitie.
485 767 563 799 CLI.
587 767 672 798 Vera
687 768 833 809 loqueris.
879 767 1019 798 Arnen.
1043 767 1158 798 Nullus
1173 777 1247 808 ergo
1260 766 1400 797 Deorum
1415 766 1480 796 otio
1504 765 1645 807 pigritia-

188 830 250 861 que
262 827 424 862 corruptus
439 821 609 863 quicquam
624 822 767 863 negligit,
784 822 897 853 nullius
910 822 996 853 enim
1011 821 1188 853 timiditatis
1202 821 1293 852 Deus
1308 825 1357 850 est
1370 820 1538 861 particeps.
1569 819 1647 851 Cu.

184 873 300 907 Probe.
341 875 437 917 [902]
485 875 623 906 Arnen.
658 875 741 917 Ergo
762 876 959 916 relinquitur,
986 876 1011 906 si
1034 885 1145 916 parvas
1168 884 1348 916 paucasque
1373 874 1404 904 in
1426 874 1570 904 universo
1594 883 1644 904 res

184 929 362 970 negligunt,
375 935 410 960 ut
423 930 469 960 ita
484 930 656 971 negligant,
672 935 726 960 aut
738 931 813 971 quia
838 929 1071 961 contemnenda
1093 929 1148 960 illa
1172 939 1242 959 esse
1265 928 1389 959 sciunt:
1420 933 1473 958 aut
1493 927 1643 968 quidnam

184 982 272 1013 aliud
286 983 437 1024 reliquum
453 989 501 1014 est
512 993 604 1025 quam
620 983 711 1025 hujus
728 984 936 1015 contrarium?
983 983 1060 1015 CLt.
1082 983 1172 1014 Nihil
1188 982 1326 1024 penitus.
1368 981 1508 1013 Arum.
1529 981 1643 1012 Utrum

185 1047 271 1077 ergo,
290 1047 308 1067 o
330 1038 376 1067 vir
398 1037 521 1074 eximie,
546 1045 578 1068 te
605 1037 709 1069 dicere
729 1038 975 1070 affirmabimus?
999 1048 1038 1069 an
1065 1037 1150 1079 quod
1169 1042 1297 1079 propter
1323 1035 1542 1077 ignorantiam,
1572 1046 1645 1066 cum

184 1091 349 1132 providere
366 1091 515 1129 debeant,
531 1102 595 1123 non
607 1092 817 1134 provideant?
841 1103 893 1129 an,
916 1092 1001 1123 sicut
1021 1092 1181 1133 improbos
1202 1091 1348 1122 homines
1363 1091 1499 1122 dicimus
1513 1089 1646 1121 meliora

185 1145 316 1185 quidem
330 1146 449 1183 videre,
465 1147 523 1177 sed
536 1147 699 1188 voluptate
713 1152 768 1178 aut
783 1147 891 1177 dolore
907 1146 1025 1178 fractos
1040 1146 1199 1178 deteriora
1214 1146 1316 1187 sequi,
1331 1145 1377 1177 sic
1389 1145 1490 1181 Deos,
1502 1144 1648 1186 quamvis

185 1200 288 1237 sciant
302 1200 534 1241 providendum
549 1211 632 1237 esse,
649 1201 796 1232 similiter
810 1211 874 1232 non
890 1201 1057 1243 providere
1071 1202 1082 1230 ἔ
1115 1201 1193 1232 Cu.
1207 1200 1376 1238 Quomodo
1390 1199 1424 1230 id
1438 1199 1505 1230 fieri
1517 1199 1648 1240 potest?

184 1254 322 1285 Arnim.
345 1255 506 1286 Praeterea
519 1266 571 1286 res
586 1256 730 1286 humanae
749 1256 883 1286 viventis
896 1261 1018 1286 naturae
1033 1255 1208 1297 participes
1223 1260 1317 1286 sunt:
1341 1260 1375 1285 et
1389 1255 1483 1285 homo
1498 1254 1566 1295 ipse
1581 1263 1647 1295 prae

184 1308 300 1339 ceteris
328 1309 517 1340 animalibus
547 1309 613 1340 Dei
642 1310 745 1341 cultor
773 1310 1035 1351 diligentissimus
1065 1315 1126 1342 est.
1181 1310 1257 1342 CL1.
1292 1308 1450 1351 Apparet.
1503 1307 1646 1339 Aruns.

183 1361 272 1403 Quin
297 1365 393 1393 etiam
419 1363 564 1394 mortalia
589 1369 706 1395 cuncta
721 1365 860 1395 viventia
876 1375 894 1394 a
909 1364 983 1394 Diis
999 1364 1067 1395 fieri
1081 1363 1313 1406 possiderique,
1329 1362 1596 1405 quemadmodum
1612 1368 1647 1394 et

183 1417 298 1447 coelum
313 1417 508 1455 universum,
524 1418 671 1449 dicimus.
717 1418 793 1449 Cn.
815 1418 932 1449 Procul
961 1418 1069 1449 dubio.
1117 1417 1255 1449 Arum«.
1277 1418 1351 1450 Jam
1373 1427 1460 1459 ergo,
1476 1428 1534 1448 seu
1549 1426 1647 1459 parva

181 1470 248 1510 liaec
276 1469 343 1501 sive
370 1481 486 1513 magna
514 1471 585 1513 quis
611 1471 726 1502 dixerit
755 1472 826 1502 Diis
847 1482 928 1509 esse,
954 1472 1042 1503 nullo
1058 1472 1164 1508 modo,
1181 1483 1252 1504 cum
1267 1471 1534 1513 providentissimi
1547 1476 1644 1512 atque

181 1524 293 1564 optimi
316 1524 390 1561 sint,
414 1526 606 1567 negligenda
628 1526 688 1556 sibi
713 1537 770 1557 sua
792 1526 953 1568 possessio
969 1531 1028 1557 est.
1052 1526 1108 1557 sed
1122 1527 1207 1557 istud
1223 1532 1378 1568 praeterea
1393 1526 1645 1557 consideremus.

179 1578 256 1611 CLr.
279 1578 440 1615 Quidnam
457 1580 468 1610 ?
515 1580 652 1611 Anum.
675 1580 761 1611 Num
776 1590 889 1611 sensus
904 1586 937 1611 et
951 1591 1003 1611 res
1019 1581 1176 1611 contrario
1189 1581 1272 1611 inter
1293 1591 1327 1611 se
1343 1580 1438 1611 modo
1453 1579 1493 1610 ad
1509 1580 1644 1611 facilita-

179 1636 308 1673 temque
325 1633 606 1674 difficultatemque
621 1645 654 1665 se
670 1635 855 1665 naturaliter
870 1635 1018 1666 habeant.
1065 1635 1142 1666 cm.
1166 1635 1253 1672 Quid
1266 1635 1312 1665 ais
1329 1634 1340 1664 ?
1379 1635 1516 1665 Arnas.
1540 1634 1645 1665 Parva

180 1686 301 1728 quippe
329 1686 488 1718 difficilius
516 1698 611 1728 quam
639 1699 752 1730 magna
779 1689 927 1719 videntur
953 1695 987 1720 et
1015 1689 1196 1720 audiuntur.
1215 1689 1338 1720 facillus
1362 1695 1470 1720 autem
1491 1694 1644 1720 tenentur

179 1739 384 1781 ferunturque
410 1747 442 1772 et
466 1741 667 1783 provide-ntia
683 1743 897 1784 gubernantur
919 1754 1017 1785 parva
1038 1744 1145 1774 omnia
1158 1750 1192 1775 et
1206 1754 1319 1785 pauca,
1334 1753 1429 1784 quam
1442 1753 1552 1774 eorum
1567 1753 1644 1774 con-

179 1793 285 1837 traria.
330 1795 408 1826 CL1.
430 1795 523 1827 Certe
554 1797 655 1827 multo
681 1797 818 1829 facilius.
863 1797 1000 1830 Aram.
1026 1798 1114 1835 Quid
1142 1809 1215 1829 vero
1232 1798 1241 1828 ἓ
1266 1809 1340 1829 cum
1366 1797 1511 1829 medicus
1539 1803 1643 1829 totum

178 1842 419 1890 corpus'curare
434 1850 512 1880 velit
526 1861 561 1882 ae
578 1851 689 1892 possit,
707 1852 733 1883 si
749 1852 870 1893 magnis
894 1851 1080 1893 providerit,
1107 1863 1203 1894 parva
1229 1853 1469 1894 contempserit,
1495 1863 1535 1883 an
1559 1852 1642 1883 bene

177 1901 251 1932 huic
267 1913 408 1943 unquam
419 1914 451 1934 se
465 1909 565 1935 totum
580 1905 706 1936 habebit
723 1906 733 1936 ?
781 1906 857 1937 Cu.
880 1906 1065 1948 Nunquam.
1110 1906 1249 1939 Arum«.
1271 1907 1333 1938 Sed
1346 1917 1405 1938 nec
1419 1906 1643 1948 gubernatores

178 1965 236 1986 nec
250 1956 456 1998 imperatores
470 1969 529 1989 nec
544 1960 786 2001 patresfamilias
801 1972 904 2002 neque
918 1961 1080 1992 civitatum
1091 1961 1316 2001 moderatores,
1330 1972 1434 2002 neque
1449 1961 1505 1992 ulli
1515 1961 1644 1993 omnino

177 2010 269 2047 tales,
284 2012 390 2051 paucis
405 2012 569 2054 parvisque
586 2014 749 2055 neglectis,
765 2021 850 2046 recte
867 2016 967 2046 multa
981 2022 1013 2046 et
1026 2016 1169 2057 ingentia
1183 2016 1414 2057 gubernabunt.
1427 2026 1502 2046 nam
1517 2016 1643 2058 lapides

176 2074 300 2108 quoque
325 2076 456 2107 magnos
481 2066 548 2098 sine
575 2069 679 2109 parvis
702 2070 782 2100 bene
807 2069 884 2100 strui
899 2076 1018 2111 negant
1033 2071 1207 2102 architecti.
1252 2070 1329 2102 Cu.
1351 2070 1458 2102 Certe.
1501 2069 1642 2101 Arm-in.

177 2118 353 2149 Caveamus
379 2126 496 2156 autem,
525 2131 565 2152 ne
589 2122 695 2153 Deum
721 2124 904 2154 mortalibus
927 2124 1093 2165 opificibus
1117 2124 1259 2155 viliorem
1287 2130 1448 2166 putemus.
1468 2125 1522 2156 isti
1551 2134 1642 2160 sane,

174 2177 293 2213 quanto
307 2173 474 2214 peritiores
489 2180 573 2211 sunt,
588 2180 677 2206 tanto
693 2182 760 2207 arte
776 2187 840 2208 una
855 2177 887 2208 iu
903 2179 1039 2219 propriis
1052 2180 1192 2219 ipsorum
1208 2180 1356 2220 operibus
1372 2185 1405 2209 et
1426 2189 1524 2220 parva
1544 2178 1639 2209 simul

174 2232 207 2256 et
222 2237 335 2268 magna
346 2228 532 2269 exquisitius
547 2229 784 2271 absolutiusque
802 2231 968 2271 perficiunt
985 2243 992 2261 :
1018 2232 1109 2263 Deus
1121 2243 1206 2269 vero,
1219 2232 1273 2274 qui
1284 2233 1532 2274 sapientissimus
1544 2238 1593 2264 est
1607 2239 1642 2264 et

173 2291 283 2312 curare
299 2286 406 2322 potest
419 2293 454 2312 ac
471 2283 547 2319 vult,
574 2283 670 2326 [903]
696 2285 816 2326 magnis
841 2285 970 2326 quidem
994 2286 1172 2327 providebit
1194 2287 1307 2322 solum,
1323 2297 1420 2328 parva
1431 2292 1550 2322 autem.
1565 2298 1637 2329 quae

172 2334 297 2366 facilius
313 2336 480 2376 gubernari
495 2343 638 2378 possunt,
656 2344 785 2380 propter
801 2339 961 2380 pigritiam
988 2345 1020 2370 et
1042 2340 1200 2381 ignaviam
1226 2341 1389 2382 negiiget?
1437 2341 1514 2372 CL1.
1538 2341 1642 2372 Nullo

174 2388 268 2419 modo
283 2390 374 2425 lianc,
391 2390 515 2432 hospes,
531 2392 571 2421 de
585 2391 656 2422 Diis
679 2392 862 2433 opinionem
877 2393 1105 2425 admittendam
1123 2400 1283 2435 putamus.
1298 2395 1420 2426 nefaria
1431 2395 1517 2426 enim
1527 2396 1593 2426 haec
1605 2402 1641 2426 et.

171 2443 253 2474 falsa
267 2444 393 2485 penitus
408 2446 567 2486 cogitatio.
612 2446 751 2478 Arnim.
773 2448 855 2478 Satis
875 2448 941 2490 jam
956 2448 1106 2480 adversus
1120 2460 1203 2487 eum,
1220 2450 1274 2491 qui
1288 2450 1492 2492 negligentiae
1507 2449 1638 2481 crimine

174 2497 262 2528 Deos
292 2498 427 2536 incusat,
457 2499 637 2541 disputasse
669 2500 826 2534 videmur.
887 2502 964 2534 Cu.
1001 2503 1108 2535 Certe.
1163 2503 1304 2536 ArnssN.
1340 2504 1460 2535 Verum
1489 2504 1641 2535 hactenus

172 2552 404 2592 quodammodo
425 2554 546 2585 ratione
563 2555 725 2596 coegimus
743 2567 750 2585 ε
776 2562 812 2587 ut
825 2556 905 2587 falsa
920 2567 952 2588 se
968 2558 1088 2599 opinari
1105 2558 1320 2590 confiteretur.
1342 2558 1485 2599 indigere
1511 2568 1639 2599 quoque

172 2607 387 2645 persuasione,
415 2618 477 2649 qua
505 2609 603 2640 veluti
632 2616 727 2642 cantu
749 2610 887 2652 quodam
914 2611 1066 2653 capiatur,
1090 2613 1246 2645 existimo.
1290 2612 1367 2643 Cu.
1391 2612 1546 2650 Quaenam
1570 2613 1639 2643 lia-c

169 2660 329 2700 persuasio
344 2667 392 2692 est
407 2662 417 2692 ?
448 2662 586 2694 ArnuN.
608 2664 691 2695 Huic
707 2665 901 2696 adolescenti
917 2666 1159 2707 persuadeamus
1174 2678 1258 2704 eum,
1273 2666 1329 2708 qui
1345 2666 1399 2697 toti
1422 2666 1579 2707 providet,
1595 2667 1637 2697 ad

171 2713 317 2744 virtutem
340 2716 536 2758 salutemque
551 2719 648 2749 totius
663 2719 768 2750 onmia
783 2720 940 2757 ordinare,
957 2721 1049 2762 cujus
1063 2732 1136 2762 pars
1158 2732 1291 2763 quaeque
1317 2731 1372 2762 pro
1396 2721 1524 2756 viribus,
1549 2720 1636 2762 quod

167 2767 227 2800 sibi
256 2770 416 2806 convenit,
441 2771 506 2812 agit
531 2777 563 2802 et
591 2773 733 2814 patitur:
757 2779 851 2815 atque
877 2775 924 2804 his
942 2775 1074 2817 singulis
1104 2776 1266 2817 praepositi
1289 2775 1448 2816 principes
1474 2781 1557 2811 sunt,
1579 2772 1636 2816 qul

167 2822 366 2853 minimarum
381 2825 477 2855 etiam
489 2827 648 2858 actionum
665 2829 920 2871 passionumque,
936 2840 992 2871 per
1005 2830 1146 2872 singulas
1162 2836 1194 2861 et
1210 2835 1364 2860 extremas
1379 2829 1516 2859 universi
1534 2829 1633 2870 parti-

164 2877 253 2915 culas
268 2878 493 2909 distributione
523 2882 561 2910 ad
592 2883 737 2913 ultimum
756 2894 855 2924 usque
873 2891 1011 2925 peracta,
1027 2895 1136 2916 curam
1152 2884 1280 2915 habent.
1303 2893 1434 2924 quarum
1453 2894 1515 2914 una
1531 2889 1596 2916 tua.
1612 2894 1632 2913 o

163 2930 266 2968 miser,
279 2931 432 2974 particula
447 2939 505 2971 est,
518 2945 589 2976 quse
606 2943 637 2967 et
653 2937 692 2968 ad
709 2942 808 2970 totum
824 2949 948 2980 semper
961 2939 1100 2981 respicit,
1117 2939 1256 2980 quantivis
1270 2937 1398 2970 minima
1422 2937 1474 2969 sit.
1501 2943 1533 2968 tu
1559 2947 1635 2968 vcro
