1840 3225
165 217 235 268 62]
753 214 1041 255 PH1LEBUS.
1593 219 1642 258 27

167 321 263 358 mina,
279 322 395 353 bonum
411 326 441 352 et
455 319 645 363 jucundum,
661 318 763 350 eidem
790 324 909 349 natnrae
936 329 1122 360 congruere.
1165 320 1309 351 Socrates
1335 326 1439 352 autem
1456 322 1589 363 primum
1607 324 1639 355 id

167 386 235 407 esse
251 375 377 406 minime
392 375 496 416 inquit
510 387 517 405 :
544 378 641 415 utque
657 373 720 403 duo
737 373 865 403 nomina
880 378 966 413 sunt,
986 373 1103 403 bonum
1130 378 1224 415 atque
1246 375 1436 416 jucundum,
1453 376 1530 407 duas
1546 378 1638 409 etiam

167 429 347 460 differentes
362 439 429 459 esse
445 433 580 458 naturas.
602 427 678 468 quin
696 427 792 457 etiam
809 426 996 468 sapientiam
1011 427 1109 468 magis
1126 437 1218 468 quam
1237 429 1434 471 voluptatem
1453 430 1526 460 boni
1543 431 1639 472 parti-

165 484 270 525 cipem
285 494 364 515 esse.
409 482 526 513 Nonne
544 483 622 518 haec,
639 492 658 512 o
674 481 857 521 Protarche,
874 486 947 511 sunt
961 491 1031 522 quae
1048 481 1256 513 dicebantur?
1294 484 1382 515 PRO.
1405 484 1558 515 Maxime.
1582 485 1640 517 So.

166 537 239 570 Hoc
253 548 387 580 quoque.
404 542 437 568 et
463 542 538 568 tunc
561 542 593 567 et
615 536 647 566 in
672 535 838 577 praesentia
863 536 1068 567 concessione
1095 536 1252 577 dignum?
1298 538 1384 569 Pno.
1409 538 1536 575 Quale?
1582 539 1639 571 So.

166 592 270 633 Ipsius
299 591 374 622 boni
398 596 539 623 naturam
568 592 627 621 boc
658 590 817 631 praecipue
845 589 886 620 ab
915 589 983 620 aliis
1013 589 1200 630 discrepare.
1248 591 1336 622 Pno.
1359 592 1533 628 Quonam?
1578 593 1636 624 So.

168 645 354 686 Cuieunque
371 646 432 676 hoc
449 645 537 675 adest
551 655 589 675 ex
604 644 784 675 viventibus
800 653 922 684 semper
935 648 967 673 et
982 643 1111 674 omnino
1127 649 1158 674 et
1182 645 1333 686 undique,
1351 646 1382 675 id
1399 646 1486 677 nullo
1511 647 1570 677 alio
1586 647 1636 677 in-

167 699 267 740 diget,
294 699 528 740 perfectamque
553 697 770 729 sufficientiam
793 697 946 730 continet.
969 697 1079 728 itane?
1128 698 1215 729 Pno.
1248 698 1299 729 Ita
1329 709 1463 740 prorsus.
1509 701 1563 731 So.
1587 701 1639 732 An

166 763 230 784 non
247 753 366 785 ratione
381 753 451 794 ipsa
467 752 573 784 conati
587 763 704 790 sumus,
722 752 851 782 alterum
869 762 1005 782 seorsum
1022 757 1176 793 ponentes
1202 753 1240 783 ab
1267 754 1376 790 altero,
1392 754 1511 785 scilicet
1528 755 1640 796 volup·

168 812 262 838 tatem
278 818 414 838 seorsum
426 818 450 839 ,a
465 807 630 848 sapientia,
648 813 742 849 atque
758 817 921 845 converso,
937 817 977 837 ne
1006 807 1167 837 minimum
1196 807 1323 848 quidem
1351 808 1529 849 participet,
1546 809 1589 840 sic
1605 809 1638 840 in

165 863 259 893 vitam
277 862 429 904 cujusque
446 863 622 904 respicere?
670 862 758 892 Pno.
782 861 886 892 Certe.
932 861 989 893 So.
1013 852 1167 892 Visumne
1183 868 1258 893 tunc
1273 862 1364 893 nobis
1388 874 1425 894 ex
1451 864 1499 894 his
1523 864 1638 895 alteru-

165 922 246 947 trum
263 916 418 948 sufficiens
434 917 525 947 esse?
573 916 661 947 Pno.
685 915 728 946 Et
742 926 804 957 quo
819 915 914 946 modo
932 915 961 945 id
981 915 1079 946 videri
1095 916 1264 946 debuerit?
1310 917 1366 948 So.
1390 918 1485 954 Quod
1512 918 1538 949 si
1561 919 1638 959 quid

164 971 244 1002 sorte
262 976 336 1002 tunc
349 971 522 1002 aberratum
539 971 610 1008 fuit,
627 981 711 1002 nunc
727 971 837 1001 saltem
853 980 1011 1001 resumens
1025 970 1137 1011 aliquis
1154 971 1268 1002 rectius
1290 978 1444 1003 asseveret
1463 985 1469 1002 :
1498 973 1639 1004 memori-

165 1036 226 1062 am,
243 1025 417 1062 scientiam,
434 1025 634 1067 sapientiam,
650 1035 752 1056 veram
777 1024 958 1066 opinionem
975 1036 985 1063 ;
1007 1023 1214 1066 ejusdemque
1238 1025 1319 1056 ideae
1345 1037 1478 1067 ponenS,
1494 1027 1640 1059 conside-

165 1089 298 1120 ransque
313 1085 414 1110 utrum
432 1080 550 1121 absque
566 1080 632 1111 istis
649 1080 762 1120 aliquis
780 1079 828 1110 vel
847 1090 879 1110 se
895 1079 943 1110 vel
961 1079 1056 1110 alium
1074 1090 1142 1110 esse
1157 1091 1285 1122 quoquo
1310 1081 1416 1118 modo,
1433 1087 1488 1113 aut
1511 1082 1576 1113 fieri
1600 1082 1640 1112 sit

165 1133 333 1170 electurus,
350 1134 466 1165 nedum
484 1134 677 1176 voluptatem
701 1145 755 1165 seu
782 1134 944 1175 plurimam
969 1144 1022 1164 seu
1043 1134 1348 1165 vehementissimam
1375 1135 1441 1166 sine
1465 1136 1502 1166 iis
1525 1136 1639 1177 eligere

165 1188 291 1219 debeat.
334 1188 496 1230 Siquidem
520 1189 568 1220 his
592 1190 732 1231 privatus
759 1199 862 1230 neque
887 1199 991 1219 revera
1016 1188 1151 1229 gaudere
1175 1199 1208 1219 se
1240 1189 1433 1230 opinabitur,
1449 1200 1551 1231 neque
1576 1201 1639 1231 qua

165 1242 348 1274 conditione
364 1243 496 1274 affectus
510 1244 562 1283 sit,
580 1248 701 1284 noscet,
722 1254 826 1285 neque
842 1243 974 1274 affectus
991 1243 1088 1284 ipsius
1106 1243 1283 1274 memoriam
1300 1254 1356 1284 per
1371 1248 1493 1285 tempus
1510 1243 1639 1285 aliquod

165 1297 346 1329 reservabit.
393 1297 512 1328 Eadem
530 1309 657 1340 qnoque
673 1298 713 1329 de
730 1298 886 1340 sapientia
902 1298 988 1329 dicas
1005 1309 1011 1328 :
1038 1297 1123 1328 Num
1141 1297 1297 1339 quispiam
1315 1298 1422 1339 procul
1439 1299 1478 1329 ab
1492 1298 1577 1329 omni
1592 1298 1640 1329 vel

163 1352 292 1383 minima
308 1352 471 1394 voluptate
494 1353 680 1395 sapientiam
709 1353 853 1395 adipisci,
870 1363 963 1394 quam
989 1363 1060 1384 cum
1077 1353 1291 1394 voluptatibus
1315 1353 1501 1394 quibusdam
1530 1353 1637 1383 malit:

162 1412 218 1438 aut
234 1407 408 1449 voluptates
423 1418 532 1439 omnes
559 1408 626 1439 sine
653 1408 808 1450 sapientia
831 1408 937 1449 potius
960 1417 1052 1449 quam
1077 1417 1147 1438 cum
1172 1406 1326 1448 sapientia
1343 1407 1504 1448 quadam?
1550 1407 1638 1439 Pno.

163 1461 289 1503 Nullus,
305 1472 324 1493 o
341 1462 495 1494 Socrates.
518 1468 722 1494 veruntamen
738 1463 781 1493 nil
799 1473 880 1504 opus
906 1467 954 1493 est
980 1463 1048 1493 haec
1073 1461 1189 1492 totiens
1211 1460 1278 1502 jam
1304 1467 1455 1503 repetere.
1482 1460 1556 1504 [61]
1582 1461 1639 1493 So.

164 1517 366 1558 Quapropter
380 1517 488 1548 horum
506 1522 650 1548 neutrum
667 1517 841 1558 perfectum
856 1525 888 1548 et
904 1516 1049 1547 omnibus
1074 1516 1285 1557 expetendum
1310 1526 1347 1546 ac
1370 1516 1494 1557 penitus
1511 1517 1642 1546 bonum.

162 1570 247 1601 Pno.
272 1570 438 1602 Neutrum.
483 1571 540 1603 So.
566 1571 634 1602 Aut
649 1572 742 1612 igitur
752 1572 868 1602 bonum
885 1571 987 1612 ipsum
1005 1571 1184 1613 perspicue,
1201 1575 1255 1601 aut
1271 1570 1398 1611 figuram
1416 1569 1484 1610 ejus
1500 1570 1639 1611 aliquam

164 1635 286 1656 sumere
302 1625 396 1657 decet
411 1638 418 1656 ε
445 1630 491 1663 ut,
507 1627 774 1668 quemadmodum
791 1626 937 1663 diximus,
954 1626 1006 1656 cui
1033 1625 1229 1666 potissimum
1255 1624 1402 1656 secundae
1430 1628 1526 1655 sortes
1542 1624 1639 1654 tribu-

163 1679 256 1710 endae
279 1679 354 1716 sint,
368 1680 542 1712 videamus.
591 1681 682 1712 Pno.
706 1680 791 1711 Scite
815 1680 986 1710 admodum
1011 1678 1158 1720 loqueris.
1203 1679 1259 1710 So.
1284 1678 1426 1709 An.non
1442 1678 1582 1709 semitam
1599 1678 1640 1708 ad

165 1734 281 1764 bonum
305 1733 409 1774 ipsum
437 1735 594 1775 quandam
620 1735 753 1776 ingressi
779 1735 908 1765 sumus?
956 1734 1041 1765 Pno.
1066 1734 1194 1770 Quam?
1241 1733 1297 1765 So.
1321 1733 1354 1763 Si
1380 1733 1450 1774 quis
1481 1733 1638 1763 hominem

163 1787 299 1828 aliquem
315 1798 469 1830 quaerens,
485 1789 612 1819 domum
624 1795 723 1830 ‘quam
740 1788 906 1825 inhabitat,
923 1787 1055 1829 primurn
1072 1787 1233 1823 didicerit,
1249 1785 1473 1817 adminiculum
1499 1797 1573 1817 sane
1597 1787 1637 1817 ad

163 1852 233 1872 eum
248 1841 471 1873 inveniendum
487 1843 600 1883 ingens
627 1841 765 1873 habebit.
811 1842 898 1873 Pno.
923 1841 1072 1878 Quidni?
1118 1842 1173 1873 So.
1199 1841 1246 1872 ita
1270 1846 1302 1872 et
1317 1852 1374 1871 nos
1390 1851 1526 1882 praesens
1542 1846 1639 1882 atque

163 1896 303 1938 superior
327 1897 405 1928 ratio
428 1897 562 1935 monuit,
578 1908 618 1928 ne
642 1898 673 1930 in
697 1897 833 1938 simplici
849 1897 924 1932 vita,
942 1897 996 1926 sed
1022 1895 1118 1926 mixta
1143 1896 1259 1926 bonurn
1286 1894 1388 1936 ipsum
1407 1895 1637 1936 indagaremus.

164 1949 252 1981 Pno.
275 1950 426 1984 Omnino.
474 1951 531 1983 So.
552 1952 631 1994 Spes
654 1956 793 1982 attamen
817 1950 943 1991 certior,
958 1950 990 1980 in
1015 1961 1053 1981 eo
1077 1950 1163 1991 quod
1190 1949 1318 1992 pulchre
1336 1949 1476 1986 mixtum,
1493 1959 1587 1991 quam
1603 1948 1636 1980 in

163 2004 324 2046 opposito,
354 2016 412 2036 nos
432 2007 517 2047 quod
540 2007 708 2048 quaerimus
739 2011 922 2048 reperturos.
970 2005 1057 2037 Pno.
1083 2004 1204 2037 Certior
1233 2014 1318 2036 sane.
1365 2004 1421 2035 So.
1447 2004 1637 2036 Misceamus

164 2058 269 2100 igitur,
285 2070 304 2090 o
321 2059 504 2097 Protarcho,
520 2061 579 2092 diis
595 2066 668 2092 ante
684 2065 846 2102 voventes,
862 2061 926 2091 sive
943 2060 1119 2102 Dionysius
1132 2060 1198 2091 sive
1212 2059 1372 2091 Vulcanus
1383 2059 1447 2090 sive
1461 2059 1540 2090 alius
1552 2060 1639 2101 quis-

164 2112 250 2154 piam
275 2114 404 2145 deorum
427 2115 552 2146 sortitus
578 2120 625 2146 est
648 2115 808 2146 mixtionis
835 2114 984 2146 officium.
1030 2114 1119 2146 Pno.
1142 2114 1192 2145 Ita
1219 2123 1342 2155 prorsus
1370 2114 1538 2155 agendum.
1581 2114 1637 2145 So.

165 2166 265 2209 Atqui
292 2169 394 2209 nobis,
422 2174 571 2211 tanquam
603 2170 710 2201 vinum
738 2170 940 2202 miscentibus
970 2169 1172 2211 quibusdam,
1202 2169 1307 2200 fontes
1336 2169 1473 2201 adstant.
1497 2174 1529 2199 et
1553 2168 1638 2199 melli

165 2222 294 2264 quidem
319 2223 490 2266 voluptatis
506 2226 624 2256 sontem
650 2236 830 2266 comparare
855 2225 927 2267 quis
954 2229 1077 2267 potest:
1102 2234 1208 2255 verum
1235 2222 1399 2265 sapientia:
1424 2223 1542 2254 sontem
1569 2223 1638 2254 sine

165 2277 229 2308 vini
253 2277 284 2309 vi
308 2279 457 2318 sobrium,
484 2290 574 2322 aquae
599 2280 737 2322 cuipiam
762 2279 826 2311 acri
850 2285 947 2322 atque
973 2279 1068 2311 etiam
1085 2278 1306 2310 saluberrimae.
1330 2279 1386 2309 hos
1402 2289 1476 2319 ergo
1501 2278 1637 2319 liquores

165 2342 259 2372 quam
297 2332 503 2374 pulcherrime
530 2334 562 2364 in
594 2345 690 2366 unum
730 2334 924 2366 confundere
957 2334 1149 2365 studeamus.
1197 2333 1285 2365 Pno.
1321 2333 1518 2364 Studendum
1543 2338 1638 2364 certe.

166 2386 223 2418 So.
248 2386 312 2418 Dic
339 2398 396 2429 age
424 2388 579 2430 primurn:
615 2389 639 2419 si
669 2400 793 2420 omnem
820 2389 1017 2431 voluptatem
1049 2399 1120 2421 cum
1152 2388 1238 2419 omni
1263 2387 1417 2429 sapientia
1439 2386 1636 2423 misceamus,

169 2451 243 2470 num
267 2441 397 2482 pulchre
429 2442 652 2484 junxerimus?
711 2444 799 2475 Pno.
830 2444 983 2475 Forsitan.
1046 2443 1103 2474 So.
1139 2443 1257 2474 Verum
1284 2442 1410 2473 minime
1437 2446 1549 2472 tutum.
1573 2450 1638 2481 quo

169 2499 274 2525 tamen
308 2501 400 2536 pacto
427 2497 567 2528 securius
592 2498 789 2535 misceamus,
820 2509 869 2529 me
892 2509 978 2530 nunc
1004 2498 1232 2529 declaraturum
1258 2497 1396 2528 confido.
1451 2495 1542 2528 Pno.
1577 2494 1640 2525 Dic

169 2549 341 2590 quomodo.
388 2549 445 2582 So.
470 2551 619 2584 Patuitne
635 2552 666 2584 in
684 2553 894 2595 superioribus
921 2553 983 2584 alia
998 2552 1143 2593 voluptas
1167 2551 1239 2591 alia,
1254 2561 1420 2592 rursusque
1435 2549 1566 2581 scientia
1581 2549 1641 2580 sci-

169 2603 256 2634 entia
271 2613 338 2635 esse
353 2604 522 2636 sincerior?
567 2606 658 2640 Pno.
682 2607 793 2639 Patuit
808 2608 913 2649 plane.
959 2607 1015 2638 So.
1039 2606 1178 2638 Scientia
1199 2615 1326 2646 quoque
1351 2615 1369 2636 a
1392 2604 1532 2636 scientim
1548 2603 1641 2634 diffe-

170 2667 240 2688 rens
255 2670 262 2688 ε
287 2663 320 2690 et
335 2658 430 2690 altera
446 2660 572 2701 quidem
589 2661 671 2693 circa
685 2662 741 2693 illa
757 2673 828 2704 quae
843 2668 876 2693 et
893 2662 1032 2693 oriuntur
1057 2666 1090 2692 et
1114 2660 1263 2692 occidunt
1277 2671 1285 2699 3
1309 2659 1404 2691 altera
1420 2659 1502 2690 circa
1517 2669 1553 2690 ea
1569 2668 1640 2699 quae

170 2722 273 2754 neque
289 2712 368 2743 finnt
383 2724 485 2756 neque
501 2714 671 2756 intereunt,
689 2727 874 2758 semperque
899 2717 1071 2748 secundum
1098 2715 1209 2745 eadem
1225 2714 1336 2745 eodem
1353 2714 1447 2744 modo
1463 2723 1496 2744 se
1511 2713 1639 2743 habent.

171 2765 278 2808 Atque
305 2768 398 2804 hanc,
423 2769 462 2799 ad
480 2769 639 2800 veritatem
666 2770 765 2811 ipsam
791 2771 1006 2812 respicientes,
1023 2770 1073 2801 illa
1091 2768 1240 2800 veriorem
1266 2779 1332 2800 esse
1349 2773 1504 2809 putamus.
1550 2766 1639 2797 Pno.

175 2819 276 2852 Recte
301 2822 481 2855 admodum.
529 2824 583 2855 So·
609 2824 640 2854 Si
668 2825 829 2867 utriusque
860 2826 1018 2868 portiones
1050 2824 1222 2855 verissimas
1248 2823 1381 2854 invicem
1406 2826 1641 2855 connectamus,

174 2875 315 2916 nunquid
333 2876 458 2907 istarum
474 2877 579 2909 mixtio
596 2879 750 2911 sufficiens
766 2881 822 2910 erit
839 2881 877 2910 ad
898 2881 991 2911 vitam
1018 2879 1107 2910 nobis·
1134 2878 1390 2919 optabilissimam
1407 2874 1612 2906 cxlnibcndmu
1629 2873 1639 2902 ?

174 2934 227 2959 aut
243 2929 303 2961 alio
321 2936 467 2973 praetcrea
485 2933 619 2975 quodam
638 2934 763 2966 alterius
779 2935 906 2967 rationis
935 2934 1117 2977 egebimus?
1145 2933 1218 2975 [62]
1245 2932 1331 2963 I’no.
1357 2931 1436 2961 Mihi
1455 2929 1580 2971 quidem
1598 2928 1640 2958 sic
