1840 3225
212 183 289 220 310
828 175 1092 216 PLATONIS
1567 174 1638 224 [67
1640 178 1663 214 3

209 285 392 324 provectum
408 279 515 317 suerit,
538 279 695 312 convenit.
718 279 776 311 hoc
793 289 881 321 porro
894 280 928 310 in
945 285 1094 322 tempore.
1116 290 1177 322 quo
1201 274 1399 321 prudentiam
1413 288 1500 310 suam
1522 278 1662 309 nondum

215 334 367 376 possidet,
382 334 459 366 furit
477 344 568 365 omne
582 338 616 365 et
629 333 697 364 sine
721 333 831 364 ordine
847 334 972 370 clamat,
989 340 1022 365 et
1042 334 1124 365 fastu
1140 335 1255 365 elatum
1271 333 1495 374 lasciviensque
1510 331 1592 363 salit.
1615 341 1662 362 re-

211 388 374 420 cordemur
389 394 504 424 autem,
520 388 601 430 quod
626 388 751 419 musicae
765 393 798 419 et
820 389 1024 430 gymnasticae
1039 389 1107 419 haec
1130 399 1196 420 esse
1218 387 1374 430 principia
1398 386 1543 418 diximus.
1586 384 1665 425 Crfr.

210 441 434 473 Recordamur.
478 441 616 473 Arnen.
639 441 755 472 Nonne
769 441 874 478 etiam,
888 442 970 483 quod
983 443 1102 473 numeri
1118 447 1150 473 et
1165 446 1336 473 concentus
1347 451 1471 472 sensum
1486 438 1576 470 nobis
1589 439 1665 470 solis

209 495 335 527 dedisse
348 497 408 527 hoc
424 496 612 538 principium
624 495 775 526 diximus?
799 495 982 537 Apollinem
991 507 1076 532 vero,
1089 503 1120 526 et
1133 497 1254 531 Musas,
1267 501 1299 527 et
1308 493 1508 537 Dionysium,
1521 494 1618 524 duces
1625 493 1666 524 ad

210 550 278 581 haec
293 550 382 581 nobis
396 561 465 582 esse
482 550 634 581 tributos?
680 550 757 582 CLI.
779 549 908 588 Utique.
951 550 1091 580 Arnen.
1113 549 1235 580 Vinum
1245 560 1331 586 vero,
1344 554 1378 580 ut
1386 549 1492 579 ferunt
1501 547 1605 584 multi,
1622 547 1662 577 ad

209 604 362 636 ultionem
377 604 554 636 hominibus
570 605 677 635 datum
694 609 752 640 est,
769 608 804 634 ut
817 604 976 634 insaniant
990 616 996 633 :
1022 609 1058 634 ut
1072 609 1177 634 autem
1199 614 1300 635 sermo
1323 603 1418 634 habet
1431 610 1546 638 noster,
1562 610 1664 632 reme-

208 657 336 689 diumet
346 659 547 691 medicinain
557 658 757 693 contrarium,
775 664 809 688 ut
817 658 939 688 animus
947 658 1073 700 quidem
1084 659 1247 699 pudorem,
1261 667 1374 699 corpus
1383 662 1490 687 autem
1498 655 1664 686 sanitatem

208 716 242 742 et
252 711 334 743 vires
345 712 549 754 adipiscatur.
594 712 672 744 Cu.
699 712 846 753 Egregie,
863 713 987 754 hospes,
1004 713 1193 754 superiorem
1209 712 1380 743 orationem
1404 709 1665 742 commemorasti.

209 765 348 797 Arum«.
370 767 432 798 Sed
440 767 507 809 jam
520 762 626 797 media
640 777 712 808 pars
726 776 844 803 eorum,
858 778 927 808 quae
940 768 978 797 ad
991 767 1134 798 choream
1153 767 1323 808 pertinent,
1333 766 1416 797 dicta
1433 771 1496 796 est:
1507 764 1664 806 reliquam

207 829 293 856 vero,
309 825 344 851 ut
368 821 504 857 videtur,
523 820 760 861 perficiemusne
778 831 817 850 an
834 821 1127 861 praetermittemus?
1174 822 1251 852 Cn.
1279 821 1441 857 Quasnam
1453 820 1533 850 dicis
1544 823 1661 860 pau-tes,

206 878 239 905 et
253 875 410 916 quomodo
424 875 548 916 partiris
560 880 704 915 utrasque
717 875 727 904 ?
752 874 889 905 Anum.
905 875 931 904 T
933 881 985 906 ota
992 875 1110 916 quippe
1126 876 1239 905 chorea
1251 875 1394 905 universa
1405 873 1498 904 nobis
1511 872 1596 903 dicta
1613 878 1662 902 est
1686 863 1691 866 ⁴

206 928 593 969 disciplina,cboreaevero
601 938 742 969 parsuna
755 928 788 958 in
799 938 874 959 voce
889 934 938 959 est
946 938 1003 969 per
1022 938 1168 959 numeros
1176 933 1207 958 et
1215 934 1396 959 concentus.
1441 926 1518 958 CL1.
1541 927 1593 957 Ita
1606 930 1664 957 est.

206 982 345 1014 Arnen.
368 981 479 1013 Altera
489 983 522 1012 in
533 983 670 1023 corporis
683 988 771 1013 motu
785 993 838 1023 per
850 993 1014 1012 numerum
1023 987 1115 1023 atque
1132 983 1270 1023 figuram.
1292 982 1349 1013 sed
1360 992 1524 1012 numerum
1533 981 1661 1022 quidem

207 1037 303 1068 habet
325 1047 396 1068 cum
425 1043 512 1068 motu
529 1037 613 1068 vocis
641 1047 849 1073 communem,
865 1037 994 1078 figuram
1020 1047 1093 1067 vero
1111 1037 1278 1077 propriam.
1299 1037 1332 1068 in
1358 1037 1457 1078 prima
1485 1040 1588 1066 autem
1604 1035 1662 1065 illa

206 1097 294 1132 parte
309 1096 419 1122 cantus
429 1091 497 1132 ipse
507 1091 592 1121 vocis
607 1096 654 1121 est
666 1096 776 1122 motus.
795 1091 891 1133 [673]
910 1092 987 1124 Cn.
1009 1091 1096 1122 Vera
1109 1101 1227 1122 narras.
1262 1090 1401 1122 Arnen.
1417 1090 1480 1121 Sed
1493 1089 1581 1121 vocis
1592 1089 1662 1131 qui-

205 1144 278 1176 dem
293 1145 441 1181 habitum,
455 1145 509 1186 qui
523 1144 563 1175 ad
579 1144 775 1186 disciplinam
791 1146 914 1176 virtutis
929 1145 1025 1176 animi
1049 1145 1203 1186 pervenit,
1218 1145 1325 1176 nescio
1339 1145 1494 1186 quomodo
1507 1145 1660 1175 musicam

203 1199 443 1230 nominavimus.
487 1198 563 1230 CLr.
586 1198 689 1230 Recte
714 1200 892 1231 admodum.
938 1200 1075 1231 Arnen.
1097 1200 1132 1230 Si
1153 1205 1257 1231 autem
1271 1200 1408 1241 corporis
1418 1199 1450 1230 in
1466 1199 1553 1234 ludo,
1565 1208 1660 1240 quem

202 1252 399 1284 saltationem
415 1252 652 1294 appellavimus,
669 1254 709 1284 ad
726 1255 865 1296 corporis
881 1265 979 1296 usque
995 1255 1141 1284 virtutem
1156 1254 1294 1295 attingit,
1311 1254 1507 1285 artificiosam
1523 1254 1604 1284 hanc
1620 1252 1660 1283 ad

201 1306 236 1337 id
249 1306 353 1348 ipsius
367 1306 588 1338 deductionem
605 1308 831 1349 gymnasticam
858 1309 1067 1339 nominemus.
1106 1308 1182 1339 Cm.
1207 1307 1402 1339 Rectissime.
1446 1307 1584 1338 Arnen.
1607 1307 1662 1338 De

205 1361 324 1392 musica
348 1361 487 1402 quidem,
502 1372 597 1402 quam
626 1361 758 1392 mediam
789 1363 910 1392 choreae
939 1368 1057 1403 partem
1085 1362 1233 1399 diximus,
1256 1362 1331 1392 satis
1355 1367 1460 1393 actum
1473 1361 1662 1402 putavimus,

202 1422 296 1457 atque
308 1415 353 1446 ita
364 1415 404 1445 de
420 1426 456 1446 ea
470 1415 509 1445 sit
524 1415 653 1446 dictum.
681 1426 776 1456 quare
789 1416 829 1446 de
843 1416 1035 1457 reliquajam
1051 1415 1189 1447 dicamus
1202 1428 1208 1446 ε
1227 1417 1275 1446 vel
1288 1416 1363 1457 quid
1376 1416 1531 1457 agendum
1545 1415 1555 1445 ?
1581 1414 1658 1446 Cu.

203 1470 233 1501 Ο
257 1470 303 1500 vir
325 1470 453 1511 optime,
475 1469 528 1510 qui
555 1480 623 1499 cum
652 1469 850 1500 Cretensibus
875 1475 908 1500 et
929 1469 1176 1501 Lacedaemoniis
1206 1470 1342 1506 disseris,
1359 1469 1484 1511 quando
1502 1470 1569 1512 jam
1584 1469 1659 1500 satis

203 1528 367 1554 tractatum
384 1523 422 1553 de
448 1524 564 1554 musica
581 1528 639 1560 est,
654 1523 710 1554 sed
726 1525 765 1555 de
790 1524 982 1565 gymnastica
1002 1525 1152 1555 hactenus
1176 1525 1315 1561 minime,
1330 1524 1480 1566 quidnam
1492 1534 1658 1565 responsu-

201 1589 270 1609 rum
298 1579 354 1609 tibi
384 1577 423 1608 ad
452 1578 724 1619 interrogationem
751 1578 926 1620 hujusmodi
951 1579 1101 1609 utrumvis
1125 1586 1264 1609 nostrum
1286 1580 1443 1609 existimas
1459 1579 1470 1608 ?
1520 1577 1660 1609 Arnen.

203 1632 373 1663 Affirmabo
397 1632 542 1673 equidem
569 1637 612 1668 te,
626 1642 694 1662 cum
722 1633 790 1663 liaec
815 1633 1062 1674 interrogaveris,
1079 1639 1184 1674 aperte
1203 1633 1268 1674 jam
1285 1634 1493 1675 respondisse.
1513 1633 1660 1674 intelligo

201 1687 294 1723 enim,
311 1686 394 1728 quod
410 1687 477 1717 brec
494 1692 547 1716 tua
561 1686 765 1727 interrogatio
791 1688 952 1729 responsio
974 1688 1120 1729 quaedam
1134 1694 1192 1724 est,
1207 1693 1239 1718 ut
1255 1688 1331 1724 dixi,
1348 1688 1488 1730 acjussio
1502 1687 1606 1722 simul,
1621 1693 1657 1717 ut

202 1741 420 1786 transigantur,
436 1751 506 1781 quae
519 1741 557 1770 ad
575 1741 801 1782 gymnasticam
816 1742 986 1782 pertinent.
1021 1742 1097 1774 CLI.
1123 1742 1252 1783 Optime
1267 1742 1463 1777 intellexisti,
1478 1747 1510 1772 et
1525 1741 1568 1772 sic
1580 1741 1657 1772 faci-

201 1806 246 1826 as.
290 1794 429 1826 Anum.
453 1794 646 1825 Faciendum
661 1800 720 1826 est.
743 1806 845 1836 neque
873 1796 955 1825 enim
972 1796 1099 1827 difficile
1115 1802 1174 1831 est,
1190 1807 1259 1837 quae
1273 1796 1360 1826 vobis
1376 1796 1516 1836 utrisque
1530 1795 1656 1826 notissi-

203 1860 255 1881 ma
269 1854 352 1885 sunt,
368 1849 549 1889 transigere.
576 1859 689 1890 nempe
703 1847 791 1891 hujus
809 1851 882 1880 artis
900 1850 1019 1891 utrique
1034 1851 1130 1881 mullo
1145 1843 1246 1891 magis
1258 1860 1350 1891 quam
1366 1850 1450 1881 illius
1462 1849 1554 1891 periti
1569 1850 1656 1880 estis.

202 1905 279 1936 CL1.
302 1903 386 1934 Vera
397 1903 492 1933 forme
519 1902 607 1934 dicis.
652 1903 788 1935 Anum.
823 1904 937 1935 Nonne
959 1904 1050 1946 hujus
1076 1915 1198 1946 quoque
1227 1905 1292 1935 ludi
1306 1904 1496 1946 principium
1510 1908 1569 1939 est,
1582 1904 1656 1945 quia

201 1958 445 1999 unumquodque
469 1957 585 1987 animal
612 1962 725 1988 natura
751 1958 864 1988 saltare
888 1958 1068 1989 consuevit?
1094 1959 1186 1989 homo
1213 1963 1376 1994 autem,-ut
1400 1957 1569 1998 tetigimus,
1582 1967 1655 1988 cum

200 2012 323 2043 numeri
337 2021 462 2042 sensum
476 2011 642 2051 acceperit,
657 2012 850 2042 saltationem
878 2012 1011 2053 peperit.
1034 2018 1144 2043 cantus
1169 2013 1243 2043 item
1262 2023 1426 2043 numerum
1440 2012 1569 2046 excitat,
1584 2021 1655 2052 quae

201 2065 292 2097 ambo
303 2065 440 2095 invicem
449 2065 595 2105 copulata
609 2066 753 2096 choream
764 2072 795 2096 et
808 2067 914 2096 ludum
931 2072 1129 2107 pepererunt.
1158 2067 1234 2098 Cu.
1258 2067 1306 2097 Ita
1318 2071 1375 2097 est.
1399 2065 1538 2097 Arnen.
1553 2065 1656 2107 Hujus

200 2124 322 2161 partem
329 2119 455 2149 alteram
462 2118 529 2160 jam
539 2120 728 2160 peregimus,
737 2121 863 2150 alteram
875 2120 1024 2162 deinceps
1035 2121 1258 2162 aggrediemur.
1274 2121 1348 2152 CLr.
1361 2121 1500 2152 Prorsus.
1516 2119 1656 2156 Arnus,

199 2174 383 2204 Sermonem
397 2172 490 2213 igitur
502 2173 541 2202 de
557 2172 715 2203 ebrietatis
732 2175 844 2204 chorea
854 2174 986 2214 primum
1003 2175 1071 2210 hac,
1086 2175 1112 2204 si
1124 2175 1239 2215 placet,
1253 2174 1406 2204 sententia
1419 2173 1656 2204 concludamus.

200 2226 278 2258 Cm.
301 2226 448 2263 Quonam
462 2226 582 2267 pacto?
628 2225 767 2257 Arnen.
790 2228 822 2257 Si
845 2227 955 2257 civitas
981 2227 1090 2268 aliqua
1112 2234 1259 2268 tanquam
1277 2237 1310 2257 re
1326 2227 1405 2258 seria
1416 2227 1656 2268 compotationi-

200 2280 259 2311 bus
273 2291 343 2312 cum
358 2281 463 2322 legum
477 2285 509 2310 et
526 2280 635 2310 ordine
648 2286 764 2316 utatur,
778 2280 1007 2311 exercitationis
1025 2281 1181 2323 cujusdam
1196 2281 1235 2311 ad
1253 2281 1488 2322 temperantiam
1504 2280 1614 2321 gratia,
1625 2286 1659 2312 et

199 2335 277 2366 alias
292 2334 470 2375 voluptates
493 2344 557 2364 non
579 2334 690 2374 fugiat,
707 2334 761 2364 sed
781 2334 891 2365 eadem
917 2335 1049 2370 ratione,
1064 2341 1098 2365 ut
1113 2336 1195 2376 ipsas
1212 2342 1347 2376 superet,
1363 2335 1570 2366 exercitetur:
1595 2336 1654 2366 hoc

198 2389 306 2430 utique
322 2394 415 2429 pacto
430 2388 571 2418 omnibus
587 2388 634 2418 his
647 2388 806 2419 utendum.
830 2389 877 2419 sin
902 2400 975 2420 vcro
1001 2395 1149 2431 tanquam
1166 2390 1240 2420 ludo
1255 2396 1360 2420 utatur
1373 2389 1656 2431 compotationibus

201 2442 319 2478 c1vitas,
332 2448 364 2473 et
380 2443 475 2472 liceat
487 2442 609 2483 cuique,
626 2444 752 2483 quando
768 2443 846 2472 velit
874 2449 906 2473 ct
920 2444 1104 2484 quibuscum
1129 2445 1214 2480 velit,
1233 2443 1330 2486 [674]
1354 2443 1531 2475 combibere
1544 2448 1577 2474 et
1591 2443 1654 2473 alia

203 2506 334 2538 quaeque
350 2506 406 2536 pro
422 2496 554 2526 libidine
579 2507 732 2529 exercere.
747 2507 808 2527 non
834 2507 934 2527 essem
961 2499 1052 2540 hujus
1078 2498 1253 2534 sententiae,
1269 2499 1354 2539 quod
1369 2497 1481 2528 deceat
1494 2497 1655 2528 civitatem

198 2549 289 2580 istam
307 2555 360 2580 aut
372 2550 453 2580 hunc
468 2549 564 2580 virum
581 2550 724 2581 ebrietati
739 2550 908 2591 aliquando
920 2551 1093 2592 indulgere.
1122 2551 1177 2582 sed
1191 2552 1286 2582 multo
1297 2552 1406 2592 magis,
1419 2561 1510 2592 quarn
1523 2549 1654 2581 Creten-

201 2603 282 2634 sium
310 2603 681 2645 Lacedaemoniorumque
707 2615 807 2640 nsum,
833 2604 1125 2645 Carthaginensium
1143 2606 1244 2646 legem
1259 2605 1431 2645 probarem,
1448 2609 1482 2634 ut
1494 2613 1656 2644 nunquam

199 2657 232 2687 in
245 2657 352 2688 castris
367 2657 530 2697 quisquam
545 2664 669 2697 gustare
686 2658 790 2689 vinum
804 2658 929 2694 audeat,
944 2659 999 2689 sed
1015 2665 1080 2690 toto
1093 2659 1145 2690 illo
1159 2665 1298 2699 tempore
1314 2667 1396 2698 aqua
1409 2657 1530 2688 bibatur
1543 2667 1550 2686 ε
1567 2663 1600 2687 et
1620 2657 1654 2687 in

198 2711 326 2742 civitate
341 2721 498 2751 nunquam
522 2711 583 2741 vini
610 2723 698 2742 usum
724 2723 811 2743 sewu
833 2713 880 2742 vel
908 2723 1006 2742 servae
1030 2713 1235 2744 concederem
1254 2723 1260 2741 z
1285 2712 1339 2742 sed
1352 2721 1410 2741 nec
1424 2710 1655 2751 magistratibus

200 2769 266 2795 toto
278 2774 315 2795 eo
331 2770 469 2804 tempore
485 2775 546 2806 quo
560 2766 739 2807 magistratu
756 2766 937 2807 funguntur.
954 2767 1175 2807 gubernatores
1190 2767 1282 2796 etiam
1299 2771 1392 2806 atque
1403 2764 1527 2807 judices
1544 2775 1654 2795 mimus

199 2829 288 2850 suum
312 2818 476 2854 subituros,
493 2830 510 2848 a
537 2820 608 2850 vino
633 2820 759 2861 penitus
779 2820 992 2861 prohibt-rem:
1017 2821 1243 2852 deliberaturos
1265 2829 1387 2861 quoque
1412 2818 1452 2849 de
1477 2820 1568 2849 rebus
1587 2829 1652 2849 non

201 2871 328 2903 omnino
351 2871 559 2914 negligendis.
582 2884 617 2905 ac
643 2874 720 2905 nulli
746 2874 870 2917 penitus
885 2874 1021 2906 interdiu
1048 2875 1152 2906 vinum
1170 2873 1384 2912 concederem,
1398 2872 1457 2904 nisi
1477 2871 1664 2905 exercitati-².
