1840 3225
231 223 284 259 40
668 213 931 254 PLATONIS
963 214 1273 254 AMATORES.
1596 218 1693 270 [138

228 324 380 357 meliores.
426 322 511 359 Quid
529 326 631 351 autern
657 329 761 358 canes,
784 329 856 349 num
873 318 926 359 qui
942 317 1012 348 illos
1028 317 1169 350 meliores
1193 318 1334 357 reddere,
1364 319 1458 351 iidem
1473 326 1505 352 et
1519 326 1601 352 recte
1617 320 1688 352 illos

229 389 370 419 coercere
382 376 505 408 sciunt?
542 374 692 405 Omnino.
727 372 845 403 Eadem
857 383 930 412 ergo
945 382 992 402 ars
1008 377 1039 402 et
1058 372 1126 402 illos
1142 373 1282 404 meliores
1295 373 1398 404 reddit
1408 380 1441 405 et
1450 381 1530 406 recte
1541 381 1664 407 coercet
1680 376 1690 405 ἓ

224 435 355 465 Eadem.
393 430 478 468 Quid
496 434 598 459 autem
614 428 624 458 ?
640 433 739 458 utrum
755 437 825 467 quae
841 431 872 456 et
887 425 1028 456 meliores
1044 424 1119 456 facit
1133 430 1164 456 et
1180 432 1261 457 recte
1276 433 1410 463 coercet,
1425 427 1535 458 eadem
1551 439 1684 469 cognos-

223 488 266 519 cit
283 488 381 517 bonos
396 490 428 515 et
445 483 560 521 malos3
583 492 622 512 an
638 481 722 512 alia?
769 479 901 519 Eadem,
913 479 1029 519 inquit.
1074 479 1172 510 Voles
1187 479 1290 521 igitur,
1315 481 1453 522 inquam,
1470 481 1552 512 idem
1569 482 1609 512 de
1624 483 1683 513 ho-

223 541 359 572 minibus
374 537 526 576 confiteri,
541 546 612 577 quse
629 535 762 576 optimos
779 533 880 564 reddit
896 534 1048 569 homines,
1071 534 1204 564 eandem
1220 544 1298 570 esse,
1315 545 1385 575 quae
1400 540 1432 566 et
1446 540 1529 566 recte
1545 535 1689 572 cohibet,

225 600 258 626 et
283 594 338 636 qui
364 592 440 623 boni
464 591 539 630 sint,
560 589 653 630 quive
670 587 753 624 mali,
777 587 963 628 cognoscit?
1008 587 1147 624 Prorsus,
1173 587 1288 628 inquit.
1335 588 1463 629 Nonne,
1489 599 1687 630 quascunque

221 659 330 684 unum,
347 646 456 678 eadem
473 649 505 675 et
521 642 653 674 multos:
679 646 711 672 et
726 651 796 682 quae
813 641 938 680 multos,
953 651 1050 670 unum
1064 640 1074 670 ?
1099 640 1161 672 Ita.
1183 640 1226 671 Et
1241 641 1272 671 in
1287 641 1375 682 equis
1391 646 1539 682 praeterea
1556 643 1683 674 ceteris-

218 713 279 744 que
296 700 440 732 omnibus
456 697 567 729 eodem
584 695 676 727 modo
691 695 702 725 ?
748 694 869 725 Eodem
887 695 992 725 modo.
1039 694 1193 731 Quaenam
1217 693 1347 725 scientia
1363 701 1422 735 est,
1437 706 1507 737 quae
1522 696 1681 737 intempe-

219 761 333 791 rantes,
350 759 382 784 et
398 753 501 794 legum
518 755 753 791 transgressores
770 748 800 779 in
817 748 943 779 civitate
957 753 1039 779 recte
1057 748 1169 789 punit?
1192 747 1495 789 nonnejudiciaria?
1540 750 1685 781 Prorsus.

221 809 273 841 An
289 818 381 839 vocas
392 805 545 848 justitiam
559 804 649 835 aliam
665 803 822 844 quandam
840 807 950 843 praeter
964 801 1053 832 istam
1067 802 1078 831 ?
1117 801 1191 832 Non
1208 802 1311 834 aliam.
1349 802 1466 833 Nonne
1481 814 1544 845 qua
1554 804 1684 835 scientia

218 867 302 894 recte
319 860 471 901 castigant
485 863 517 889 et
532 857 678 900 puniunt,
695 856 804 886 eadem
822 856 919 886 bonos
936 865 971 886 ac
988 855 1084 886 malos
1099 855 1292 901 dinoscunt?
1324 855 1455 888 Eadem.
1491 857 1683 899 Quicunque

217 926 290 947 vero
307 925 401 945 unum
419 913 513 948 norit,
536 912 639 952 plures
654 920 779 952 quoque
803 909 996 950 cognoscet?
1044 909 1234 950 cognoscet.
1279 909 1323 940 At
1340 910 1395 951 qui
1421 910 1534 941 multos
1550 911 1686 952 ignorat,

215 968 373 1011 ignorabit
397 971 429 998 et
455 965 574 997 unum?
620 964 798 995 Consensit.
845 963 878 993 Si
903 973 975 1004 ergo
1003 973 1102 1004 equus
1125 963 1260 994 existens
1289 963 1386 993 bonos
1409 973 1447 995 ac
1470 964 1568 995 malos
1582 974 1682 1005 equos

214 1023 350 1064 ignoret,
367 1032 399 1051 se
414 1020 516 1061 ipsum
534 1018 640 1054 etiam,
656 1016 757 1058 qualis
771 1021 830 1056 est,
848 1016 1027 1056 ignorabit?
1072 1016 1248 1048 Concessit.
1293 1016 1336 1047 Et
1346 1017 1371 1047 si
1381 1017 1437 1048 hos
1449 1027 1519 1048 cum
1531 1017 1582 1054 sit,
1596 1018 1678 1048 haud

214 1075 338 1106 noverit
351 1074 405 1115 qui
420 1073 482 1103 sint
499 1072 570 1102 boni
584 1076 638 1101 aut
654 1070 725 1100 mali
741 1070 847 1104 boves,
863 1079 929 1099 sese
945 1068 1040 1099 etiam
1057 1069 1158 1109 qualis
1172 1068 1239 1109 ipse
1256 1068 1297 1100 sit
1312 1069 1453 1110 ignorare
1464 1081 1536 1101 eum
1551 1081 1676 1102 necesse

213 1134 262 1160 est
276 1129 286 1158 ?
330 1127 381 1157 Ita.
394 1132 452 1162 est,
469 1125 581 1166 inquit.
626 1124 747 1154 Eodem
763 1133 889 1164 quoque
906 1123 999 1152 modo
1015 1123 1040 1152 si
1057 1122 1143 1153 canis
1158 1122 1251 1153 fuerit
1265 1123 1276 1153 ?
1313 1122 1484 1156 Confessus
1499 1130 1556 1155 est.
1581 1124 1678 1156 Nunc

211 1193 284 1213 vero
302 1192 371 1213 cum
387 1181 480 1210 homo
505 1178 574 1220 quis
597 1181 731 1209 existens
753 1177 874 1218 ignoret
898 1177 994 1218 [138]
1020 1177 1119 1207 bonos
1146 1177 1286 1208 homines
1311 1183 1344 1208 et
1366 1178 1475 1215 malos,
1501 1188 1606 1210 nonne
1630 1178 1679 1210 sui

212 1236 311 1277 ipsius
337 1235 430 1265 etiam
456 1234 582 1274 ignarus
608 1232 676 1267 erit,
705 1231 846 1261 bonusne
875 1230 915 1260 sit
938 1241 976 1261 an
1005 1230 1103 1260 malus
1118 1230 1128 1260 ?
1174 1230 1309 1261 Annuit.
1354 1231 1395 1262 Se
1411 1231 1511 1272 ipsum
1526 1232 1682 1273 ignorare,

213 1300 320 1330 sapere
337 1294 384 1320 est
399 1287 446 1318 vel
463 1287 604 1328 desipere
618 1286 628 1315 ?
668 1285 831 1325 Desipere.
867 1285 907 1314 Se
923 1283 1026 1325 ipsum
1041 1284 1146 1325 itaque
1163 1295 1266 1321 nosse,
1281 1295 1390 1326 sapere
1406 1285 1475 1315 est?
1508 1285 1681 1322 Confiteor.

211 1343 326 1384 inquit.
372 1342 442 1372 Hoc
459 1341 563 1382 igitur,
579 1345 615 1370 ut
630 1339 764 1376 videtur,
779 1343 811 1369 et
837 1338 1011 1378 inscriptio,
1033 1348 1103 1379 quae
1119 1339 1151 1369 in
1169 1338 1306 1380 Delphis
1320 1344 1378 1375 est,
1398 1338 1550 1380 praecipit.
1596 1339 1677 1371 Pru-

211 1396 350 1428 dentiam
377 1394 495 1426 scilicet
520 1400 551 1424 et
570 1392 727 1434 justitiam
753 1391 866 1423 colere.
914 1391 1069 1432 Apparet.
1116 1392 1186 1423 Hac
1215 1393 1326 1423 eadem
1358 1399 1391 1423 et
1419 1398 1503 1424 recte
1533 1393 1678 1425 cohibere

212 1450 338 1482 scimus.
382 1448 515 1480 Annuit.
561 1447 634 1483 Qua
649 1456 722 1487 ergo
738 1451 821 1477 recte
836 1444 981 1476 cohibere
997 1446 1122 1482 scimus,
1139 1456 1176 1476 ea
1193 1445 1301 1486 utique
1311 1445 1435 1487 justitia
1445 1452 1513 1478 est:
1531 1456 1594 1488 qua
1605 1457 1677 1477 vero

213 1509 246 1537 et
261 1515 318 1535 nos
334 1504 417 1544 ipsos
433 1506 466 1532 et
479 1501 557 1532 alios
572 1500 755 1541 dignoscere
770 1509 947 1540 possumus,
966 1499 1141 1539 prudentia.
1189 1499 1335 1530 Videtur.
1381 1499 1500 1531 Eadem
1515 1500 1611 1541 igitur
1633 1507 1681 1531 est

208 1557 331 1599 justitia
345 1562 438 1598 atque
453 1554 628 1597 prudentia.
678 1553 830 1594 Apparet.
876 1552 961 1589 Quin
974 1552 1067 1583 etiam
1081 1552 1222 1583 civitates
1235 1558 1309 1584 tunc
1320 1553 1439 1594 optime
1452 1554 1675 1594 gubernantur,
1702 1566 1705 1569 ·

211 1623 283 1644 eum
310 1611 419 1652 injusti
444 1611 521 1640 dant
548 1618 667 1650 poenas.
712 1607 795 1638 Vera
819 1617 932 1638 narras.
977 1606 1085 1647 Atque
1117 1607 1184 1639 haec
1214 1606 1314 1638 civilis
1343 1607 1472 1638 scientia
1499 1614 1557 1639 est.
1604 1607 1674 1647 Est,

210 1666 326 1708 inquit.
372 1665 458 1702 Quid
475 1674 559 1700 vero,
580 1661 725 1704 quotiens
749 1661 794 1692 vir
811 1672 889 1692 unus
913 1666 996 1692 recte
1019 1661 1176 1692 civitatem
1201 1661 1347 1698 instituit,
1370 1671 1484 1692 nomen
1500 1661 1546 1692 illi
1559 1671 1675 1693 conve-

209 1720 300 1752 niens
317 1729 421 1750 nonne
437 1722 587 1759 tyrannus
602 1721 634 1747 et
649 1726 698 1746 rex
713 1716 724 1746 ἓ
769 1715 900 1745 Annuit.
947 1714 1064 1746 Nonne
1080 1714 1244 1756 tyrannica
1255 1721 1309 1745 aut
1324 1715 1409 1756 regia
1419 1721 1483 1747 arte
1498 1716 1649 1757 gubernat
1664 1716 1674 1745 ?

210 1774 323 1805 Immo.
360 1772 429 1802 ‚Hae
455 1772 559 1812 itaque
583 1769 748 1801 facultates
771 1770 888 1800 eaedem
907 1779 941 1800 ac
959 1769 1131 1810 superiores
1147 1774 1228 1800 sunt.
1275 1769 1441 1800 Videntur.
1488 1770 1574 1807 Quid
1589 1780 1675 1805 vero,

210 1838 281 1860 cum
304 1827 351 1857 vir
367 1836 447 1857 unus
462 1826 589 1855 domum
615 1829 698 1856 recte
714 1823 866 1865 disponit,
892 1823 978 1865 quod
1000 1823 1073 1854 huic
1090 1833 1204 1853 nomen
1229 1823 1360 1854 maxime
1375 1824 1545 1865 congruit?
1570 1834 1675 1855 nonne

209 1891 390 1912 oeconomus
406 1890 442 1910 ac
458 1878 623 1909 dominus?
670 1877 838 1909 Convenit.
881 1877 993 1908 Utrum
1010 1882 1042 1907 et
1056 1876 1115 1907 iste
1127 1876 1252 1917 justitia
1267 1877 1346 1907 bene
1363 1876 1440 1918 regit
1456 1877 1617 1913 familiam,
1633 1887 1673 1908 an

211 1935 272 1965 alia
286 1933 455 1965 facultate?
501 1932 642 1965 Justitia.
688 1931 777 1962 Idem
801 1936 848 1962 est
862 1929 966 1971 igitur,
989 1935 1023 1960 ut
1039 1934 1181 1971 apparet,
1205 1940 1268 1966 rex,
1285 1936 1448 1972 tyrannus,
1464 1930 1577 1970 civilis,
1590 1941 1672 1962 ωοο-

212 1999 336 2025 nomus,
362 1986 518 2023 dominus,
545 1986 693 2028 prudens,
714 1985 818 2027 justus
834 1998 839 2015 ι
867 1990 960 2027 atque
988 1995 1048 2015 una
1074 1994 1201 2025 quoque
1224 1994 1271 2014 ars
1296 1990 1353 2020 est,
1378 1984 1473 2025 regia,
1499 1984 1676 2026 tyrannica.

212 2041 325 2083 civilis,
349 2042 517 2077 dominica,
541 2039 882 2081 oeconomica,justitia
906 2045 1000 2080 atque
1016 2038 1192 2080 prudentia.
1238 2038 1383 2070 Videtur.
1430 2038 1516 2076 Quid
1543 2039 1676 2080 itaque?

211 2096 401 2138 philosopho
414 2095 490 2131 viro,
504 2095 648 2136 quotiens
667 2095 805 2125 medicus
821 2095 860 2125 de
877 2093 1098 2134 aegrotantibus
1113 2093 1281 2134 quicquam
1298 2092 1420 2129 dixerit,
1438 2098 1527 2134 turpe
1550 2098 1598 2123 est
1612 2103 1676 2123 nou

208 2161 300 2192 posse
315 2150 401 2181 dicta
426 2149 510 2180 illius
525 2149 658 2190 assequi,
683 2159 785 2189 neque
809 2159 847 2178 ex
872 2159 905 2178 se
920 2148 987 2188 ipso
1011 2147 1128 2188 aliquid
1145 2146 1343 2187 conjectare:
1370 2151 1402 2176 et
1417 2146 1672 2187 quandocunque

210 2203 288 2235 alius
302 2204 464 2245 quisquam
481 2203 609 2234 aliorum
637 2203 802 2239 artificum,
828 2203 938 2233 eodem
956 2207 1071 2242 pacto:
1096 2211 1166 2231 cum
1183 2207 1286 2230 autem
1306 2199 1407 2240 judex
1432 2205 1486 2230 aut
1500 2199 1580 2230 alius
1603 2200 1673 2241 quis

209 2268 329 2299 eorum,
345 2268 422 2299 quos
447 2257 541 2299 paulo
564 2263 637 2288 ante
654 2257 826 2293 retulimus,
843 2267 905 2286 non
920 2255 1086 2286 absurdum
1117 2255 1146 2284 iu
1171 2254 1219 2284 his
1235 2264 1293 2284 nee
1309 2253 1432 2294 assequi
1447 2253 1544 2293 dicta,
1566 2264 1668 2295 neque

209 2322 266 2353 per
281 2322 312 2342 se
328 2311 428 2352 ipsum
445 2310 600 2352 conjicere
615 2311 624 2340 ?
671 2310 792 2347 Quidni
808 2316 888 2340 esset
911 2309 1089 2344 absurdum,
1112 2318 1131 2338 o
1148 2308 1303 2347 Socrates,
1328 2307 1358 2337 in
1377 2307 1470 2338 tantis
1486 2308 1576 2338 rebus
1590 2307 1672 2338 nituit

209 2366 322 2397 habere
333 2365 417 2406 quod
433 2365 597 2395 consulat?
643 2363 755 2395 Utrum
782 2363 886 2404 igitur,
902 2363 1041 2404 iuquam,
1066 2367 1097 2392 et
1122 2361 1205 2393 circa
1219 2362 1285 2392 haec
1303 2361 1522 2402 philosophum
1545 2367 1580 2392 ut
1596 2373 1674 2404 pen-

208 2420 340 2451 tathlum
356 2429 423 2450 esse
438 2423 579 2460 oportere
596 2418 741 2459 dicimus,
757 2423 790 2449 et
805 2417 957 2449 secundas
972 2415 1182 2458 possidentem
1201 2421 1302 2457 partes
1318 2415 1459 2446 inutilem
1475 2426 1553 2453 esse,
1569 2416 1672 2448 donec

207 2474 319 2515 aliquis
334 2484 371 2504 ex
386 2472 595 2514 superioribus
609 2472 711 2504 adsit:
729 2471 776 2502 vel
794 2472 926 2514 primum
941 2470 1069 2511 quidem
1085 2470 1187 2510 ipsum
1201 2476 1343 2510 oportere
1356 2469 1483 2500 domum
1496 2479 1582 2500 suam
1593 2470 1673 2501 nulli

207 2527 483 2558 administrandam
500 2527 646 2567 praebere,
662 2537 764 2567 neque
777 2526 930 2556 secundas
947 2524 977 2554 in
994 2525 1053 2555 hoe
1072 2530 1172 2564 partes
1192 2529 1310 2564 tenere,
1324 2524 1378 2554 sed
1389 2534 1427 2554 ex
1441 2533 1474 2554 se
1487 2523 1555 2565 ipso
1568 2524 1672 2554 omniu

208 2581 357 2622 castigare
380 2579 466 2620 juste
492 2579 732 2620 dijudicantem,
757 2580 782 2611 si
807 2579 934 2620 quidem
962 2577 1030 2618 ejus
1057 2577 1173 2608 familia
1197 2584 1280 2608 reete
1303 2577 1509 2608 administrari
1533 2577 1671 2608 debeat?

210 2633 448 2666 Assentiebatur
463 2634 515 2664 ille
533 2634 618 2665 mihi.
664 2634 769 2674 Atque
784 2643 842 2674 ego
866 2631 994 2662 addidi:
1018 2630 1052 2661 Si
1068 2630 1162 2660 etiam
1187 2630 1243 2660 sibi
1259 2631 1376 2662 amicus
1391 2629 1502 2671 aliquis
1516 2629 1589 2660 vitae
1603 2640 1667 2660 suae

206 2687 370 2727 rationem,
396 2693 450 2717 aut
476 2687 586 2718 civitas
612 2688 730 2729 aliquid
756 2686 1000 2720 decernendum,
1028 2690 1083 2715 aut
1103 2684 1311 2725 judicandum
1338 2684 1523 2723 committat,
1546 2688 1669 2714 essetne

207 2750 309 2784 turpe,
333 2741 429 2782 [139]
455 2752 473 2771 0
490 2741 600 2775 amice,
617 2742 786 2772 secundum
803 2741 835 2771 in
859 2740 896 2770 iis
920 2750 987 2771 esse
1013 2744 1067 2770 aut
1091 2737 1226 2775 tertium,
1256 2748 1358 2779 neque
1380 2738 1492 2768 ducem
1507 2735 1664 2767 existere?

207 2797 257 2829 Ita
283 2795 358 2827 milii
375 2795 505 2826 videtur.
552 2794 642 2824 Absit
659 2795 762 2836 igitur,
790 2806 808 2825 o
826 2794 869 2824 vir
892 2794 1021 2835 optime,
1048 2798 1082 2823 ut
1098 2792 1312 2834 philosophari
1327 2791 1367 2822 sit
1382 2790 1512 2832 plurima
1535 2790 1666 2826 discere,

207 2856 349 2891 artesque
364 2854 504 2880 tractare.
550 2848 630 2879 Cum
654 2849 713 2879 ista
736 2848 893 2884 dixissem,
920 2848 1044 2889 sapiens
1067 2847 1193 2887 quidem
1220 2846 1272 2877 ille
1298 2856 1335 2876 ex
1353 2851 1426 2876 aute
1443 2844 1535 2875 dictis
1557 2843 1667 2874 rubore

207 2904 338 2936 affectus
354 2903 449 2934 tacuit
465 2915 471 2933 ε
496 2902 640 2933 indoctus
657 2909 758 2933 autem
775 2903 935 2934 affirmavit
951 2902 993 2934 sic
1009 2912 1084 2932 esse.
1109 2907 1140 2931 et
1157 2900 1251 2931 ceteri
1272 2910 1379 2931 omnes
1394 2898 1479 2929 dicta
1495 2897 1671 2928 laudarunt.
