1840 3225
189 178 266 216 324
787 172 1052 212 PLATON1S
1559 172 1656 225 [vor

200 283 321 325 utique,
339 288 369 314 et
386 281 540 325 voluptati
564 281 665 323 magis
681 291 775 323 quam
791 281 961 324 oportuerit
982 281 1184 323 indulgentes
1200 281 1231 312 hi
1248 291 1322 312 sane
1339 285 1371 311 et
1385 277 1528 322 lugubria
1541 278 1665 322 hymnis

197 342 230 369 et
245 337 448 380 dithyrambis
470 346 598 380 paeonas
623 335 866 377 conjunxerunt,
881 335 1088 377 tibiarumque
1114 344 1209 365 sonos
1239 340 1271 365 et
1297 340 1406 366 cantus
1422 334 1549 366 citharae
1564 333 1664 365 canti-

199 391 256 422 bus
272 391 384 423 imitati
398 396 480 427 sunt,
498 390 641 422 omnibus
660 391 765 421 onmia
788 390 1036 421 commiscentes.
1066 388 1121 430 qui
1138 394 1169 420 et
1184 394 1298 430 praeter
1313 389 1500 420 sententiam
1516 398 1554 419 ex
1570 387 1663 419 insci-

198 446 243 476 tia
270 450 377 477 contra
403 445 554 477 musicam
582 445 703 476 mentiti
731 452 815 481 sunt,
847 450 1024 475 asserentes
1048 455 1115 475 eam
1142 443 1270 485 quidem
1295 445 1414 474 nullam
1441 447 1562 474 rectam
1583 442 1665 472 inse

201 509 340 530 normam
355 500 484 536 habere,
511 501 566 530 sed
594 499 752 530 audientis
777 500 948 541 voluptate,
966 500 1029 530 sive.
1047 499 1161 540 probus
1189 498 1242 529 ille
1267 499 1312 529 vir
1337 498 1378 529 sit
1393 508 1445 528 seu
1462 502 1580 533 contra,
1594 506 1663 528 rec-

200 550 322 584 tissime
331 553 480 596 judicari.
502 564 574 585 cum
589 553 683 595 igitur
708 553 884 596 hujusmodi
910 553 1060 594 poemata
1086 557 1309 593 componerent
1335 556 1366 582 et
1382 551 1457 582 talia
1470 551 1563 592 vulgo
1577 550 1664 580 dice·

201 611 280 643 rent,
294 607 436 649 iniquam
457 608 537 639 adeo
559 613 591 639 et
616 608 765 639 audacem
793 607 939 638 adversus
967 607 1113 638 musicam
1139 605 1372 637 multitudinem
1384 605 1567 641 effecerunt,
1583 609 1618 635 ut
1632 613 1666 634 se

199 661 388 694 sufficientes
397 662 581 694 sententiam
595 662 797 703 pronunciare
813 662 853 692 de
867 663 982 693 musica
999 661 1175 693 crederent.
1198 661 1272 692 hinc
1287 660 1468 701 spectacula
1482 659 1664 700 frequenter

198 716 374 747 exclamare
392 721 562 758 coeperunt,
579 727 651 747 cum
677 717 767 747 silere
793 723 887 747 antea
911 716 1157 751 consuevissent,
1183 716 1279 758 [701]
1305 715 1394 756 quasi
1408 713 1484 756 quid
1503 713 1663 754 pulchrum

197 773 231 804 in
259 769 372 807 Musis,
387 770 462 812 quid
486 781 560 807 non,
576 775 667 802 acute
689 770 841 801 sentirent
859 783 865 799 ε
891 776 984 811 atque
1008 770 1052 801 ita
1068 781 1104 801 ex
1121 770 1303 811 optimatum
1321 774 1474 811 potestate
1486 768 1519 798 in
1533 776 1662 809 pravam

201 823 315 854 theatri
340 825 514 866 potentiam
530 835 579 855 res
603 825 672 865 ipsa
697 823 834 854 desiluit.
858 824 883 854 si
910 825 992 854 enim
1011 825 1174 866 popularis
1201 824 1342 865 potentia
1368 823 1470 854 solum
1495 821 1663 853 liberorum

198 878 359 909 hominum
374 878 552 914 exstitisset,
565 877 687 908 nullum
714 878 820 919 utique
845 879 958 919 ingens
977 879 1095 909 malum
1121 879 1240 909 fuisset.
1263 888 1346 908 nuuc
1372 882 1475 908 autem
1491 887 1528 907 ex
1542 875 1665 906 musica

198 931 288 963 nobis
302 932 423 973 incepit
444 932 583 963 omnium
609 931 648 962 ad
672 931 778 962 omnia
805 932 913 972 opinio
938 933 1112 974 sapientise,
1136 931 1410 974 praevaricatioque
1433 936 1543 962 secuta
1557 935 1617 966 est,
1633 934 1666 959 et

195 985 339 1016 libertas.
362 985 511 1028 intrepidi
534 986 615 1016 enim
640 990 739 1022 erant,
756 985 842 1028 quasi
867 986 1027 1017 scientes:
1054 987 1120 1017 haec
1144 985 1273 1017 licentia
1286 985 1514 1026 impudentiam
1531 983 1666 1026 peperit.

199 1049 315 1081 nempe
331 1041 358 1071 si
372 1040 509 1071 melioris
523 1040 631 1082 opinio
647 1045 774 1082 propter
798 1041 958 1072 audaciam
974 1051 1038 1072 non
1062 1041 1199 1077 timetur,
1214 1040 1248 1071 id
1263 1041 1367 1082 ipsum
1380 1049 1471 1081 paene
1486 1037 1665 1080 perniciosa

199 1098 247 1124 est
261 1093 470 1135 impudentia,
486 1105 555 1137 quae
574 1105 590 1125 a
612 1094 756 1126 libertate
782 1094 916 1137 quadam
933 1095 1094 1126 temeraria
1109 1094 1325 1137 proficiscitur.
1370 1094 1467 1124 Mm.
1490 1092 1665 1124 verissima

199 1147 345 1189 loqueris.
390 1147 528 1179 Arum.
554 1148 644 1180 Hanc
671 1149 844 1180 libertatem
870 1159 909 1180 ea
932 1149 1062 1180 licentia
1084 1149 1234 1190 sequitur,
1251 1158 1321 1190 quae
1344 1147 1430 1183 facit,
1445 1157 1487 1178 ne
1501 1146 1666 1188 magistra-

200 1201 283 1232 tibus
310 1201 438 1233 subesse
467 1203 611 1233 velimus.
634 1213 673 1233 ex
701 1204 759 1234 hac
786 1204 936 1245 originem
964 1203 1102 1242 habetet
1117 1203 1184 1239 illa,
1199 1213 1254 1244 per
1278 1211 1373 1244 quam
1387 1202 1483 1244 patris
1495 1201 1665 1242 matrisque

199 1260 234 1288 et
249 1255 403 1287 seniorum
429 1257 612 1287 servitutem
627 1263 659 1287 et
683 1263 841 1298 praecepta
866 1257 1104 1289 contemnimus,
1129 1267 1264 1298 cumque
1287 1267 1386 1298 prope
1411 1255 1665 1297 transgressionis

197 1310 290 1352 hujus
304 1315 477 1341 extremum
503 1311 609 1346 simus,
637 1311 756 1352 legibus
781 1321 905 1353 quoque
930 1321 1038 1353 parere
1064 1321 1252 1342 recusamus.
1273 1311 1305 1341 in
1320 1311 1393 1352 ipso
1408 1315 1511 1341 autem
1525 1315 1664 1340 extremo

193 1363 426 1406 jusjurandum,
441 1364 534 1395 fidem
552 1371 584 1395 et
605 1365 734 1395 omnino
762 1365 849 1397 Deos
875 1366 1072 1407 negligimus
1097 1365 1181 1397 unde
1206 1365 1246 1396 ad
1272 1365 1406 1407 priscam
1421 1365 1507 1395 illam
1521 1363 1662 1406 tyranni-

199 1426 331 1459 camque
343 1418 476 1449 revoluti
487 1423 629 1449 naturam
656 1420 768 1451 eadem
794 1420 848 1451 illa
871 1422 982 1451 iterum
1008 1421 1175 1462 patiemur,
1191 1419 1331 1461 duraque
1350 1419 1458 1450 secula
1470 1428 1589 1449 rursum
1605 1417 1663 1448 de·

198 1481 320 1513 gemus,
350 1482 410 1503 nec
432 1473 584 1504 malorum
616 1473 707 1504 finem
739 1474 838 1505 ullum
865 1474 1069 1516 reperiemus.
1092 1474 1147 1505 sed
1174 1485 1228 1506 cur
1253 1475 1320 1505 haec
1349 1473 1440 1505 nobis
1465 1473 1552 1504 dicta
1579 1477 1664 1509 sunt,

196 1527 407 1567 repetendum
424 1526 496 1557 mihi
511 1527 645 1564 videtur,
661 1533 696 1558 ut
722 1529 831 1564 oratio,
856 1528 946 1570 quasi
970 1539 1081 1570 equus,
1097 1530 1271 1560 retrahatur
1287 1539 1295 1567 3
1317 1538 1358 1559 ne
1372 1528 1449 1558 sios
1464 1527 1662 1563 effrenatum,

197 1578 326 1612 dicendi
349 1581 474 1612 concita
495 1582 615 1622 impetu
639 1582 678 1612 ab
695 1582 792 1618 asino,
820 1587 856 1613 ut
880 1583 1040 1624 proverbio
1067 1583 1181 1620 ferunt,
1204 1583 1387 1614 excutiatur.
1409 1580 1660 1623 interrogandum

197 1638 246 1665 est
268 1633 376 1676 igitur,
403 1635 491 1677 cujus
515 1645 609 1666 causa
633 1636 699 1666 baec
727 1636 811 1667 dicta
839 1641 921 1668 sunt.
965 1637 1061 1668 Meo.
1085 1637 1142 1669 Est
1163 1637 1284 1679 utique.
1327 1636 1466 1668 Arnen.
1487 1635 1567 1667 Haec
1589 1645 1664 1678 ergo

194 1687 321 1719 illorum
359 1689 458 1730 gratia
488 1690 635 1721 diximus.
680 1691 776 1722 Mm.
801 1691 942 1728 Quorum
971 1692 981 1721 ?
1029 1691 1167 1724 Arnen.
1199 1691 1344 1723 Diximus
1372 1700 1499 1732 nempe,
1527 1691 1567 1722 ad
1603 1690 1663 1721 tria

197 1741 345 1784 quaedam,
357 1754 428 1775 esse
444 1745 535 1775 latori
562 1745 665 1786 legum
692 1745 933 1786 respiciendum,
948 1751 983 1777 ut
999 1746 1119 1782 civitas,
1135 1757 1205 1788 quae
1232 1746 1354 1787 legibus
1366 1745 1550 1781 instituitur,
1565 1743 1664 1775 libera

195 1796 246 1833 sit,
263 1796 322 1828 sibi
343 1797 403 1839 ipsi
430 1798 541 1834 amica,
558 1804 591 1829 et
618 1804 755 1830 mentem
779 1799 902 1831 habeat.
929 1801 996 1831 hzec
1023 1800 1108 1831 dicta
1134 1801 1232 1831 sunt?
1256 1811 1296 1831 an
1311 1800 1400 1831 non?
1444 1799 1541 1830 Μεο.
1563 1798 1663 1830 Dicta

195 1860 329 1892 prorsus.
374 1852 511 1883 Arnen.
535 1852 708 1894 Propterea
733 1853 809 1884 duas
835 1854 1096 1896 gubernationum
1110 1855 1232 1897 species
1248 1855 1281 1885 in
1298 1854 1435 1885 medium
1450 1853 1636 1884 adduximus
1652 1864 1658 1883 :

195 1915 317 1943 unam3
339 1905 373 1937 in
401 1917 463 1948 qua
490 1907 662 1938 arctissima
685 1908 840 1947 servitus3
864 1909 1003 1946 alteram,
1017 1909 1049 1940 in
1075 1919 1139 1951 qua
1161 1908 1457 1940 resolutalibertas:
1482 1907 1661 1939 considera-

196 1959 371 2001 vimusque,
386 1965 456 1991 utra
481 1965 566 1992 recte
586 1961 817 2002 gubernaretur.
841 1964 1055 2005 perspeximus
1071 1969 1186 1999 autem,
1210 1963 1427 1994 mediocritate
1455 1961 1545 1993 alteri
1559 1960 1660 1992 domi-

196 2013 305 2050 nandi,
333 2015 424 2045 alteri
448 2014 599 2046 libertatis
626 2015 745 2053 addita,
762 2016 896 2048 feliciter
927 2017 1058 2048 nimium
1084 2024 1230 2060 utrasque
1252 2028 1285 2048 se
1300 2017 1470 2048 habuisse:
1494 2015 1662 2047 infeliciter

196 2077 279 2104 vero,
295 2078 368 2099 cum
383 2068 513 2099 servitus
528 2069 560 2099 in
577 2070 684 2105 altera,
700 2070 733 2100 in
754 2070 852 2101 altera
867 2071 994 2102 libertas
1008 2073 1047 2103 ad
1069 2078 1243 2103 extremum
1259 2082 1356 2113 usque
1371 2070 1538 2112 percrevit.
1561 2069 1660 2111 [⁶102]

195 2120 293 2152 Mm.
316 2121 399 2152 Vera
426 2131 541 2154 narras
589 2122 727 2155 Arnen.
755 2123 850 2164 Atqui
874 2125 965 2167 hujus
987 2135 1110 2167 quoque
1138 2127 1236 2167 ipsius
1251 2126 1351 2166 gratia
1378 2124 1490 2155 Dorici
1505 2122 1660 2154 exercitus

196 2175 455 2206 constitutionem
473 2175 747 2213 consideravimus,
762 2183 792 2208 et
810 2177 930 2209 radices
954 2180 1106 2210 montium
1135 2179 1276 2209 Dardani
1291 2178 1577 2219 habitationemque
1592 2186 1660 2208 ma-

195 2229 344 2266 ritimam,
360 2230 478 2271 primos
503 2235 655 2271 praeterea
679 2231 762 2267 illos,
778 2233 832 2273 qui
860 2243 877 2263 a
905 2233 1048 2263 vastitate
1076 2233 1186 2263 diluvii
1202 2232 1304 2264 relicti
1318 2231 1461 2263 fuerant:
1487 2232 1659 2273 horumque

196 2292 290 2314 causa
305 2284 345 2314 de
372 2284 490 2314 musica
513 2289 546 2314 et
568 2283 727 2322 ebrietate,
743 2286 847 2328 deque
875 2287 1028 2327 prioribus
1053 2287 1149 2318 etiam
1176 2286 1281 2317 habita
1297 2285 1389 2316 nobis
1403 2286 1500 2317 oratio
1511 2290 1569 2316 est.
1591 2285 1660 2316 haec

195 2337 281 2369 enim
296 2337 402 2369 omnia
416 2338 455 2369 ob
476 2348 544 2369 eam
572 2348 698 2370 causam
725 2340 808 2370 dicta
833 2346 916 2376 sunt,
934 2346 968 2371 ut
995 2341 1217 2382 intelligamus,
1233 2339 1388 2382 quomodo
1414 2340 1532 2382 optime
1547 2341 1658 2381 guber·

195 2392 262 2422 nari
280 2392 390 2423 civitas
404 2393 504 2434 possit
521 2404 527 2422 ε
553 2397 586 2423 et
598 2403 660 2434 quo
681 2393 824 2434 privatim
840 2395 970 2437 quisque.
999 2395 1116 2437 optime
1133 2405 1218 2426 suam
1235 2395 1329 2425 vitam
1345 2394 1504 2436 disponat.
1525 2394 1570 2425 sic
1586 2403 1660 2424 vero

196 2446 362 2487 quicquam
390 2446 593 2484 contulimus,
623 2458 766 2489 quaenam
794 2448 883 2479 nobis
913 2450 986 2490 ipsis
1016 2450 1161 2480 adversus
1191 2459 1259 2485 nos,
1282 2459 1301 2480 ο
1323 2448 1457 2490 Megille
1485 2453 1519 2479 et
1544 2447 1660 2483 Clinia,

195 2500 375 2541 redargutio
405 2501 488 2531 erit?
537 2501 613 2533 Cu.
649 2502 729 2542 Ego,
752 2503 875 2544 hospes,
905 2504 982 2534 mihi
1011 2503 1119 2534 videor
1147 2503 1286 2535 nonnihil
1316 2503 1483 2544 inspicere.
1518 2500 1656 2533 secunda

195 2554 316 2595 quippe
332 2555 454 2586 fortuna
471 2555 631 2596 superiora
656 2557 762 2588 omnia
778 2557 865 2587 nobis
885 2557 970 2588 dicta
997 2557 1150 2589 videntur.
1173 2558 1223 2588 his
1245 2557 1327 2588 enim
1352 2567 1411 2598 ego
1427 2555 1655 2597 quodammodo

197 2607 403 2648 indigebam:
429 2609 579 2650 quocirca
608 2616 760 2651 oportune
791 2611 892 2647 ambo,
920 2618 965 2647 tu,
997 2612 1081 2647 (lico,
1096 2618 1127 2643 et
1153 2611 1306 2653 Megillus
1337 2611 1396 2642 iste
1421 2620 1472 2641 me
1486 2609 1658 2651 reperistis.

195 2669 299 2703 neque
315 2662 423 2693 celabo
439 2673 505 2699 vos,
520 2663 604 2705 quod
625 2664 699 2695 mihi
722 2664 847 2696 accidit.
869 2666 957 2707 quasi
973 2667 1057 2697 enim
1081 2667 1210 2708 augurio
1226 2665 1273 2696 his
1287 2664 1480 2696 sermonibus
1493 2663 1655 2695 confirma-

196 2721 246 2745 tus
268 2725 348 2747 sum.
373 2717 504 2748 maxima
531 2718 671 2759 profecto
697 2718 893 2750 Cretensium
918 2730 989 2761 pars
1015 2720 1171 2752 coloniam
1200 2720 1320 2750 mittere
1349 2718 1507 2759 quandam
1525 2717 1654 2758 cogitat,

195 2779 231 2800 ae
247 2768 376 2801 Gnosiis
392 2771 457 2812 ejus
473 2771 516 2801 rei
533 2782 636 2802 curam
662 2774 838 2804 committit.
883 2773 1073 2805 Gnosiorum
1093 2785 1162 2805 vero
1176 2773 1284 2805 civitas
1304 2773 1378 2803 mihi
1393 2771 1526 2813 aliisque
1540 2781 1653 2804 novem

193 2824 266 2855 viris
291 2823 323 2855 id
349 2824 479 2856 mandat
507 2826 688 2858 curandum.
735 2828 820 2870 leges
850 2833 953 2859 autem
984 2839 1101 2870 ponere
1114 2829 1227 2870 jubet:
1253 2833 1285 2858 et
1300 2837 1370 2868 quae
1396 2825 1487 2857 nobis
1509 2836 1550 2856 ex
1575 2825 1654 2858 Cre-

190 2877 330 2910 tensibus
354 2878 502 2921 placeant
529 2886 559 2911 et
577 2892 644 2923 quae
675 2881 802 2914 aliunde
829 2882 936 2925 colligi
965 2883 1095 2925 possint.
1119 2882 1278 2924 edicitque
1301 2879 1402 2917 nobis,
1418 2890 1458 2911 ne
1474 2879 1653 2923 peregrinas
