1840 3225
212 204 288 265 ’19]
830 213 1112 255 Palmatis,
1655 217 1678 253 5

213 321 273 352 iste
289 321 445 362 quaesirit.
493 321 579 352 Pno.
605 318 742 350 Prorsus.
766 318 921 358 responde
937 317 1041 358 igitur.
1087 318 1142 348 So.
1169 317 1306 349 Efficiam
1324 319 1408 360 quod
1433 319 1536 357 vultis,
1552 331 1623 351 cum
1639 322 1678 353 dc

215 375 263 406 his
278 375 386 405 iisdem
404 375 562 417 paulisper
577 373 669 403 etiam
687 372 901 412 disputavero,
946 370 991 402 Ut
1006 371 1087 402 enim
1105 371 1129 401 si
1153 372 1222 412 quis
1238 383 1334 403 uuum
1351 373 1478 414 aliquod
1495 375 1624 415 accipit,
1643 376 1678 412 is,

216 433 251 459 ut
267 429 411 465 diximus,
427 429 510 459 haud
535 438 603 457 mox
625 427 659 457 in
683 426 796 456 infiniti
821 430 975 462 naturam,
1003 426 1056 455 sed
1085 426 1116 455 in
1141 426 1275 467 aliquem
1303 437 1464 457 numerum
1490 429 1679 461 descendere

215 483 328 513 debet:
354 483 398 513 ita
413 482 560 521 vicissim,
589 482 612 512 si
629 481 697 522 quis
714 479 868 511 infinitum
895 480 992 520 primo
1017 490 1136 510 sumere
1160 480 1292 521 cogitur,
1320 492 1516 523 nequaquam
1535 483 1566 512 in
1582 494 1679 514 uuum

215 537 378 572 continuo,
393 537 448 567 scd
465 536 496 566 in
514 545 674 566 numerum
691 535 860 576 quendam,
876 535 929 575 qui
957 533 1188 564 multitudinem
1205 534 1341 576 aliquam
1365 535 1488 573 habeat,
1513 537 1608 568 debet
1631 539 1679 568 iu-

217 591 355 628 tendere,
368 602 405 621 ex
421 590 627 631 omnibusque
644 590 769 620 tandem
788 590 818 619 in
836 599 931 619 unum
948 588 1099 619 desinere.
1124 588 1219 625 Quod
1239 599 1309 619 vero
1327 600 1409 620 nunc
1422 590 1565 627 diximus,
1580 603 1681 623 rursus

216 645 248 675 in
266 645 358 675 literis
372 644 545 686 conjectari
561 645 645 675 licet.
691 643 778 674 Pno.
804 643 972 680 Quomodo
987 643 997 673 ?
1044 644 1098 674 S0.
1123 643 1295 684 Postquam
1312 644 1462 674 infinitam
1478 656 1582 677 vocem
1595 647 1681 687 cogi-

213 698 306 735 tavit,
323 699 387 730 sive
412 698 500 730 Deus
528 698 652 740 aliquis,
668 698 733 728 sive
759 698 852 727 homo
872 697 1008 734 divinus,
1024 697 1126 738 qualis
1148 698 1232 737 apud
1257 698 1425 740 AEgyptios
1439 699 1562 729 Thcuth
1586 701 1681 731 fuisse

215 752 323 788 fertur,
340 753 438 794 primo
454 753 485 783 iu
502 752 572 794 ipsa
589 752 674 783 vocis
689 751 842 782 infinitate
857 751 980 782 vocales
997 752 1099 782 literas
1124 752 1343 787 consideravit,
1359 763 1429 793 quae
1448 763 1510 782 non
1529 765 1601 790 una,
1625 755 1680 785 scd

215 806 321 847 plures
337 812 430 837 sunt:
458 817 621 848 rursusque
648 806 735 841 alias,
752 816 822 846 quae
838 816 900 835 nou
917 805 1014 842 vocis,
1031 805 1084 835 sed
1103 806 1253 846 phthongi
1271 806 1439 848 participes
1455 813 1569 845 essent,
1587 814 1681 849 atque

215 861 323 890 harum
340 871 500 891 numerum
516 866 634 891 certum
659 859 799 890 similiter
813 859 975 889 definivit:
1002 859 1121 890 tertiam
1146 859 1261 890 deinde
1287 860 1422 901 speciem
1447 861 1601 892 literarum
1619 863 1683 893 dis-

217 913 320 951 tinxit,
337 925 454 952 earum,
478 925 556 956 quas
579 907 663 945 nuuc
687 919 788 944 mutas
812 924 980 944 vocamus:
1007 919 1164 955 postremo
1189 913 1323 955 liquidas
1351 921 1513 957 mutasque
1536 917 1682 948 discrevit

217 978 316 1009 usque
332 969 370 999 ad
388 969 552 1010 quodlibet
568 980 676 1005 unum,
689 968 872 1007 vocalesque
885 973 916 998 et
930 968 1046 998 medias
1063 969 1172 998 codem
1188 969 1280 999 modo
1295 980 1303 1007 3
1319 970 1420 1001 donec
1433 981 1536 1001 carum
1552 972 1680 1012 capiens

217 1033 378 1054 numerum
400 1023 432 1053 in
450 1034 638 1065 unaquaque
653 1028 685 1053 et
707 1023 828 1053 cunctis
853 1022 1042 1053 elementum
1071 1023 1206 1054 vocavit.
1251 1023 1396 1065 Cumque
1425 1024 1556 1062 videret,
1583 1026 1681 1056 nemi-

217 1087 289 1107 nem
306 1077 406 1117 ipsum
435 1088 530 1108 unum
556 1078 727 1107 secundum
752 1087 784 1107 se
807 1077 907 1117 ipsum
931 1077 1057 1107 seorsim
1083 1088 1100 1107 a
1116 1076 1241 1118 reliquis
1256 1083 1485 1119 percepturum,
1502 1078 1682 1120 hujusmodi

217 1130 375 1161 vinculum
392 1131 570 1167 meditatus,
587 1136 621 1162 ut
636 1142 732 1162 uuum
756 1131 906 1161 exsistens
933 1136 965 1161 et
990 1131 1044 1161 lias
1068 1141 1175 1161 omnes
1190 1142 1285 1161 unum
1303 1133 1534 1173 quodammodo
1552 1134 1681 1172 faciens,

216 1195 310 1215 unam
327 1186 358 1215 in
375 1185 449 1226 ipsis
476 1192 569 1216 artem
586 1186 712 1216 nomine
728 1185 956 1225 grammaticam
975 1185 1094 1216 statuit.
1139 1185 1220 1216 Pru.
1245 1186 1323 1217 Haec
1340 1186 1464 1227 planius
1480 1198 1572 1228 quam
1588 1189 1681 1230 supe-

217 1238 308 1274 riora,
324 1239 470 1269 videlicet
486 1239 555 1280 ipsa
571 1239 703 1270 invicem
721 1244 913 1280 comparata,
931 1250 949 1268 o
966 1239 1148 1276 Protarche‚
1164 1241 1398 1280 comprehendi.
1421 1241 1503 1271 idem
1530 1247 1632 1273 tamen
1650 1249 1681 1274 ct

216 1303 300 1323 nunc
316 1297 348 1322 et
363 1293 504 1334 superius
519 1292 553 1322 iu
571 1294 628 1324 hac
645 1293 858 1334 disputatione
875 1293 1031 1325 desidero.
1075 1293 1133 1324 So.
1156 1293 1241 1324 Num
1259 1295 1331 1334 hoc,
1347 1306 1365 1325 0
1379 1294 1519 1333 Philebo,
1543 1298 1683 1340 requiris,

215 1347 291 1388 quid
308 1346 456 1377 videlicet
471 1347 508 1377 ad
526 1357 698 1377 sermonem
715 1352 852 1377 nostrum
868 1347 927 1377 ista
943 1347 1127 1378 conferant?
1174 1347 1253 1379 Pur.
1278 1348 1327 1379 Ita
1344 1349 1374 1379 id
1390 1355 1447 1386 est,
1463 1351 1546 1391 quod
1561 1353 1679 1382 dudum

215 1411 276 1441 ego
292 1411 354 1430 una
369 1405 401 1430 et
427 1400 613 1431 Protarchus
639 1400 832 1441 requirimus.
879 1400 933 1432 So.
957 1401 1111 1443 Nunquid
1138 1402 1198 1433 hoc
1225 1403 1370 1439 assecuti,
1396 1405 1549 1446 requiritis
1577 1411 1679 1438 tamen

210 1453 412 1495 jampridem,
424 1455 591 1497 utinquis?
636 1455 718 1487 Pur.
742 1454 887 1491 Quonam
902 1459 994 1496 pacto
1009 1455 1019 1485 ?
1066 1454 1121 1487 So.
1145 1455 1198 1486 An
1214 1467 1276 1486 non
1293 1457 1333 1488 de
1349 1457 1502 1498 sapientia
1517 1464 1549 1489 et
1565 1459 1677 1502 volup-

216 1513 281 1539 tate
306 1509 397 1540 nobis
421 1510 460 1539 ab
483 1509 552 1550 ipso
568 1509 724 1551 principio
750 1509 936 1550 disceptatio
960 1509 1076 1550 extitit,
1101 1515 1201 1540 utrum
1226 1522 1260 1541 ex
1284 1511 1322 1541 iis
1339 1511 1542 1552 eligendum?
1590 1513 1677 1546 Pno.

217 1562 330 1594 Immo.
375 1564 430 1594 So.
454 1563 578 1594 Etenim
605 1575 702 1594 unum
717 1563 841 1594 illorum
864 1568 1029 1604 utrumque
1056 1575 1121 1595 esse
1146 1564 1292 1598 diximus.
1337 1566 1424 1597 Pno.
1448 1567 1593 1598 Diximus
1610 1579 1681 1610 pro-

218 1616 312 1648 fecto.
357 1618 414 1649 So.
439 1618 510 1648 Hoc
526 1618 627 1659 ipsum
655 1617 737 1659 prior
757 1628 855 1648 sermo
880 1617 1019 1658 requirit,
1043 1620 1202 1660 quomodo
1226 1631 1321 1650 unum
1347 1627 1380 1651 et
1400 1621 1499 1651 multa
1515 1627 1680 1664 utrumque

216 1672 324 1702 horum
342 1677 401 1713 est,
417 1683 518 1714 quove
536 1677 628 1713 pacto
645 1683 707 1702 non
723 1671 848 1702 infinita
863 1672 1026 1709 continuo,
1043 1674 1095 1703 sed
1113 1682 1230 1704 certum
1249 1675 1324 1716 [19]
1341 1685 1500 1706 numerum
1516 1677 1681 1717 quodlibet

217 1725 301 1766 prius
315 1726 448 1766 accepit,
460 1737 552 1767 quam
565 1726 596 1756 in
608 1727 762 1757 inlinitum
781 1728 995 1769 porrigeretur.
1042 1727 1128 1758 Pno.
1154 1728 1247 1758 Haud
1265 1739 1338 1759 sane
1355 1730 1385 1759 in
1397 1730 1494 1761 levem
1513 1742 1680 1773 nosquaes-

216 1781 333 1811 tionem
357 1780 472 1812 circulo
499 1781 635 1822 quodam
652 1781 758 1812 nescio
781 1793 844 1824 quo
869 1783 961 1813 modo
985 1782 1114 1813 flectens
1139 1783 1294 1824 Socrates,
1321 1795 1340 1814 o
1367 1784 1510 1822 Pliilebe,
1537 1786 1679 1818 deduxit.

215 1836 322 1871 Quare
348 1846 418 1877 age,
445 1836 607 1866 considera
633 1842 701 1867 uter
726 1842 864 1867 nostrum
893 1838 933 1867 ad
963 1841 1145 1878 praesentem
1175 1837 1450 1879 interrogationem
1480 1842 1679 1881 respondeat.

216 1889 308 1920 Forte
324 1890 405 1921 enim
422 1890 586 1921 ridiculum
603 1896 662 1932 est,
678 1902 738 1928 me,
762 1891 982 1932 disputationis
998 1891 1091 1922 totius
1107 1902 1326 1929 successorem,
1342 1903 1377 1923 ex
1395 1895 1534 1934 eosquod
1551 1905 1678 1935 respon-

215 1943 290 1974 dere
305 1944 344 1974 ad
362 1944 393 1974 id
409 1945 504 1975 modo
522 1955 686 1986 nequeam,
700 1956 802 1975 rursus
818 1947 877 1976 hoc
891 1945 991 1986 ipsum
1003 1945 1058 1976 tibi
1071 1945 1232 1987 imperare·
1253 1951 1390 1977 attamen
1403 1947 1567 1979 ridiculum
1581 1949 1678 1980 multo

217 1998 314 2038 magis
329 2004 421 2035 esset,
437 2005 579 2030 neutrum
609 2005 746 2029 nostrum
763 1999 794 2030 id
813 2010 912 2040 posse.
959 1999 1115 2031 Meditare
1139 2000 1257 2041 itaque,
1280 2000 1355 2042 quid
1371 2012 1507 2042 agamus.
1551 2003 1680 2045 Species

217 2051 300 2081 enim
330 2052 498 2093 voluptatis
514 2063 532 2082 a
556 2053 646 2083 nobis
668 2064 805 2095 quaerere
828 2064 912 2084 nunc
936 2053 1078 2085 Socrates
1102 2054 1175 2084 mihi
1193 2055 1325 2091 videtur,
1344 2060 1443 2086 utrum
1459 2057 1532 2094 sint,
1555 2068 1676 2089 necue:

217 2112 357 2147 quotque
374 2111 533 2147 praeterea,
550 2107 696 2148 qualesve
712 2107 795 2137 sint:
826 2112 858 2138 et
873 2108 912 2138 de
929 2108 1082 2149 sapientia
1105 2108 1213 2138 eadem
1237 2108 1378 2140 similiter
1392 2111 1577 2150 percontari.
1621 2112 1677 2144 So.

216 2158 299 2190 Vera
316 2159 461 2201 loqueris,
477 2172 496 2191 o
514 2160 623 2192 Callian¹
640 2161 694 2193 fili.
712 2161 772 2192 nisi
788 2162 870 2192 enim
886 2162 918 2193 id
934 2163 1017 2193 circa
1032 2162 1196 2204 quodlibet
1210 2174 1319 2200 unum,
1335 2163 1446 2201 simile,
1461 2164 1544 2196 idem
1561 2171 1593 2197 et.
1602 2178 1678 2198 con-

215 2215 352 2252 trarium,
367 2215 630 2257 quemadmodum
647 2215 745 2246 oratio
763 2217 941 2257 praecedens
965 2217 1113 2257 ostendit,
1130 2217 1289 2248 observare
1313 2218 1477 2259 possimus,
1502 2220 1604 2252 nullus
1621 2232 1679 2252 un-

215 2279 309 2310 quam
326 2275 463 2300 nostrum
487 2269 581 2301 ullius
605 2269 663 2301 erit
688 2271 726 2301 ad
754 2270 871 2312 aliquid
900 2270 1002 2312 pretii.
1049 2271 1136 2302 Pno.
1159 2271 1210 2303 Sic
1235 2272 1342 2308 ferme,
1368 2283 1387 2303 o
1414 2274 1568 2311 Socrates,
1584 2286 1616 2307 se
1634 2287 1680 2307 res

215 2323 328 2354 trabere
344 2324 476 2355 videtur.
499 2335 605 2355 verum
628 2325 808 2366 praeclarum
833 2330 1004 2367 temperato
1027 2325 1092 2356 viro
1108 2331 1221 2357 cuncta
1237 2326 1419 2358 dinoscere:
1445 2330 1584 2360 secunda
1606 2341 1677 2361 vero

214 2377 372 2419 navigatio
388 2379 531 2420 quaedam
549 2379 681 2415 videtur,
697 2389 730 2410 se
746 2379 847 2420 ipsum
865 2379 991 2410 minime
1006 2379 1111 2410 latere.
1136 2390 1280 2420 quorsum
1297 2385 1400 2412 autem
1417 2381 1476 2412 ista
1492 2394 1575 2414 nunc
1590 2384 1677 2415 dixe-

214 2431 283 2467 rim,
299 2431 475 2463 declarabo.
505 2432 578 2474 Ipse
595 2433 698 2473 nobis,
715 2445 733 2463 0
749 2433 902 2470 socrates,
917 2434 1168 2475 congregationis
1184 2434 1277 2475 hujus
1293 2440 1400 2466 auctor
1415 2436 1569 2474 exstitisti,
1586 2444 1679 2480 teque

214 2485 318 2526 ipsum
334 2486 372 2515 ad
390 2485 652 2527 investigandum,
669 2487 745 2528 quid
762 2498 800 2518 ex
816 2488 958 2518 humanis
973 2484 1063 2519 rdffius
1079 2488 1231 2529 optimum
1248 2489 1301 2529 sit,
1315 2490 1486 2531 praebuisti.
1511 2491 1593 2522 Nam
1607 2501 1676 2524 cum

215 2538 366 2570 Philebus
383 2539 586 2581 voluptatem,
612 2542 866 2578 delectationem,
889 2542 1028 2573 laetitiam
1052 2547 1084 2573 et
1109 2543 1226 2584 reliqua
1250 2543 1342 2584 hujus
1359 2545 1478 2585 generis
1501 2546 1677 2577 hominibus

213 2593 333 2634 optima
348 2604 415 2624 esse
431 2600 588 2632 assereret,
605 2601 638 2626 tu
654 2596 699 2626 illi
715 2597 818 2627 statim
835 2597 1061 2638 contradixistI,
1084 2608 1145 2627 non
1173 2608 1210 2628 ea
1226 2608 1295 2639 quze
1311 2598 1440 2636 diceret,
1455 2610 1522 2631 esse
1546 2601 1677 2642 optima,

213 2647 269 2677 sed
286 2647 338 2678 illa
354 2648 470 2689 potius,
486 2658 556 2689 quae
569 2660 781 2691 saepenumero
792 2651 823 2681 in
836 2651 1012 2682 memoriam
1024 2652 1114 2682 nobis
1126 2658 1238 2693 sponte
1249 2653 1433 2690 reducimus,
1445 2660 1527 2685 recte
1538 2662 1678 2696 agentes,

216 2705 252 2731 ut
268 2702 414 2732 memoria
430 2703 560 2744 repetita
577 2710 706 2745 utraque
722 2705 946 2737 examinentur.
970 2705 1060 2737 Dicis
1075 2711 1190 2743 autem,
1208 2711 1242 2736 ut
1258 2706 1391 2747 videtur,
1404 2707 1481 2748 ipse,
1496 2709 1580 2749 quod
1595 2714 1677 2740 recte

214 2755 441 2796 appellandum
457 2757 528 2793 erit,
543 2759 738 2798 praestantius
754 2760 915 2802 voluptate
930 2761 1046 2790 bonum
1063 2770 1141 2797 esse,
1154 2765 1300 2797 mentem,
1314 2761 1487 2793 scientiam.
1500 2762 1676 2803 intelligen-

215 2809 301 2846 tiam,
317 2815 412 2841 artem
428 2817 460 2842 et
474 2811 590 2854 reliqua
608 2812 837 2854 hujuscemodi,
853 2825 924 2856 quae
939 2825 1101 2856 capessere
1118 2815 1222 2856 potius
1238 2825 1329 2855 quam
1343 2814 1395 2845 illa
1410 2816 1570 2846 debemus.
1594 2818 1674 2847 Cum

214 2863 308 2904 igitur
323 2864 390 2896 lucc
406 2871 535 2908 utraque
552 2867 756 2909 ambiguitate
772 2869 906 2910 quadam
923 2869 1008 2900 dicta
1022 2869 1165 2906 fuissent,
1183 2880 1238 2899 nos
1249 2869 1324 2909 joco
1340 2870 1475 2911 quodam
1493 2869 1599 2899 minati
1623 2881 1673 2900 su-

214 2927 295 2956 mus,
312 2929 374 2949 nou
391 2920 474 2962 prius
490 2925 519 2952 te
535 2921 725 2961 dimissuros,
741 2933 834 2966 quam
850 2924 920 2956 huic
937 2923 1153 2955 controversia:
1169 2928 1252 2955 certa
1266 2924 1400 2964 quadarn
1416 2923 1672 2955 determinatione
