1840 3225
273 235 349 274 194
862 227 1126 266 PLATosls
1667 227 1737 277 [53

283 340 375 366 natus
402 343 464 364 non
489 333 580 364 fuerit
595 345 604 372 3
626 342 714 363 veros
739 336 841 362 tamen
860 331 1019 372 <genitores
1048 341 1200 372 nusquam
1231 329 1382 369 reperiat:
1408 327 1552 369 nunquid
1585 328 1747 360 vaticinari

283 394 384 429 pote-J⁷
401 387 500 427 qualis
514 387 586 416 huic
601 385 696 415 animi
711 385 840 415 affectus
863 385 984 414 futurus
1008 384 1047 413 sit
1062 395 1133 423 erga
1149 383 1325 413 adulatores
1341 388 1373 412 et
1393 393 1466 423 erga
1488 393 1554 418 eos,
1569 382 1625 423 qui
1649 380 1752 421 ipsum

283 446 528 482 supposuerunt,
544 445 605 470 tam
621 440 651 469 in
669 450 706 469 eo
723 444 873 479 tempore,
890 439 919 467 in
938 448 1000 478 quo
1023 437 1097 467 nihil
1115 438 1154 467 de
1171 437 1386 478 suppositione
1408 436 1635 477 suspicabatur,
1657 444 1750 475 quam

287 500 450 536 postquam
476 505 539 524 rem
565 494 662 534 ipsam
691 493 818 533 agnovit
834 492 843 521 ἓ
869 502 907 521 an
935 492 979 521 xis
1007 491 1189 531 praesagium
1219 501 1320 520 meum
1349 490 1480 520 audire?
1526 488 1642 520 GLAU.
1665 487 1753 518 Volo

286 549 447 590 equidem.
491 548 547 578 So‘.
574 546 734 578 Vaticinor
749 546 854 587 itaque
870 545 970 581 illum,
987 546 1060 575 dum
1072 544 1321 585 suppositionem
1338 545 1462 585 penitus
1470 543 1641 584 ignorabit,
1654 540 1751 582 magis

287 613 341 633 eos
357 603 589 638 honoraturum,
605 611 683 642 quos
702 605 842 641 parentes
859 604 890 629 et
905 598 1096 640 propinquos
1107 598 1272 634 existimat,
1287 607 1378 638 quam
1393 602 1617 635 assentatore33
1635 595 1751 625 minus·

287 666 349 697 que
365 667 419 686 eos
436 656 467 686 in
491 655 665 696 indigentia
682 653 908 694 neglecturum,
925 652 1150 693 tardioremque
1165 652 1238 693 <fore
1256 652 1294 682 ad
1310 651 1454 692 injuriam
1469 651 1545 692 ipsis
1557 649 1753 680 inferendam

278 709 334 740 >vel
351 708 528 741 convicium
543 708 722 743 dicendum,
739 707 897 748 magisque
915 706 974 736 illis
987 706 1016 736 in
1037 707 1126 736 rebus
1138 706 1281 747 gravibus
1297 715 1390 747 quam
1405 704 1618 735 adulatoribus
1633 701 1751 744 paritu—

287 775 367 795 rum.
413 763 528 794 Gmu.
549 762 726 793 Verisimile
741 762 774 792 id
789 761 927 802 quidem.
976 761 1032 791 So.
1057 761 1110 791 S'n
1127 762 1322 801 persenserit,
1338 761 1393 791 hos
1407 766 1490 791 certe
1503 759 1604 790 minus
1617 758 1751 788 bonora—

287 818 334 848 bit
349 818 530 858 curabitque
545 828 552 846 t
579 821 784 853 assentatores
800 825 871 845 vero
889 815 984 855 magis
999 825 1091 856 quam
1109 820 1201 845 antea
1223 815 1306 846 colet
1322 815 1381 845 illis
1397 813 1582 856 propensius
1597 812 1750 852 obseque-

288 877 348 907 tur,
365 872 403 901 ad
421 881 525 901 eorum
542 870 717 911 exemplum
741 870 834 899 vitam
859 869 1004 899 instituet
1020 879 1118 904 suam,
1135 879 1205 899 cum
1230 869 1290 899 illis
1308 869 1408 910 palam
1424 880 1460 900 ac
1475 869 1570 899 libere
1586 875 1750 898 conversa-

290 924 383 956 bitur.
400 926 439 955 de
456 925 503 955 his
527 935 611 960 vero,
628 933 705 964 quos
723 927 865 964 parentes
888 928 919 952 et
947 922 1138 963 propinquos
1162 928 1336 963 putaverat,
1360 923 1420 953 nisi
1443 922 1534 952 valde
1557 926 1666 951 natura
1681 919 1751 961 quis

290 989 397 1019 aequus
424 979 475 1015 sit,
492 977 569 1008 nihil
587 965 709 1018 prorsus
735 976 865 1006 curabit.
910 976 1026 1006 GLAU.
1051 975 1164 1005 Omnia
1189 986 1323 1017 prorsus,
1341 981 1375 1006 ut
1391 986 1504 1015 narras,
1519 974 1750 1015 contingerent.

289 1033 342 1062 sed
360 1033 434 1073 quid
452 1033 517 1062 haec
538 1031 710 1062 similitudo
734 1030 773 1059 ad
797 1039 862 1065 eos,
886 1029 940 1069 qui
965 1029 1193 1069 disputationes
1209 1031 1387 1060 sectantur?
1432 1029 1489 1059 So.
1512 1027 1631 1058 Audies
1647 1027 1755 1057 modo.

291 1085 371 1115 Sunt
387 1085 477 1116 nobis
492 1096 508 1115 a
537 1084 667 1125 pueritia
682 1084 847 1125 opiniones
874 1084 914 1113 de
930 1083 1068 1113 honestis
1080 1082 1235 1124 justisque
1259 1083 1380 1120 officiis,
1403 1083 1461 1114 sub
1476 1083 1589 1124 quibus
1604 1087 1752 1122 tanquam

290 1140 470 1180 parentibus
486 1139 609 1170 educati
626 1149 730 1169 sumus
746 1150 752 1168 :
779 1138 825 1168 his
842 1148 995 1179 paremus,
1019 1138 1073 1167 has
1089 1148 1152 1178 prae
1168 1137 1276 1168 ceteris
1293 1139 1489 1168 honoramus.
1534 1135 1651 1166 GLAU.
1673 1135 1754 1166 Sunt.

290 1194 393 1234 plane.
441 1194 496 1225 So.
522 1193 667 1223 Offerunt
679 1203 710 1223 se
727 1192 816 1222 nobis
833 1199 864 1222 et
880 1192 1066 1232 voluptates,
1084 1202 1154 1232 quae
1169 1193 1207 1233 ad
1225 1192 1377 1222 contraria
1390 1202 1448 1230 nos
1463 1190 1617 1226 alliciunt,
1633 1194 1665 1220 et
1676 1189 1750 1219 dum

280 1248 402 1278 'animae
419 1247 631 1283 blandiuntur,
651 1247 690 1276 ad
708 1246 759 1276 illa
781 1246 979 1286 detorquent.
1004 1255 1066 1275 non
1093 1250 1194 1275 tamen
1212 1245 1250 1275 ab
1267 1245 1313 1275 his
1328 1245 1506 1281 flectuntur,
1522 1243 1577 1284 qui
1592 1243 1640 1274 vel
1658 1242 1753 1284 paulo

289 1312 381 1342 quarn
406 1302 501 1332 ceteri
516 1301 734 1331 moderatiores
749 1304 822 1329 sunt
836 1310 842 1328 ε
869 1299 922 1329 sed
941 1299 993 1328 illa
1009 1299 1104 1329 veluti
1128 1304 1256 1339 paterna
1273 1299 1381 1330 colunt
1401 1299 1508 1340 eisque
1523 1298 1754 1338 obtemperant.

290 1354 404 1385 GLAu.
428 1355 478 1385 Sic
494 1356 609 1385 evenit.
655 1354 710 1386 So,
733 1354 766 1385 Si
791 1352 956 1383 dialectica
972 1353 1016 1382 vis
1032 1363 1176 1393 aggressa
1189 1352 1325 1394 aliquem
1349 1353 1391 1383 ita
1407 1352 1553 1384 affectum
1569 1352 1750 1392 interroget,

289 1408 365 1449 quid
383 1409 545 1439 honestum
561 1409 612 1449 sit,
629 1419 664 1438 ac
681 1407 922 1448 respondentem
947 1406 992 1442 id,
1009 1407 1093 1447 quod
1111 1417 1147 1437 ex
1176 1406 1350 1447 legislatore
1375 1410 1565 1448 perceperat,
1582 1404 1659 1435 ratio
1675 1414 1753 1434 con·

288 1463 380 1498 sntet,
396 1462 572 1503 crebrisque
588 1468 619 1492 et
636 1461 724 1491 variis
748 1460 1016 1501 redargutionibus
1039 1470 1078 1490 eo
1093 1461 1241 1496 deducat,
1264 1465 1299 1490 ut
1314 1460 1460 1501 opinetur
1472 1459 1551 1489 illud
1575 1467 1639 1488 non
1656 1457 1755 1499 magis

289 1517 452 1546 honestum
469 1526 534 1546 esse
550 1526 642 1556 quam
660 1521 761 1555 turpe,
777 1514 975 1556 dequejusto
987 1524 1022 1544 ac
1035 1515 1116 1544 bono
1141 1514 1281 1544 similiter
1296 1522 1415 1554 arguat,
1430 1518 1462 1544 et
1484 1513 1524 1543 de
1545 1511 1665 1549 ceteris,
1680 1521 1751 1553 quae

289 1580 408 1600 summo
426 1570 456 1600 in
474 1570 589 1599 honore
606 1575 677 1600 ante
693 1569 827 1599 habebat
843 1580 849 1598 z
876 1568 983 1609 parine
999 1568 1052 1598 illa
1069 1569 1197 1609 posthac
1214 1568 1330 1598 honore
1347 1573 1379 1598 et
1395 1566 1590 1598 observantia
1607 1575 1752 1606 prosecu-

289 1630 389 1654 turum
404 1629 495 1666 putas
509 1624 538 1653 θ’
567 1623 682 1654 (ΞιΑυ.
707 1623 823 1653 Minori
836 1623 1004 1652 admodum
1022 1628 1111 1664 puto.
1157 1622 1213 1654 So.
1239 1622 1376 1658 Quando
1392 1621 1486 1662 igitur
1500 1630 1602 1661 neque
1617 1620 1675 1650 ista
1685 1619 1755 1660 quis

289 1684 396 1709 censet
422 1678 595 1708 domestica
623 1683 657 1708 ut
680 1684 771 1707 antea
797 1677 843 1707 vel
870 1677 1064 1718 honoranda,
1089 1687 1191 1717 neque
1216 1676 1330 1717 reperit
1357 1686 1428 1707 vera
1442 1687 1450 1715 3
1472 1675 1507 1706 in
1534 1674 1628 1704 vitam
1651 1673 1755 1714 potius

289 1733 435 1762 blandam
448 1743 538 1773 quam
553 1733 584 1762 in
601 1732 703 1767 aliam,
723 1731 820 1773 [539]
841 1737 873 1760 ut
888 1737 1132 1762 consentaneum
1145 1737 1205 1770 est,
1222 1731 1402 1771 prolabitur.
1437 1729 1552 1760 GLAU.
1575 1726 1753 1758 Verisimile

288 1787 320 1816 id
338 1778 476 1827 Equidem,
522 1786 578 1817 So.
603 1785 648 1815 Ex
668 1785 756 1826 justo
772 1785 864 1826 igitur
879 1784 931 1815 fiet
948 1785 1084 1825 iniquus.
1131 1784 1248 1815 Gmtr.
1271 1783 1410 1815 Necesse
1438 1787 1496 1813 est.
1540 1781 1597 1812 So.
1623 1780 1673 1811 An
1689 1790 1752 1810 non

290 1840 410 1875 merito,
428 1844 462 1870 ut
477 1849 576 1880 nuper
600 1839 754 1878 dicebam,
769 1838 894 1868 affectio
917 1849 1036 1875 eorum,
1059 1839 1114 1880 qui
1138 1838 1178 1868 ita
1203 1849 1235 1868 se
1256 1839 1295 1868 ad
1319 1837 1533 1868 disserendum
1556 1838 1753 1875 comparant,

288 1894 359 1924 talis
385 1899 442 1930 est,
468 1899 502 1924 ut
528 1893 688 1934 plurimam
715 1893 819 1934 exigat
843 1893 964 1924 veniam
980 1893 991 1922 ?
1039 1892 1153 1923 Gmu.
1177 1892 1219 1922 Et
1245 1892 1483 1922 misericordiam
1514 1891 1650 1930 insuper.
1696 1888 1754 1921 So.

287 1947 333 1979 Ut
349 1948 441 1989 igitur
467 1948 648 1978 miserabilis
665 1948 714 1978 hic
731 1953 860 1977 eventus
876 1947 1002 1983 vitetur,
1029 1947 1155 1988 triginta
1177 1957 1275 1977 annos
1291 1947 1354 1976 nati
1371 1944 1523 1976 duntaxat
1535 1949 1627 1975 caute
1643 1943 1753 1973 admo·
1786 1947 1789 1950 “

286 2003 360 2032 dum
374 2003 553 2032 dlalecticas
568 2001 850 2042 argumentationes
861 2001 1038 2042 degustent.
1085 2000 1198 2031 GLAU.
1223 2001 1271 2031 Ita
1283 2010 1417 2041 prorsus.
1463 1999 1522 2029 Sos
1545 1998 1594 2028 An
1608 2007 1670 2027 non
1682 1997 1748 2027 haee

288 2057 424 2096 prudens
441 2056 544 2086 cautio
560 2061 618 2091 est,
645 2061 679 2085 ut
694 2065 747 2085 eas
772 2055 918 2085 videlicet
940 2055 1082 2095 juniores
1106 2055 1247 2085 homines
1270 2065 1332 2085 non
1351 2053 1526 2094 attingant?
1549 2061 1651 2092 neque
1666 2051 1750 2081 euim

291 2114 320 2138 te
345 2109 431 2144 latet,
450 2114 483 2138 ut
508 2110 646 2145 arbitror,
663 2108 758 2148 quod,
774 2118 845 2138 cum
874 2108 1004 2148 primum
1021 2108 1246 2139 adolescentuli
1263 2106 1484 2148 disputationis
1501 2105 1664 2136 artificium
1680 2114 1751 2144 gus-

289 2167 367 2197 tant,
384 2173 420 2192 eo
438 2162 576 2202 protinus
589 2161 676 2202 quasi
693 2161 767 2191 ludo
784 2162 920 2202 quodam
937 2162 976 2190 ad
993 2161 1196 2192 refellendum
1216 2166 1354 2195 utuntur,
1372 2169 1499 2200 eosque,
1515 2158 1568 2198 qui
1585 2157 1750 2188 confutant

288 2215 376 2251 alios,
393 2215 531 2245 studiose
546 2220 712 2254 sectantes,
725 2220 757 2244 et
774 2214 830 2254 ipsi
847 2213 924 2244 alios
939 2224 1064 2255 quoque
1081 2214 1281 2254 redarguunt,
1293 2224 1329 2244 ac
1340 2212 1547 2243 distrahendis
1564 2210 1752 2241 lacerandis-

284 2275 350 2309 'quc
366 2268 511 2309 proximis
527 2268 697 2298 catulorum
712 2278 793 2297 more
806 2267 929 2297 assidue
943 2267 1148 2298 delectantur.
1194 2267 1309 2297 GLAu.
1334 2266 1450 2296 Mirum
1463 2266 1494 2295 in
1509 2265 1647 2295 modum.
1693 2263 1751 2293 So.

288 2323 367 2354 Cum
386 2333 456 2352 vero
475 2322 576 2363 plures
591 2321 781 2352 convicerint
797 2327 828 2351 et
843 2331 861 2351 a
878 2320 1016 2362 pluribus
1032 2321 1090 2362 ipsi
1115 2321 1248 2352 convicti
1265 2320 1393 2354 suerint.
1408 2331 1446 2350 eo
1469 2319 1633 2350 confestim
1651 2318 1749 2348 deve-

288 2376 391 2412 niunt,
408 2381 441 2405 ut
459 2386 495 2405 ex
525 2375 659 2415 pristinis
683 2374 884 2415 opinionibus
908 2382 1002 2404 ratam
1028 2375 1143 2404 nullam
1170 2375 1317 2405 habeant.
1339 2379 1433 2415 atque
1457 2383 1494 2404 ex
1517 2372 1565 2402 his
1589 2377 1622 2405 et
1644 2371 1702 2412 ipsi
1720 2375 1751 2400 et

289 2429 389 2459 omnis
406 2428 604 2470 philosophia
628 2429 710 2469 apud
738 2428 813 2458 alios
839 2428 1024 2458 calumniam
1049 2434 1256 2469 repmtarunt.
1302 2427 1418 2459 GLAU.
1442 2426 1528 2458 Vera
1543 2426 1647 2457 refers.
1692 2424 1748 2455 So.

290 2482 336 2512 At
350 2483 394 2524 1111-
407 2487 477 2512 natu
493 2482 636 2522 grandior
649 2483 687 2511 ab
701 2482 756 2511 hac
774 2482 892 2511 insania
910 2482 1091 2522 diligentius
1105 2481 1289 2520 declinabit,
1301 2491 1336 2512 ac
1352 2481 1508 2511 hominem
1523 2478 1748 2519 investigandae

290 2536 426 2567 veritatis
440 2536 535 2576 gratia
552 2535 751 2566 disserentem
777 2535 948 2565 imitabitur
963 2536 1066 2576 potius
1081 2546 1173 2576 quam
1191 2546 1275 2572 eum,
1290 2535 1342 2576 qui
1355 2534 1484 2575 jocandi
1500 2542 1593 2564 causa
1608 2531 1751 2561 versutiis

288 2589 558 2630 captiunculisque
575 2589 725 2620 incumbit
740 2601 745 2618 :
771 2589 846 2629 quin
861 2594 892 2619 et
908 2589 973 2629 ipse
990 2590 1159 2620 modestius
1176 2600 1242 2620 sese
1259 2594 1356 2629 geret,
1369 2593 1401 2619 et
1416 2586 1597 2628 disputandi
1612 2585 1749 2616 studium

289 2654 324 2672 ex
343 2643 449 2672 infami
475 2642 757 2673 reddetillustrius.
805 2643 921 2673 Utar.
945 2643 1039 2674 Scite.
1084 2643 1138 2674 So.
1165 2643 1213 2673 Ad
1230 2642 1384 2683 ejusmodi
1411 2645 1558 2682 praeterea
1572 2639 1750 2670 cautionem

288 2696 446 2736 superiora
463 2695 547 2725 (licta
563 2700 634 2725 sont
651 2697 765 2731 omnia,
783 2702 924 2736 oportere
941 2696 1088 2726 videlicet
1106 2697 1280 2726 moderatos
1295 2700 1327 2726 et
1341 2705 1447 2736 graves
1463 2703 1529 2724 esse
1545 2691 1625 2728 illos,
1641 2691 1697 2732 qui
1712 2691 1752 2720 ad

288 2748 508 2789 disputationis
526 2749 661 2778 studium
677 2750 907 2780 adsciscuntur:
934 2760 1036 2789 neque
1065 2748 1360 2780 communicandum
1377 2757 1444 2778 esse
1459 2746 1491 2777 id
1518 2745 1636 2786 ineptis
1651 2744 1755 2774 homi-

287 2803 390 2838 nibus,
407 2806 449 2837 et,
476 2808 510 2832 ut
527 2812 608 2832 nunc
625 2803 670 2837 tit,
699 2803 853 2838 munibus,
882 2812 1087 2842 quoscunque
1113 2814 1177 2832 sors
1193 2801 1352 2832 obtulerit.
1397 2799 1514 2831 GLau.
1537 2798 1753 2838 summopere.

286 2854 342 2885 So.
366 2855 397 2886 Si
414 2854 482 2896 quis
499 2854 706 2895 disputationi
723 2856 888 2896 diligenter
903 2855 1090 2897 assidueque
1117 2857 1171 2887 det
1186 2865 1324 2897 operatu,
1348 2853 1466 2884 nihilve
1482 2857 1554 2893 agat
1568 2851 1667 2887 aliud,
1690 2850 1753 2881 nisi

286 2910 367 2949 qood
387 2907 517 2938 xit-{ssim
534 2910 721 2950 quandoque
746 2909 914 2951 gynmnsiis
929 2919 1041 2950 corpus
1069 2916 1220 2947 exerceat,
1246 2908 1317 2939 huic
1332 2908 1370 2938 ad
1389 2906 1621 2949 perceptionem
1638 2903 1747 2946 hujus-
