1840 3225
173 214 252 252 486
717 212 979 252 EPISTOLA
1023 213 1114 251 VII.
1540 209 1642 263 [338

176 316 294 357 eligere
320 323 414 358 atque
440 316 473 348 in
500 318 615 349 honore
632 318 778 359 praeferre
795 328 851 349 eos
867 318 996 360 debent,
1014 327 1092 359 quos
1109 326 1176 347 esse
1193 315 1371 347 audiverint
1387 315 1526 357 optimos
1543 327 1550 345 ι
1575 315 1639 356 pri·

175 380 262 400 mum
291 371 419 413 quidem
447 382 550 408 scneS,
578 372 633 414 qui
663 372 744 403 filios
770 378 802 404 et
825 382 936 403 uxores
959 372 1095 402 habeant
1119 377 1214 411 atque
1231 370 1438 405 domicilium,
1453 379 1490 400 ac
1504 367 1641 410 majores

175 433 284 456 eorum
308 436 403 467 quam
432 426 584 467 plurimos
608 432 642 457 et
667 427 814 468 probatos
835 432 868 457 et
890 427 1041 468 insignes,
1056 425 1278 466 sufficiensque
1295 434 1404 455 omnes
1418 422 1640 465 patrimonium

174 479 387 519 possidentes,
411 480 531 511 civitati
546 491 620 511 vero
636 481 748 511 decem
761 481 893 511 millium
908 481 1042 511 virorum
1059 479 1290 520 quinquaginta
1302 477 1461 519 ejusmodi
1475 476 1643 508 sufficient.

178 533 235 562 hos
261 543 334 574 ergo
355 534 502 574 precibus
522 535 754 574 honoribusque
781 545 875 574 quam
900 534 1046 563 maximis
1071 533 1164 563 domo
1179 542 1311 562 evocare
1327 532 1465 562 debent:
1490 535 1638 561 evocatos

177 591 284 617 autem
296 588 415 628 precari
429 593 522 628 atque
534 588 738 630 jurejurando
753 588 938 628 astringere,
953 594 986 617 ut
999 588 1084 627 leges
1101 586 1250 621 condant,
1265 596 1336 627 quae
1352 596 1456 627 neque
1471 584 1642 616 victoribus

176 650 281 682 neque
310 641 401 672 victis
425 643 495 683 plus
508 642 658 677 tribuant,
674 643 728 672 scd
743 641 796 682 jus
812 642 962 672 universae
981 642 1099 671 civitati
1116 652 1240 681 aequum
1257 647 1350 681 atquc
1367 649 1544 670 commune.
1567 638 1640 668 latis

176 693 315 735 denique
339 696 463 736 legibus
489 696 522 726 in
548 696 607 726 hoc
630 695 698 737 jam
725 696 829 726 onmia
856 696 1041 726 consistunt.
1066 696 1089 725 si
1118 696 1202 725 enim
1228 695 1361 726 victores
1377 694 1503 725 subesse
1519 692 1645 734 legibus

175 749 337 779 voluerint
348 749 446 790 magis
459 750 557 780 etiam
572 760 667 791 quam
682 750 742 786 illi,
760 751 815 790 qui
830 750 906 781 victi
921 756 994 780 sunt
1010 762 1015 779 :
1041 750 1145 780 omnia
1158 750 1225 791 jam
1242 755 1333 780 erunt
1346 749 1455 779 salutis
1467 747 1643 778 felicitatis-

178 812 240 843 que
270 803 367 843 plena
392 804 540 845 ⁴malaque
571 805 676 835 omnia
706 805 814 845 procul
844 805 987 835 aberunt.
1012 805 1061 835 sin
1090 805 1206 839 minus,
1242 814 1303 834 nec
1329 814 1377 833 me
1400 813 1460 833 nec
1487 803 1584 832 alium
1611 801 1644 831 in

176 865 343 887 commune
357 857 525 887 consilium
536 858 575 888 ad
593 868 665 888 eum
680 868 787 888 vocare
805 863 939 899 oportet,
953 858 1007 898 qui
1020 858 1185 899 prrcceptis
1195 857 1352 898 ejusmodi
1363 868 1426 888 non
1438 855 1644 898 acquieverit.

174 909 243 940 haec
259 910 368 951 utique
383 922 530 952 germana
547 917 620 942 sunt
635 922 755 947 eorum,
773 923 841 953 qum
868 912 989 953 jamdiu
1007 923 1065 952 ego
1083 922 1119 942 ac
1137 912 1223 942 Dion
1241 912 1402 953 Syracusis
1416 911 1540 941 efficere
1554 914 1643 940 recto

170 962 293 1004 judicio
322 966 460 1006 aggressi
481 977 600 1001 sumuS,
628 967 804 1006 posteriora
827 971 945 996 tamen.
969 976 1043 996 nam
1066 966 1168 1006 prima
1191 965 1322 1006 quidem
1343 965 1399 995 illa
1413 965 1558 999 fuissent,
1574 974 1645 1004 quae

175 1017 263 1058 apud
288 1018 478 1061 Dionysium
504 1020 611 1060 ipsum
623 1021 725 1060 primo
739 1021 827 1050 bona
843 1020 987 1051 erunibus
1003 1020 1183 1050 communia
1199 1030 1292 1061 agere
1307 1019 1413 1050 conati
1430 1029 1535 1049 sumus
1552 1029 1558 1047 z
1584 1016 1642 1048 sed

172 1071 299 1102 fortuna
323 1072 470 1113 quaedam
494 1074 671 1104 hominibus
686 1075 846 1115 potentior
862 1075 919 1105 illa
935 1074 1089 1105 dissolvit.
1112 1085 1195 1105 nunc
1211 1080 1316 1104 autem
1332 1084 1390 1103 vos
1405 1073 1465 1103 ista
1482 1071 1642 1103 conemini

171 1124 254 1156 bona
269 1128 403 1167 quadam
421 1133 502 1158 sorte
518 1128 688 1169 divinaque
703 1129 830 1159 fortuna
844 1129 1034 1159 fortunatius
1051 1139 1153 1170 agere.
1176 1137 1271 1170 atque
1288 1128 1339 1158 hic
1354 1126 1426 1157 finis
1442 1127 1584 1168 epistolae
1601 1125 1640 1156 de

172 1180 307 1211 consilio
318 1181 421 1222 deque
438 1182 540 1222 prima
556 1182 587 1212 in
602 1183 743 1213 Siciliam
757 1183 958 1223 navigatione
973 1194 1054 1214 mea.
1080 1183 1163 1224 quod
1176 1189 1282 1214 autem
1294 1192 1429 1223 sequens
1440 1180 1595 1222 profectio
1609 1184 1643 1210 et

175 1235 339 1275 navigatio
362 1245 434 1266 mea
448 1246 552 1276 neque
570 1236 608 1266 ab
623 1247 656 1267 re
673 1247 778 1278 neque
794 1242 912 1268 temere
930 1243 1075 1278 suscepta
1087 1238 1192 1272 fuerit,
1209 1237 1233 1267 si
1250 1237 1300 1267 cui
1318 1236 1351 1267 id
1369 1245 1452 1266 curae
1464 1235 1518 1271 sit,
1534 1233 1642 1264 audire

169 1286 237 1328 jam
267 1288 354 1320 licet.
380 1289 510 1330 primum
534 1290 660 1331 quidem
687 1291 889 1322 habitationis
913 1291 945 1321 in
969 1292 1077 1322 Sicilia
1097 1302 1177 1322 meae
1197 1297 1321 1333 tempus
1348 1290 1423 1321 mihi
1450 1293 1644 1320 transactum

172 1341 288 1381 fuerat,
313 1342 410 1385 [338]
435 1344 697 1385 quemadmodum
719 1356 813 1386 supra
839 1344 918 1382 dixi,
947 1346 1126 1387 priusquam
1145 1346 1255 1376 amicis
1270 1344 1516 1385 necessariisque
1532 1341 1646 1373 Dionis

173 1396 340 1426 consilium
356 1396 484 1428 darem:
510 1404 623 1439 postea
637 1409 723 1434 vero,
738 1405 889 1440 quantuni
905 1400 1006 1441 potui,
1026 1399 1179 1442 Dionysio
1196 1399 1349 1440 persuasi,
1365 1404 1400 1429 ut
1411 1408 1462 1428 me
1475 1397 1559 1428 abire
1569 1406 1643 1438 per-

174 1449 324 1481 mitteret.
346 1458 536 1482 convenerat
562 1458 664 1483 autem
690 1453 774 1484 inter
789 1464 858 1490 nos,
874 1459 919 1490 ut,
937 1465 1010 1484 cum
1026 1464 1087 1495 pax
1102 1454 1186 1484 facta
1201 1458 1284 1483 esset
1300 1463 1338 1483 ex
1353 1453 1450 1487 bello,
1467 1451 1553 1492 quod
1567 1456 1642 1481 tunc

170 1502 205 1533 in
220 1503 329 1535 Sicilia
343 1509 420 1540 erat,
436 1510 596 1546 statusque
613 1506 698 1536 illius
713 1507 810 1537 tutius
826 1507 1037 1542 confirmatus,
1054 1507 1139 1537 Dion
1153 1511 1354 1537 revocaretur
1367 1512 1460 1547 atque
1477 1515 1537 1546 ego
1548 1504 1643 1535 simul

172 1557 369 1588 accederem.
392 1559 491 1589 voluit
515 1564 621 1590 autem
648 1560 785 1590 Dionem
807 1560 983 1602 intelligere
1013 1567 1107 1602 atque
1134 1561 1324 1596 existimare,
1348 1570 1381 1590 se
1407 1570 1471 1590 non
1494 1559 1583 1601 quasi
1607 1559 1642 1589 in

175 1610 301 1648 exsilio,
329 1612 384 1642 sed
410 1612 444 1642 in
470 1623 594 1644 secessu
619 1614 760 1654 quodam
786 1615 988 1645 constitutum
1016 1626 1098 1652 esse,
1122 1624 1208 1646 certo
1225 1621 1366 1655 tempore
1382 1614 1567 1644 rediturum.
1583 1623 1643 1654 ego

174 1674 249 1695 vero
272 1666 474 1697 consentiens
499 1668 608 1709 recepi
633 1678 684 1699 me
708 1669 754 1699 ita
781 1669 949 1700 facturum.
972 1670 1029 1700 sed
1057 1681 1129 1700 cum
1154 1675 1266 1711 postea
1281 1680 1340 1711 pax
1356 1676 1467 1699 secuta
1481 1672 1576 1705 esset,
1593 1677 1642 1698 me

174 1718 306 1760 quidem
321 1720 488 1751 accersivit
503 1721 678 1764 Dionysius
692 1734 697 1752 :
725 1722 868 1753 Dionem
892 1734 966 1754 vero
981 1724 1020 1754 ad
1037 1734 1153 1754 annum
1170 1724 1297 1764 insuper
1311 1724 1453 1754 hortatus
1467 1728 1516 1752 est
1531 1721 1643 1752 absen-

174 1772 254 1803 tiam
269 1774 412 1805 tolerare.
435 1785 486 1806 me
503 1780 617 1812 autem,
634 1781 670 1806 ut
686 1777 815 1808 omnino
831 1778 871 1808 ad
887 1789 959 1808 eum
974 1788 1185 1820 properarem,
1209 1777 1342 1819 rogavit.
1387 1777 1474 1808 Dion
1491 1777 1596 1818 igitur,
1611 1781 1648 1806 ut

172 1825 251 1857 illuc
281 1828 479 1865 accederem,
509 1835 541 1860 et
563 1830 699 1871 jubebat
728 1837 760 1862 et
789 1832 985 1872 precabatur.
1017 1833 1214 1862 increbuerat
1243 1832 1325 1862 enim
1353 1842 1390 1862 ex
1420 1830 1527 1861 Sicilia
1548 1830 1644 1865 fama,

173 1879 370 1923 Dionysiu'm
393 1884 472 1914 miro
500 1884 639 1925 quodam
667 1896 774 1916 rursus
805 1886 1013 1927 philosophiae
1043 1886 1202 1917 desiderio
1229 1885 1320 1916 affici.
1343 1895 1406 1926 qua
1420 1895 1452 1915 re
1468 1889 1646 1915 commotus

172 1933 275 1972 Dion,
299 1945 339 1967 ne
366 1937 596 1978 profectionem
622 1940 809 1977 omitterem,
834 1950 1021 1982 magnopere
1050 1941 1224 1981 flagitabat.
1249 1949 1308 1981 ego
1335 1949 1422 1974 vero,
1452 1947 1645 1979 quamquam

172 1988 312 2020 sclebam
334 1989 472 2030 juvenes
495 1993 681 2035 plerumque
698 2004 772 2035 erga
785 1995 1023 2036 philosophiam
1035 1995 1117 2025 affici
1132 1995 1177 2024 ita
1191 1994 1292 2024 solere
1307 2005 1314 2022 :
1340 1993 1516 2024 existimavi
1539 1997 1645 2023 tamen

172 2043 271 2074 tutius
286 2043 367 2086 fore,
384 2051 417 2075 ut
431 2056 499 2076 rem
512 2051 610 2078 totam
627 2047 817 2080 dimitterem
833 2059 937 2090 neque
954 2049 1109 2092 Dionysio
1126 2059 1229 2089 neque
1246 2047 1345 2078 Dioni
1362 2056 1513 2088 parerem.
1533 2046 1644 2077 odiosa

169 2095 268 2137 igitur
295 2098 420 2139 utrique
446 2100 606 2141 respondi,
633 2112 684 2132 me
710 2103 863 2133 videlicet
887 2103 1003 2133 iccirco
1029 2113 1092 2133 non
1117 2102 1342 2144 profecturum,
1369 2101 1441 2142 quia
1464 2110 1559 2131 senex
1575 2101 1642 2142 jam

172 2159 289 2188 essem,
305 2156 338 2181 et
353 2161 473 2189 eorum,
491 2163 559 2194 quae
575 2154 607 2184 in
623 2156 790 2195 praesentia
806 2155 928 2191 fierent,
945 2156 1026 2185 nihil
1042 2156 1101 2191 ita,
1124 2161 1160 2185 ut
1185 2159 1387 2190 convenerat,
1416 2154 1515 2184 fieret.
1537 2153 1646 2184 audivi

172 2209 278 2235 autem
301 2205 476 2248 Archytam
501 2207 707 2238 Tarentinum
732 2209 859 2238 interim
883 2209 923 2239 ad
950 2209 1140 2250 Dionysium
1170 2209 1348 2239 accessisse.
1372 2217 1431 2248 ego
1457 2208 1542 2237 enim
1557 2207 1645 2237 illum

173 2264 246 2289 ante
275 2259 448 2290 discessum
472 2270 579 2291 meum
608 2262 842 2303 nonnullosque
871 2262 949 2292 alios
977 2262 1168 2292 Tarentinos
1183 2262 1215 2291 in
1240 2261 1382 2303 Dionysii
1398 2261 1646 2291 familiaritatem

175 2311 379 2344 adduxeram.
402 2320 492 2344 erant
514 2319 548 2345 et
567 2314 620 2345 alii
642 2315 771 2356 quidam
795 2317 968 2357 SyracusiS,
987 2325 1211 2356 nonnunquam
1230 2314 1345 2346 Dionis
1361 2315 1532 2351 auditores,
1549 2320 1644 2356 atque

173 2365 257 2397 inter
282 2367 339 2398 lios
360 2367 415 2398 alii
439 2368 579 2409 quidam,
606 2370 659 2410 qui
685 2370 748 2400 alia
769 2370 906 2411 plurima
920 2370 953 2400 in
972 2369 1170 2411 philosophia
1187 2369 1394 2399 audiverant:
1419 2369 1473 2410 qui
1487 2369 1565 2400 mihi
1589 2368 1650 2400 visi

172 2425 247 2450 sunt
261 2421 467 2452 contendisse
481 2421 520 2453 de
534 2423 626 2453 rebus
643 2423 817 2465 hujusmodi
841 2424 925 2465 apud
953 2424 1147 2465 Dionysium
1163 2423 1336 2464 disputare,
1353 2424 1444 2464 quasi
1457 2423 1513 2454 ille
1530 2424 1646 2461 omnia,

173 2482 245 2514 quae
260 2475 517 2516 excogitaverim,
535 2478 720 2509 audivisset.
744 2478 798 2509 ille
816 2488 888 2509 vero
899 2489 960 2509 nee
975 2478 1074 2508 hebes
1090 2485 1138 2508 est
1154 2477 1192 2507 ad
1207 2477 1463 2519 perdiscendum,
1475 2483 1510 2508 et
1521 2478 1648 2509 honoris

176 2527 353 2569 cupiditate
377 2531 582 2561 vehementer
608 2532 767 2563 incensus.
791 2534 980 2574 placuerunt
1009 2533 1104 2574 igitur
1129 2532 1188 2563 sibi
1214 2532 1309 2568 forte,
1340 2542 1410 2572 qua?
1437 2531 1624 2562 dicebantur
1638 2544 1644 2562 :

175 2581 406 2624 manifesteque
422 2584 629 2615 erubescebat
645 2586 723 2616 nihil
737 2596 756 2616 a
769 2597 827 2623 me,
843 2597 916 2617 culn
933 2588 972 2617 atl
990 2597 1060 2617 eum
1080 2586 1237 2626 profectus
1254 2595 1336 2621 sum,
1347 2585 1518 2616 audivisse.
1540 2586 1646 2627 itaque

173 2635 289 2676 partim
305 2645 391 2667 amor
405 2637 532 2678 planius
548 2639 698 2670 audiendi
714 2651 785 2672 eum
812 2641 969 2671 invaserat
984 2652 991 2669 :
1019 2641 1132 2681 partim
1148 2640 1306 2681 cupiditas
1324 2639 1432 2681 gloriae
1453 2640 1647 2672 stimulabat.

175 2699 271 2730 quam
283 2700 356 2720 vero
372 2691 411 2721 ob
428 2701 554 2723 causam
570 2693 600 2723 in
616 2694 716 2734 prima
730 2695 783 2724 illa
799 2695 1054 2736 peregrinatione
1073 2705 1141 2725 mea
1153 2705 1216 2725 non
1233 2693 1398 2729 audiverit,
1419 2693 1453 2723 in
1477 2693 1645 2734 superiori—

174 2743 236 2774 bus
260 2745 413 2775 enarravi.
437 2756 509 2776 cum
536 2757 610 2788 ergo
635 2748 762 2778 domum
788 2759 847 2790 ego
870 2759 978 2790 sospes
994 2748 1159 2784 redissem,
1181 2755 1274 2789 atque
1291 2748 1338 2778 illi
1355 2748 1468 2778 iterum
1482 2747 1645 2778 revocanti

175 2797 388 2839 negavissem,
403 2804 438 2829 ut
455 2798 519 2830 dixi
533 2812 539 2830 z
565 2801 650 2832 visus
661 2802 729 2843 jam
743 2803 820 2833 mihi
834 2809 882 2833 est
899 2803 1074 2846 Dionysius
1090 2803 1214 2834 honoris
1231 2803 1279 2833 sui
1294 2811 1368 2833 cura
1383 2810 1510 2842 prorsus
1525 2802 1648 2838 ardere,

175 2852 293 2882 veritus
317 2862 356 2883 ne
384 2853 429 2884 sic
445 2853 626 2895 acciperent
644 2857 785 2888 homines
801 2858 1004 2899 negationem
1020 2867 1137 2894 meam,
1154 2857 1245 2898 quasi
1258 2856 1348 2887 illum
1365 2865 1493 2896 prorsus
1505 2860 1649 2887 contem·

173 2915 296 2944 nerem,
312 2916 383 2939 cum
400 2907 466 2949 ejus
483 2908 642 2951 ingenium
659 2921 823 2953 moresque
837 2918 870 2944 et
880 2913 978 2944 vitam
994 2913 1065 2955 ipsa
1077 2911 1272 2954 experientia
1289 2909 1524 2952 cognovissem.
1548 2908 1647 2952 [339]
