1840 3225
171 247 267 297 350]
585 242 658 280 DE
690 239 1000 280 REPUBLICA
1032 241 1131 280 LIB.
1166 242 1195 279 Ι.
1580 241 1629 278 97

160 349 316 391 justitiam
335 348 442 379 vitium
459 345 660 388 appellabis?
705 344 818 375 TnnA.
841 343 929 381 Non,
945 344 999 374 sed
1027 343 1117 374 valde
1146 353 1325 384 generosam
1350 341 1526 373 stultitiam.
1572 341 1630 372 So.

165 403 360 445 Injustitiam
377 413 449 444 ergo
478 400 649 442 nequitiam
680 398 798 429 vocas?
843 398 960 429 Tarm.
984 397 1034 427 Ne
1065 398 1146 428 istud
1177 398 1304 439 quidem
1319 409 1325 427 :
1358 402 1392 427 at
1413 397 1527 427 bonum
1554 405 1630 426 con-

163 457 267 488 silium
295 456 567 498 sagacitatemque.
615 454 670 485 So.
695 452 779 483 Num
808 451 917 492 injusti
946 451 1012 487 viri,
1030 451 1273 492 Thrasymache,
1298 452 1465 492 prudentes
1489 460 1525 480 ac
1553 450 1629 480 boni

164 521 232 542 csse
250 511 307 542 tibi
324 509 490 541 videntur?
536 508 651 539 ΤΗΒΑ.
677 507 868 548 Quicunque
886 505 1032 536 videlicet
1048 505 1190 536 civitates
1206 506 1320 546 injuria
1348 505 1467 535 afficere
1497 508 1629 545 possunt

162 570 195 596 et
211 565 352 596 nationes
367 565 423 594 sibi
440 562 603 604 subjicere.
628 567 660 592 tu
678 568 780 592 autem
798 571 845 591 me
860 560 989 590 fortasse
1006 558 1092 600 loqui
1109 564 1198 600 putas
1214 559 1326 594 dehis,
1339 559 1392 599 qui
1408 558 1527 588 loculos
1540 558 1629 588 clan-

161 618 265 650 culum
282 617 502 659 subripuerint.
526 620 656 657 prosunt
671 620 704 646 et
718 615 786 645 haec
803 614 942 655 quidem,
958 613 982 643 si
999 613 1127 649 lateant,
1142 614 1195 644 sed
1212 613 1416 643 aestimatione
1441 612 1538 652 digna
1562 622 1626 642 non

162 677 256 703 sunt:
282 672 375 702 immo
390 682 460 712 quae
478 672 572 712 paulo
587 675 659 701 ante
675 669 830 705 dicebam,
848 668 973 710 plurimi
998 668 1153 699 facienda.
1198 667 1253 698 So.
1278 667 1443 708 Equidem,
1460 667 1544 706 quod
1570 667 1628 702 vis,

157 725 312 767 intelligo.
335 726 389 756 sed
404 726 573 756 admodum
590 725 691 761 miror,
708 724 731 754 si
748 724 778 754 in
796 729 881 764 parte
907 723 1026 752 virtutis
1054 728 1085 752 et
1113 722 1275 763 sapientiae
1301 722 1487 763 injustitiam
1514 732 1627 762 ponas,

159 779 190 809 in
205 779 365 810 contrariis
381 790 451 810 vero
474 779 641 820 justitiam.
685 778 800 808 antA.
825 777 965 808 Omnino
992 778 1034 807 sic
1059 788 1155 818 pono.
1201 777 1257 808 So.
1282 776 1401 806 Durius
1429 777 1487 806 hoc
1511 775 1589 816 jam,
1608 785 1626 804 o

159 833 270 870 amice,
285 844 388 875 neque
406 833 539 874 amplius
554 833 683 863 inventu
700 831 803 868 facile,
819 831 904 872 quod
920 830 989 872 quis
1009 831 1104 861 dicat.
1137 830 1162 861 si
1185 829 1268 861 enim
1295 830 1471 861 conducere
1499 829 1626 869 quidem

158 886 342 927 injustitiam
358 888 526 928 posuisses,
543 887 651 917 vitium
669 891 772 916 tamen
787 886 838 915 vel
855 892 945 926 turpe
961 885 1119 926 quoddam
1135 895 1203 915 esse
1220 885 1318 925 ipsam
1347 883 1507 914 confessus
1532 894 1630 918 esses,

159 941 424 981 quemadmodum
442 941 495 971 alii
511 941 651 982 quidam,
668 939 786 980 aliquid
804 939 842 969 ad
860 940 926 969 haec
944 939 1115 969 secundum
1132 949 1180 975 ea,
1197 948 1266 979 quae
1283 938 1507 973 existimantur,
1525 936 1631 967 dicere

161 1004 333 1034 possemuS.
357 1005 440 1026 nunc
457 1000 559 1025 autem
576 994 776 1035 perspicuum
790 998 839 1023 est
856 993 1010 1023 dicturum
1026 1003 1093 1024 csse
1111 998 1139 1023 te
1163 998 1194 1023 et
1223 992 1384 1033 pulchrum
1411 996 1444 1022 et
1466 991 1626 1021 robustum

159 1047 309 1088 quiddam
327 1048 511 1089 injustitiam
535 1059 616 1084 esse,
633 1054 798 1087 ceteraque
826 1046 872 1077 illi
897 1047 1040 1077 daturum
1066 1047 1182 1082 omnia,
1199 1056 1268 1087 quae
1293 1057 1349 1076 nos
1375 1045 1471 1087 [349]
1494 1044 1627 1085 justitian

158 1101 332 1139 tribuimus,
351 1102 606 1143 quandoquidem
623 1101 702 1132 etin
719 1101 832 1130 virtute
848 1105 880 1130 et
900 1100 931 1129 in
959 1099 1112 1140 sapientia
1139 1110 1255 1140 ponere
1281 1110 1349 1129 eam
1377 1109 1440 1129 non
1466 1098 1629 1129 dubitasti.

158 1155 274 1186 THRA.
290 1155 460 1187 Verissima
472 1156 612 1197 profecto
625 1154 812 1185 vaticinaris.
837 1154 890 1184 So⁴
907 1153 980 1184 Non
994 1158 1096 1184 tamen
1111 1153 1323 1184 desistendum
1339 1158 1386 1183 est
1396 1152 1552 1193 inquirere
1566 1153 1629 1182 ‹lis-

158 1209 313 1251 putando‚
331 1210 433 1250 quoad
451 1214 481 1240 te
498 1214 617 1250 putem,
632 1219 702 1249 quae
718 1209 849 1249 cogitas,
866 1209 980 1239 dicere.
1005 1207 1081 1238 mihi
1098 1218 1232 1248 namque
1250 1207 1630 1248 videris,Thrasymache,

157 1263 190 1293 in
209 1263 373 1304 praesentia
389 1263 513 1294 minime
528 1263 677 1299 cavillari,
694 1263 748 1293 sed
764 1273 834 1304 quae
849 1262 905 1292 tibi
922 1272 993 1292 vera
1009 1261 1164 1298 videntur,
1181 1262 1300 1293 afferre.
1337 1261 1452 1292 Tum.
1470 1261 1555 1297 Quid
1574 1265 1629 1290 tua.

156 1317 260 1353 refert,
275 1318 340 1348 sive
356 1318 388 1348 id
401 1318 541 1348 videatur
557 1317 643 1354 mihi,
661 1316 726 1347 sive
741 1327 804 1347 non
822 1316 974 1353 videatur,
990 1327 1060 1347 cum
1077 1316 1228 1346 rationem
1251 1326 1350 1346 meam
1380 1326 1443 1345 non
1459 1315 1603 1345 confutes
1619 1314 1630 1343 ?

155 1370 211 1402 So.
228 1370 316 1401 Nihil
329 1376 422 1404 certe.
439 1372 492 1402 sed
505 1372 564 1402 hoc
579 1376 726 1413 praeterea
737 1370 992 1412 mihiresponde:
1013 1370 1165 1411 anjustus
1175 1370 1316 1400 videatur
1328 1370 1384 1400 tibi
1397 1370 1465 1411 plus
1477 1369 1628 1410 justoha-

154 1425 227 1456 bere
245 1425 348 1457 velle?
377 1426 491 1456 TnnA.
508 1426 606 1457 Nullo
625 1431 729 1467 pacto.
753 1436 815 1456 non
832 1426 914 1457 enirn
932 1426 1066 1456 urbanus
1083 1431 1174 1461 esset,
1192 1431 1226 1455 ut
1241 1435 1336 1462 nune,
1349 1430 1381 1455 et
1396 1425 1540 1465 simplex.
1570 1423 1630 1454 So.

158 1478 244 1516 Quid
261 1485 364 1511 autem
379 1481 390 1511 ?
415 1481 622 1522 plusnejusta
635 1480 783 1511 actione?
809 1480 924 1511 Tium.
941 1480 1055 1521 Neque
1067 1480 1153 1520 justa
1166 1480 1259 1510 etiam
1271 1480 1406 1510 actione.
1430 1479 1485 1511 So.
1503 1478 1627 1519 Injusto

156 1539 260 1565 autem
276 1540 375 1565 utrum
391 1536 519 1577 dignum
538 1540 662 1577 putaret
685 1536 754 1577 plus
779 1536 906 1576 habere,
923 1535 1017 1576 idque
1039 1534 1160 1576 justum
1189 1534 1388 1570 existimaret,
1418 1534 1464 1563 vel
1493 1533 1627 1563 contra?

156 1587 270 1619 Tum.
293 1589 491 1620 Existimaret
506 1590 614 1631 utique
629 1590 822 1631 dignumque
839 1595 972 1631 putaret,
989 1590 1043 1620 sed
1060 1600 1122 1619 non
1138 1594 1254 1630 posset.
1290 1589 1345 1620 So.
1362 1588 1461 1629 Atqui
1474 1599 1532 1629 ego
1546 1588 1627 1618 istuc

158 1652 222 1673 non
235 1643 410 1685 interrogo:
437 1645 490 1676 sed
508 1649 608 1675 utrum
621 1644 709 1686 justo
727 1645 853 1686 quidem
871 1645 939 1686 plus
955 1645 1066 1675 habere
1079 1655 1181 1685 neque
1194 1644 1322 1684 dignum
1336 1648 1425 1684 putet
1438 1653 1539 1683 neque
1553 1640 1629 1671 velit

152 1695 270 1737 justus,
287 1697 403 1738 injusto
419 1704 524 1729 autem
540 1704 658 1731 contra.
702 1699 818 1731 Tum.
843 1700 895 1730 Sic
911 1704 958 1730 est
974 1699 1126 1740 profecto.
1173 1699 1229 1729 So.
1254 1698 1340 1734 Quid
1357 1702 1458 1728 autem
1471 1695 1625 1736 injustus?

157 1760 196 1780 an
212 1761 335 1793 aequum
351 1758 458 1783 censet
474 1753 544 1794 plus
559 1754 671 1784 habere
688 1753 818 1795 etjusto
836 1759 866 1784 et
877 1754 1000 1784 actione
1013 1753 1121 1794 justa?
1167 1753 1283 1783 Tum.
1308 1751 1453 1789 Quidni?
1478 1761 1548 1781 cum
1561 1761 1627 1780 orn-

156 1803 248 1835 nibus
263 1805 333 1846 plus
349 1806 459 1837 habere
476 1817 508 1837 se
524 1807 654 1848 dignum
671 1807 837 1839 existimet.
882 1808 938 1838 So.
964 1807 1048 1837 Num
1062 1807 1156 1848 igitur
1172 1813 1203 1838 et
1219 1806 1336 1848 injusto
1352 1806 1478 1836 homine
1495 1805 1627 1846 injusta-

157 1869 218 1900 que
233 1859 357 1891 actione
386 1860 520 1902 injustus
547 1862 618 1903 plus
644 1862 783 1902 habebit,
799 1867 831 1893 et
856 1862 998 1898 certabit,
1015 1867 1048 1892 ut
1074 1862 1104 1892 in
1130 1862 1275 1892 habendo
1303 1871 1410 1891 omnes
1438 1858 1626 1900 exsuperet?

155 1912 270 1944 TnnA.
293 1913 374 1945 Vera
391 1916 456 1946 lraec
472 1920 556 1946 sunt.
602 1915 658 1947 So.
683 1916 736 1946 Sic
751 1916 858 1956 itaque
875 1915 1030 1946 dicimus:
1052 1915 1173 1956 justum
1190 1915 1316 1956 quidem
1345 1914 1439 1944 simili
1464 1923 1527 1943 non
1556 1912 1627 1953 plus

156 1967 270 1998 habere
297 1968 386 2005 velle,
415 1969 484 2009 plus
511 1973 615 2000 autern
643 1969 798 2005 dissimili,
824 1969 974 2011 injustum
1006 1980 1078 2000 vero
1106 1974 1237 2010 utroque
1265 1968 1335 2010 plus
1366 1968 1508 2008 accipere
1534 1966 1627 1997 velle.

156 2020 271 2052 Tmu.
295 2020 395 2053 Recte
412 2023 528 2055 dixisti.
574 2024 631 2055 So.
655 2023 756 2065 Atqui
773 2024 909 2066 prudens
925 2029 957 2055 et
973 2025 1073 2055 bonus
1088 2023 1223 2065 injustus
1238 2024 1306 2064 ipse
1322 2028 1379 2059 est,
1391 2021 1496 2063 justus
1520 2026 1624 2051 autem

160 2080 316 2106 neutrum.
361 2075 474 2107 Tum.
499 2076 600 2109 Recte
616 2084 647 2108 et
662 2077 757 2109 istud.
803 2078 859 2108 So.
885 2078 966 2120 Ergo
986 2079 1133 2121 prudenti
1147 2084 1179 2108 et
1194 2079 1277 2107 bono
1293 2076 1402 2106 similis
1417 2081 1464 2106 est
1478 2074 1627 2115 injustus,

152 2129 258 2171 justus
274 2135 376 2161 autem
393 2132 543 2163 minime?
587 2133 702 2163 THRA.
726 2133 812 2169 Quid
829 2134 945 2173 obstat,
961 2144 1024 2174 qno
1052 2133 1155 2163 minus
1181 2131 1236 2172 qui
1264 2130 1344 2166 talis,
1361 2130 1474 2160 talibus
1500 2139 1626 2170 quoque

155 2183 264 2215 similis
279 2184 328 2221 sit,
344 2186 399 2227 qui
425 2197 496 2217 vero
522 2197 586 2217 non
613 2187 693 2223 talis,
710 2187 819 2218 similis
847 2198 909 2218 non
937 2188 1002 2218 sit?
1049 2186 1105 2216 So.
1129 2184 1187 2215 Ais
1214 2184 1306 2215 belle.
1350 2183 1435 2213 Talis
1460 2183 1553 2224 igitur
1579 2188 1628 2213 est

156 2242 286 2280 uterque
300 2239 448 2281 ipsorum,
465 2241 573 2282 quales
594 2241 627 2272 hi
653 2241 767 2282 quibus
794 2241 902 2272 similis
928 2246 985 2272 est.
1031 2239 1143 2270 Tum.
1170 2238 1212 2268 Et
1237 2238 1312 2279 quid
1341 2238 1452 2268 aiiud?
1498 2238 1554 2269 So.
1579 2237 1627 2267 Sit

155 2290 200 2321 ita
222 2302 308 2324 sane.
330 2295 384 2325 sed
412 2295 509 2332 dicas,
536 2295 779 2337 Thrasymache,
796 2300 898 2324 utrum
930 2293 1080 2323 musicum
1108 2292 1244 2334 aliquem
1271 2302 1375 2329 voces,
1391 2291 1526 2332 aliquem
1552 2301 1625 2321 vero

156 2355 220 2375 non
235 2347 410 2378 musicum?
455 2348 568 2379 Tana.
594 2349 760 2390 Equidem.
808 2348 863 2378 So.
888 2347 999 2378 Utrum
1016 2346 1142 2377 istorum
1164 2347 1362 2387 prudentem,
1377 2350 1478 2376 utrum
1505 2345 1622 2386 impru-

157 2399 305 2430 dentem?
349 2401 463 2432 THRA.
486 2403 645 2433 Musicum
663 2412 736 2432 sane
752 2402 951 2442 prudentem,
968 2406 1124 2442 expertem
1144 2400 1270 2431 musicae
1286 2399 1529 2441 imprudentem.
1568 2398 1625 2429 So.

156 2451 273 2484 Nonne
288 2454 318 2483 in
334 2454 447 2495 quibus
463 2456 659 2496 prudentem,
676 2456 707 2485 in
722 2455 840 2486 eisdem
858 2459 890 2485 et
907 2456 1042 2485 bonum:
1068 2453 1100 2484 in
1118 2455 1230 2496 quibus
1247 2454 1489 2495 imprudentem,
1505 2458 1537 2484 et
1558 2462 1623 2483 ma-

156 2506 244 2537 lum?
289 2508 405 2539 Tunn-
429 2509 564 2550 Nempe.
610 2510 665 2540 So.
690 2509 874 2550 Eodemque
891 2514 984 2551 pacto
1001 2510 1040 2540 de
1063 2509 1186 2540 medico
1212 2509 1374 2539 dicemus?
1419 2507 1536 2538 TnnA.
1561 2507 1627 2537 Eo-

158 2560 241 2591 dem.
286 2562 340 2592 So.
365 2562 498 2593 Videtur
514 2563 582 2599 tibi,
598 2563 643 2593 vir
657 2564 790 2605 optime,
803 2575 873 2594 cum
892 2564 1026 2594 musicus
1041 2564 1087 2594 vir
1108 2563 1206 2605 lyram
1234 2567 1398 2604 temperat,
1415 2562 1494 2593 velle
1519 2562 1551 2592 in
1576 2561 1624 2592 in-

159 2615 299 2646 tensione
314 2620 346 2646 et
361 2617 539 2647 remissione
554 2617 738 2649 chordarum
754 2619 906 2649 musicum
934 2619 1031 2649 virum
1058 2628 1254 2658 exsuperare,
1270 2617 1317 2648 vel
1343 2617 1473 2658 dignum
1503 2622 1624 2658 putare,

158 2673 193 2698 ut
215 2679 252 2699 eo
281 2669 350 2710 plus
373 2672 582 2712 assequatur?
626 2672 740 2703 Tnnn.
763 2673 909 2704 Minime.
954 2673 1009 2703 So.
1033 2671 1199 2713 Expertem
1228 2682 1300 2702 vcro
1329 2671 1454 2702 musicae
1480 2681 1624 2712 superare

159 2723 346 2753 contendit?
390 2724 504 2756 Tum.
527 2724 665 2756 Necesse
690 2731 750 2757 cst.
795 2727 851 2757 So.
876 2726 963 2764 Quid
991 2726 1158 2757 medicus?
1188 2724 1284 2766 [350]
1310 2725 1342 2755 in
1372 2725 1548 2766 quantitate
1577 2725 1625 2754 di-

159 2785 251 2807 cesne
270 2777 338 2818 plus
354 2779 490 2820 assequi,
506 2790 598 2820 quam
617 2785 670 2810 aut
686 2782 825 2812 medicus
850 2781 927 2812 alter
953 2786 1007 2812 ant
1032 2792 1078 2811 res
1102 2781 1170 2822 ipsa
1196 2780 1309 2820 cupit?
1355 2779 1470 2810 Tum.
1496 2778 1625 2819 Nequa-

159 2839 264 2870 quam.
311 2832 367 2863 So.
392 2833 468 2863 Plus
483 2839 586 2865 autem
603 2845 695 2876 quam
713 2836 876 2866 medicinae
903 2836 976 2866 artis
1003 2834 1187 2876 imperitus?
1233 2833 1349 2864 Turni.
1376 2833 1486 2864 Procul
1515 2832 1625 2862 dubio.

159 2883 216 2921 So.
240 2885 407 2918 Universas
424 2888 561 2930 denique
575 2889 787 2931 contemplare
803 2890 947 2922 scientias
962 2895 995 2921 et
1023 2889 1173 2927 inscitias,
1190 2889 1216 2920 si
1243 2889 1310 2930 quis
1339 2887 1395 2919 tibi
1422 2886 1553 2921 videtur,
1569 2885 1625 2926 qui

246 2939 334 2971 ιἰαι.
364 2941 416 2973 Tr.
923 2943 971 2976 11.
1506 2938 1533 2970 N
