<?xml version="1.0" encoding="UTF-8"?>
<!DOCTYPE html PUBLIC "-//W3C//DTD XHTML 1.0 Transitional//EN"
    "http://www.w3.org/TR/xhtml1/DTD/xhtml1-transitional.dtd">
<html xmlns="http://www.w3.org/1999/xhtml" xml:lang="en" lang="en">
 <head>
  <title>
</title>
<meta http-equiv="Content-Type" content="text/html;charset=utf-8" />
  <meta name='ocr-system' content='tesseract 3.04.00' />
  <meta name='ocr-capabilities' content='ocr_page ocr_carea ocr_par ocr_line ocrx_word'/>
</head>
<body>
  <div class='ocr_page' id='page_1' title='image "./platonisetquaeve11plat_0255.png"; bbox 0 0 1840 3225; ppageno 0'>
   <div class='ocr_carea' id='block_1_1' title="bbox 145 207 1587 263">
    <p class='ocr_par' dir='ltr' id='par_1_1' title="bbox 145 207 1587 263">
     <span class='ocr_line' id='line_1_1' title="bbox 145 207 1587 263; baseline -0.005 -12"><span class='ocrx_word' id='word_1_1' title='bbox 145 214 212 263; x_wconf 77' lang='lat'>22]</span> <span class='ocrx_word' id='word_1_2' title='bbox 764 211 998 248; x_wconf 74' lang='lat' dir='ltr'><strong>TIMAEUS.</strong></span> <span class='ocrx_word' id='word_1_3' title='bbox 1511 207 1587 245; x_wconf 79' lang='lat'>239</span> 
     </span>
    </p>
   </div>
   <div class='ocr_carea' id='block_1_2' title="bbox 142 310 1612 2951">
    <p class='ocr_par' dir='ltr' id='par_1_2' title="bbox 142 310 1612 2951">
     <span class='ocr_line' id='line_1_2' title="bbox 144 310 1587 357; baseline -0.003 -11"><span class='ocrx_word' id='word_1_4' title='bbox 144 316 301 357; x_wconf 73' lang='lat' dir='ltr'>participi.</span> <span class='ocrx_word' id='word_1_5' title='bbox 348 316 400 346; x_wconf 83' lang='lat' dir='ltr'>Tr.</span> <span class='ocrx_word' id='word_1_6' title='bbox 425 316 555 346; x_wconf 87' lang='lat' dir='ltr'>Videtur</span> <span class='ocrx_word' id='word_1_7' title='bbox 581 325 665 344; x_wconf 76' lang='lat' dir='ltr'>saue.</span> <span class='ocrx_word' id='word_1_8' title='bbox 712 314 791 345; x_wconf 69' lang='grc' dir='ltr'>(ΣΝ.</span> <span class='ocrx_word' id='word_1_9' title='bbox 817 314 916 349; x_wconf 87' lang='lat' dir='ltr'>Audi,</span> <span class='ocrx_word' id='word_1_10' title='bbox 942 314 1096 349; x_wconf 77' lang='lat' dir='ltr'>Socrates,</span> <span class='ocrx_word' id='word_1_11' title='bbox 1112 313 1216 343; x_wconf 83' lang='lat' dir='ltr'>miram</span> <span class='ocrx_word' id='word_1_12' title='bbox 1240 312 1378 353; x_wconf 88' lang='lat' dir='ltr'>quidem,</span> <span class='ocrx_word' id='word_1_13' title='bbox 1394 311 1446 342; x_wconf 87' lang='lat' dir='ltr'>sed</span> <span class='ocrx_word' id='word_1_14' title='bbox 1464 310 1587 351; x_wconf 78' lang='lat' dir='ltr'><strong>plenam</strong></span> 
     </span>
     <span class='ocr_line' id='line_1_3' title="bbox 142 366 1589 410; baseline -0.004 -10"><span class='ocrx_word' id='word_1_15' title='bbox 142 370 280 400; x_wconf 82' lang='lat' dir='ltr'>veritatis</span> <span class='ocrx_word' id='word_1_16' title='bbox 295 369 465 410; x_wconf 77' lang='lat' dir='ltr'>historiam,</span> <span class='ocrx_word' id='word_1_17' title='bbox 481 379 573 410; x_wconf 89' lang='lat' dir='ltr'>quam</span> <span class='ocrx_word' id='word_1_18' title='bbox 595 368 690 399; x_wconf 87' lang='lat' dir='ltr'>Solon</span> <span class='ocrx_word' id='word_1_19' title='bbox 705 372 823 408; x_wconf 85' lang='lat' dir='ltr'><strong>septem</strong></span> <span class='ocrx_word' id='word_1_20' title='bbox 848 367 1022 408; x_wconf 81' lang='lat' dir='ltr'>sapientum</span> <span class='ocrx_word' id='word_1_21' title='bbox 1053 367 1297 407; x_wconf 88' lang='lat' dir='ltr'>sapientissimus</span> <span class='ocrx_word' id='word_1_22' title='bbox 1312 366 1500 397; x_wconf 82' lang='lat' dir='ltr'>recensebat.</span> <span class='ocrx_word' id='word_1_23' title='bbox 1524 368 1589 395; x_wconf 85' lang='lat' dir='ltr'>erat</span> 
     </span>
     <span class='ocr_line' id='line_1_4' title="bbox 144 416 1590 463; baseline -0.005 -9"><span class='ocrx_word' id='word_1_24' title='bbox 144 423 225 454; x_wconf 91' lang='lat' dir='ltr'>enim</span> <span class='ocrx_word' id='word_1_25' title='bbox 242 424 430 454; x_wconf 89' lang='lat' dir='ltr'>domesticus</span> <span class='ocrx_word' id='word_1_26' title='bbox 444 423 608 454; x_wconf 88' lang='lat' dir='ltr'>admodum</span> <span class='ocrx_word' id='word_1_27' title='bbox 625 422 804 463; x_wconf 81' lang='lat' dir='ltr'>amicusque</span> <span class='ocrx_word' id='word_1_28' title='bbox 820 421 970 462; x_wconf 90' lang='lat' dir='ltr'>Dropidis</span> <span class='ocrx_word' id='word_1_29' title='bbox 982 421 1088 462; x_wconf 79' lang='lat' dir='ltr'>proavi</span> <span class='ocrx_word' id='word_1_30' title='bbox 1104 421 1211 461; x_wconf 91' lang='lat' dir='ltr'>nostri,</span> <span class='ocrx_word' id='word_1_31' title='bbox 1225 421 1308 461; x_wconf 92' lang='lat' dir='ltr'>quod</span> <span class='ocrx_word' id='word_1_32' title='bbox 1324 421 1356 450; x_wconf 88' lang='lat' dir='ltr'>iu</span> <span class='ocrx_word' id='word_1_33' title='bbox 1372 419 1433 450; x_wconf 87' lang='lat' dir='ltr'>suis</span> <span class='ocrx_word' id='word_1_34' title='bbox 1447 416 1590 449; x_wconf 87' lang='lat' dir='ltr'>carmini-</span> 
     </span>
     <span class='ocr_line' id='line_1_5' title="bbox 146 474 1591 518; baseline -0.004 -10"><span class='ocrx_word' id='word_1_35' title='bbox 146 478 202 507; x_wconf 85' lang='lat' dir='ltr'>bus</span> <span class='ocrx_word' id='word_1_36' title='bbox 216 477 348 518; x_wconf 83' lang='lat' dir='ltr'>ipsemet</span> <span class='ocrx_word' id='word_1_37' title='bbox 359 487 442 518; x_wconf 87' lang='lat' dir='ltr'>saepe</span> <span class='ocrx_word' id='word_1_38' title='bbox 459 482 596 508; x_wconf 87' lang='lat' dir='ltr'>testatur.</span> <span class='ocrx_word' id='word_1_39' title='bbox 619 487 677 506; x_wconf 83' lang='lat' dir='ltr'>avo</span> <span class='ocrx_word' id='word_1_40' title='bbox 693 482 797 506; x_wconf 88' lang='lat' dir='ltr'>autem</span> <span class='ocrx_word' id='word_1_41' title='bbox 813 481 918 506; x_wconf 86' lang='lat' dir='ltr'>nostro</span> <span class='ocrx_word' id='word_1_42' title='bbox 943 474 1062 510; x_wconf 85' lang='lat' dir='ltr'>Critiae,</span> <span class='ocrx_word' id='word_1_43' title='bbox 1078 480 1112 504; x_wconf 91' lang='lat' dir='ltr'>ut</span> <span class='ocrx_word' id='word_1_44' title='bbox 1127 475 1192 515; x_wconf 89' lang='lat' dir='ltr'>ipse</span> <span class='ocrx_word' id='word_1_45' title='bbox 1207 475 1299 505; x_wconf 82' lang='lat' dir='ltr'>uobis</span> <span class='ocrx_word' id='word_1_46' title='bbox 1313 484 1406 504; x_wconf 86' lang='lat' dir='ltr'>senex</span> <span class='ocrx_word' id='word_1_47' title='bbox 1421 477 1529 514; x_wconf 81' lang='lat' dir='ltr'>postea</span> <span class='ocrx_word' id='word_1_48' title='bbox 1544 482 1591 502; x_wconf 90' lang='lat' dir='ltr'>re-</span> 
     </span>
     <span class='ocr_line' id='line_1_6' title="bbox 146 527 1589 572; baseline -0.003 -12"><span class='ocrx_word' id='word_1_49' title='bbox 146 531 273 567; x_wconf 82' lang='lat' dir='ltr'>ferebat,</span> <span class='ocrx_word' id='word_1_50' title='bbox 289 532 475 572; x_wconf 79' lang='lat' dir='ltr'>quandoque</span> <span class='ocrx_word' id='word_1_51' title='bbox 490 530 624 560; x_wconf 85' lang='lat' dir='ltr'>narravit</span> <span class='ocrx_word' id='word_1_52' title='bbox 639 540 686 560; x_wconf 89' lang='lat' dir='ltr'>res</span> <span class='ocrx_word' id='word_1_53' title='bbox 701 536 802 570; x_wconf 86' lang='lat' dir='ltr'>gestas</span> <span class='ocrx_word' id='word_1_54' title='bbox 825 528 918 569; x_wconf 87' lang='lat' dir='ltr'>hujus</span> <span class='ocrx_word' id='word_1_55' title='bbox 946 529 1028 559; x_wconf 91' lang='lat' dir='ltr'>urbis</span> <span class='ocrx_word' id='word_1_56' title='bbox 1053 529 1278 568; x_wconf 82' lang='lat' dir='ltr'>memorabiles,</span> <span class='ocrx_word' id='word_1_57' title='bbox 1293 527 1497 558; x_wconf 82' lang='lat' dir='ltr'>diuturnitate</span> <span class='ocrx_word' id='word_1_58' title='bbox 1511 532 1589 556; x_wconf 85' lang='lat' dir='ltr'>tem-</span> 
     </span>
     <span class='ocr_line' id='line_1_7' title="bbox 146 581 1591 626; baseline -0.004 -10"><span class='ocrx_word' id='word_1_59' title='bbox 146 585 228 626; x_wconf 87' lang='lat' dir='ltr'>poris</span> <span class='ocrx_word' id='word_1_60' title='bbox 254 585 474 626; x_wconf 88' lang='lat' dir='ltr'>hominumque</span> <span class='ocrx_word' id='word_1_61' title='bbox 496 585 623 615; x_wconf 88' lang='lat' dir='ltr'>interitu</span> <span class='ocrx_word' id='word_1_62' title='bbox 641 584 828 614; x_wconf 88' lang='lat' dir='ltr'>obliteratas.</span> <span class='ocrx_word' id='word_1_63' title='bbox 853 593 948 613; x_wconf 91' lang='lat' dir='ltr'>unum</span> <span class='ocrx_word' id='word_1_64' title='bbox 974 593 1046 613; x_wconf 87' lang='lat' dir='ltr'>vero</span> <span class='ocrx_word' id='word_1_65' title='bbox 1065 592 1125 623; x_wconf 79' lang='lat' dir='ltr'>prae</span> <span class='ocrx_word' id='word_1_66' title='bbox 1149 582 1259 613; x_wconf 88' lang='lat' dir='ltr'>ceteris</span> <span class='ocrx_word' id='word_1_67' title='bbox 1273 581 1393 612; x_wconf 80' lang='lat' dir='ltr'>facinus</span> <span class='ocrx_word' id='word_1_68' title='bbox 1407 581 1529 622; x_wconf 75' lang='lat' dir='ltr'>insigne</span> <span class='ocrx_word' id='word_1_69' title='bbox 1543 590 1591 611; x_wconf 90' lang='lat' dir='ltr'>re-</span> 
     </span>
     <span class='ocr_line' id='line_1_8' title="bbox 147 635 1594 680; baseline -0.004 -10"><span class='ocrx_word' id='word_1_70' title='bbox 147 639 278 675; x_wconf 80' lang='lat' dir='ltr'>censuit,</span> <span class='ocrx_word' id='word_1_71' title='bbox 303 639 387 680; x_wconf 89' lang='lat' dir='ltr'>quod</span> <span class='ocrx_word' id='word_1_72' title='bbox 409 639 496 669; x_wconf 84' lang='lat' dir='ltr'>vobis</span> <span class='ocrx_word' id='word_1_73' title='bbox 524 649 608 669; x_wconf 90' lang='lat' dir='ltr'>nunc</span> <span class='ocrx_word' id='word_1_74' title='bbox 633 638 821 668; x_wconf 87' lang='lat' dir='ltr'>narrandum</span> <span class='ocrx_word' id='word_1_75' title='bbox 843 647 967 673; x_wconf 80' lang='lat' dir='ltr'>censen,</span> <span class='ocrx_word' id='word_1_76' title='bbox 993 637 1068 678; x_wconf 81' lang='lat'>[21]</span> <span class='ocrx_word' id='word_1_77' title='bbox 1094 641 1128 666; x_wconf 91' lang='lat' dir='ltr'>ut</span> <span class='ocrx_word' id='word_1_78' title='bbox 1152 641 1184 666; x_wconf 89' lang='lat' dir='ltr'>et</span> <span class='ocrx_word' id='word_1_79' title='bbox 1205 635 1265 666; x_wconf 84' lang='lat' dir='ltr'>tibi</span> <span class='ocrx_word' id='word_1_80' title='bbox 1280 645 1393 666; x_wconf 88' lang='lat' dir='ltr'>morem</span> <span class='ocrx_word' id='word_1_81' title='bbox 1410 645 1548 675; x_wconf 86' lang='lat' dir='ltr'>geramus</span> <span class='ocrx_word' id='word_1_82' title='bbox 1562 640 1594 665; x_wconf 89' lang='lat' dir='ltr'>et</span> 
     </span>
     <span class='ocr_line' id='line_1_9' title="bbox 149 688 1594 734; baseline -0.004 -11"><span class='ocrx_word' id='word_1_83' title='bbox 149 692 264 729; x_wconf 89' lang='lat' dir='ltr'>Deam,</span> <span class='ocrx_word' id='word_1_84' title='bbox 289 693 339 724; x_wconf 86' lang='lat' dir='ltr'>cui</span> <span class='ocrx_word' id='word_1_85' title='bbox 366 693 515 723; x_wconf 87' lang='lat' dir='ltr'>hodierna</span> <span class='ocrx_word' id='word_1_86' title='bbox 538 703 653 734; x_wconf 86' lang='lat' dir='ltr'>pompa</span> <span class='ocrx_word' id='word_1_87' title='bbox 675 692 779 723; x_wconf 87' lang='lat' dir='ltr'>dicata</span> <span class='ocrx_word' id='word_1_88' title='bbox 794 697 854 732; x_wconf 87' lang='lat' dir='ltr'>cst,</span> <span class='ocrx_word' id='word_1_89' title='bbox 880 692 939 722; x_wconf 83' lang='lat' dir='ltr'>hac</span> <span class='ocrx_word' id='word_1_90' title='bbox 954 691 1130 721; x_wconf 82' lang='lat' dir='ltr'>narratione</span> <span class='ocrx_word' id='word_1_91' title='bbox 1155 689 1243 731; x_wconf 85' lang='lat' dir='ltr'>quasi</span> <span class='ocrx_word' id='word_1_92' title='bbox 1258 688 1393 730; x_wconf 90' lang='lat' dir='ltr'>quodam</span> <span class='ocrx_word' id='word_1_93' title='bbox 1409 690 1594 730; x_wconf 81' lang='lat' dir='ltr'>hymnorum</span> 
     </span>
     <span class='ocr_line' id='line_1_10' title="bbox 148 743 1595 788; baseline -0.003 -11"><span class='ocrx_word' id='word_1_94' title='bbox 148 752 252 782; x_wconf 76' lang='lat' dir='ltr'>cantu,</span> <span class='ocrx_word' id='word_1_95' title='bbox 278 752 313 776; x_wconf 91' lang='lat' dir='ltr'>ut</span> <span class='ocrx_word' id='word_1_96' title='bbox 341 757 395 788; x_wconf 85' lang='lat' dir='ltr'>par</span> <span class='ocrx_word' id='word_1_97' title='bbox 418 752 476 782; x_wconf 86' lang='lat' dir='ltr'>est,</span> <span class='ocrx_word' id='word_1_98' title='bbox 500 747 697 777; x_wconf 84' lang='lat' dir='ltr'>honoremus.</span> <span class='ocrx_word' id='word_1_99' title='bbox 743 746 797 777; x_wconf 91' lang='lat' dir='ltr'>So.</span> <span class='ocrx_word' id='word_1_100' title='bbox 823 745 925 776; x_wconf 85' lang='lat' dir='ltr'>Recte</span> <span class='ocrx_word' id='word_1_101' title='bbox 953 745 1096 787; x_wconf 88' lang='lat' dir='ltr'>loqueris.</span> <span class='ocrx_word' id='word_1_102' title='bbox 1120 744 1174 775; x_wconf 87' lang='lat' dir='ltr'>sed</span> <span class='ocrx_word' id='word_1_103' title='bbox 1190 744 1267 785; x_wconf 90' lang='lat' dir='ltr'>quid</span> <span class='ocrx_word' id='word_1_104' title='bbox 1281 743 1361 774; x_wconf 88' lang='lat' dir='ltr'>istud</span> <span class='ocrx_word' id='word_1_105' title='bbox 1389 743 1514 773; x_wconf 86' lang='lat' dir='ltr'>tandem</span> <span class='ocrx_word' id='word_1_106' title='bbox 1537 748 1595 778; x_wconf 83' lang='lat' dir='ltr'>est,</span> 
     </span>
     <span class='ocr_line' id='line_1_11' title="bbox 145 797 1595 843; baseline -0.003 -13"><span class='ocrx_word' id='word_1_107' title='bbox 145 801 228 842; x_wconf 88' lang='lat' dir='ltr'>quod</span> <span class='ocrx_word' id='word_1_108' title='bbox 245 800 368 837; x_wconf 80' lang='lat' dir='ltr'>Critias,</span> <span class='ocrx_word' id='word_1_109' title='bbox 383 812 448 832; x_wconf 90' lang='lat' dir='ltr'>non</span> <span class='ocrx_word' id='word_1_110' title='bbox 463 801 550 843; x_wconf 84' lang='lat' dir='ltr'>quasi</span> <span class='ocrx_word' id='word_1_111' title='bbox 564 801 665 832; x_wconf 91' lang='lat' dir='ltr'>verbis</span> <span class='ocrx_word' id='word_1_112' title='bbox 680 801 882 842; x_wconf 86' lang='lat' dir='ltr'>descriptum,</span> <span class='ocrx_word' id='word_1_113' title='bbox 899 799 953 830; x_wconf 84' lang='lat' dir='ltr'>sed</span> <span class='ocrx_word' id='word_1_114' title='bbox 970 799 1059 840; x_wconf 85' lang='lat' dir='ltr'>quasi</span> <span class='ocrx_word' id='word_1_115' title='bbox 1075 799 1114 828; x_wconf 88' lang='lat' dir='ltr'>ab</span> <span class='ocrx_word' id='word_1_116' title='bbox 1137 799 1195 829; x_wconf 88' lang='lat' dir='ltr'>hac</span> <span class='ocrx_word' id='word_1_117' title='bbox 1211 798 1336 829; x_wconf 82' lang='lat' dir='ltr'>civitate</span> <span class='ocrx_word' id='word_1_118' title='bbox 1352 797 1509 838; x_wconf 88' lang='lat' dir='ltr'>quondam</span> <span class='ocrx_word' id='word_1_119' title='bbox 1526 806 1595 837; x_wconf 84' lang='lat' dir='ltr'>ges-</span> 
     </span>
     <span class='ocr_line' id='line_1_12' title="bbox 147 850 1593 895; baseline -0.003 -11"><span class='ocrx_word' id='word_1_120' title='bbox 147 860 222 889; x_wconf 86' lang='lat' dir='ltr'>tum.</span> <span class='ocrx_word' id='word_1_121' title='bbox 250 866 287 886; x_wconf 82' lang='lat' dir='ltr'>ex</span> <span class='ocrx_word' id='word_1_122' title='bbox 312 856 435 886; x_wconf 91' lang='lat' dir='ltr'>Solonis</span> <span class='ocrx_word' id='word_1_123' title='bbox 460 856 632 886; x_wconf 85' lang='lat' dir='ltr'>narratione</span> <span class='ocrx_word' id='word_1_124' title='bbox 658 855 744 886; x_wconf 88' lang='lat' dir='ltr'>vobis</span> <span class='ocrx_word' id='word_1_125' title='bbox 768 854 912 895; x_wconf 88' lang='lat' dir='ltr'>aperuit?</span> <span class='ocrx_word' id='word_1_126' title='bbox 959 853 1040 885; x_wconf 76' lang='lat' dir='ltr'>Ciu.</span> <span class='ocrx_word' id='word_1_127' title='bbox 1063 852 1211 883; x_wconf 87' lang='lat' dir='ltr'>Referam</span> <span class='ocrx_word' id='word_1_128' title='bbox 1237 851 1368 892; x_wconf 84' lang='lat' dir='ltr'>priscam</span> <span class='ocrx_word' id='word_1_129' title='bbox 1395 850 1468 881; x_wconf 89' lang='lat' dir='ltr'>mihi</span> <span class='ocrx_word' id='word_1_130' title='bbox 1499 860 1593 892; x_wconf 90' lang='lat' dir='ltr'>puero</span> 
     </span>
     <span class='ocr_line' id='line_1_13' title="bbox 147 905 1595 950; baseline -0.003 -12"><span class='ocrx_word' id='word_1_131' title='bbox 147 909 290 940; x_wconf 80' lang='lat' dir='ltr'>traditam</span> <span class='ocrx_word' id='word_1_132' title='bbox 307 910 346 939; x_wconf 90' lang='lat' dir='ltr'>ab</span> <span class='ocrx_word' id='word_1_133' title='bbox 362 920 419 940; x_wconf 89' lang='lat' dir='ltr'>avo</span> <span class='ocrx_word' id='word_1_134' title='bbox 432 910 602 941; x_wconf 82' lang='lat' dir='ltr'>historiam.</span> <span class='ocrx_word' id='word_1_135' title='bbox 627 920 697 940; x_wconf 91' lang='lat' dir='ltr'>cum</span> <span class='ocrx_word' id='word_1_136' title='bbox 714 915 819 950; x_wconf 86' lang='lat' dir='ltr'>ageret</span> <span class='ocrx_word' id='word_1_137' title='bbox 842 907 955 939; x_wconf 87' lang='lat' dir='ltr'>Critias</span> <span class='ocrx_word' id='word_1_138' title='bbox 971 917 1082 947; x_wconf 88' lang='lat' dir='ltr'>annos,</span> <span class='ocrx_word' id='word_1_139' title='bbox 1096 912 1132 937; x_wconf 89' lang='lat' dir='ltr'>ut</span> <span class='ocrx_word' id='word_1_140' title='bbox 1147 907 1213 947; x_wconf 88' lang='lat' dir='ltr'>ipse</span> <span class='ocrx_word' id='word_1_141' title='bbox 1230 905 1367 945; x_wconf 86' lang='lat' dir='ltr'>dicebat,</span> <span class='ocrx_word' id='word_1_142' title='bbox 1381 905 1503 936; x_wconf 88' lang='lat' dir='ltr'>circiter</span> <span class='ocrx_word' id='word_1_143' title='bbox 1518 914 1595 934; x_wconf 93' lang='lat' dir='ltr'>non-</span> 
     </span>
     <span class='ocr_line' id='line_1_14' title="bbox 147 958 1597 1004; baseline -0.003 -12"><span class='ocrx_word' id='word_1_144' title='bbox 147 963 263 1004; x_wconf 77' lang='lat' dir='ltr'>aginta,</span> <span class='ocrx_word' id='word_1_145' title='bbox 278 974 336 1004; x_wconf 85' lang='lat' dir='ltr'>ego</span> <span class='ocrx_word' id='word_1_146' title='bbox 353 974 424 994; x_wconf 86' lang='lat' dir='ltr'>vero</span> <span class='ocrx_word' id='word_1_147' title='bbox 439 964 559 1000; x_wconf 88' lang='lat' dir='ltr'>decem,</span> <span class='ocrx_word' id='word_1_148' title='bbox 575 963 841 1004; x_wconf 83' lang='lat' dir='ltr'>celebrareturque</span> <span class='ocrx_word' id='word_1_149' title='bbox 853 962 1000 993; x_wconf 87' lang='lat' dir='ltr'>solemnis</span> <span class='ocrx_word' id='word_1_150' title='bbox 1015 961 1066 992; x_wconf 90' lang='lat' dir='ltr'>ille</span> <span class='ocrx_word' id='word_1_151' title='bbox 1081 960 1159 996; x_wconf 80' lang='lat' dir='ltr'>dies,</span> <span class='ocrx_word' id='word_1_152' title='bbox 1174 961 1207 991; x_wconf 92' lang='lat' dir='ltr'>in</span> <span class='ocrx_word' id='word_1_153' title='bbox 1223 971 1285 1002; x_wconf 91' lang='lat' dir='ltr'>quo</span> <span class='ocrx_word' id='word_1_154' title='bbox 1298 959 1338 990; x_wconf 90' lang='lat' dir='ltr'>ad</span> <span class='ocrx_word' id='word_1_155' title='bbox 1353 964 1477 991; x_wconf 88' lang='lat' dir='ltr'>cantum</span> <span class='ocrx_word' id='word_1_156' title='bbox 1489 958 1597 990; x_wconf 89' lang='lat' dir='ltr'>carmi-</span> 
     </span>
     <span class='ocr_line' id='line_1_15' title="bbox 149 1013 1598 1058; baseline -0.002 -11"><span class='ocrx_word' id='word_1_157' title='bbox 149 1027 225 1047; x_wconf 91' lang='lat' dir='ltr'>num</span> <span class='ocrx_word' id='word_1_158' title='bbox 240 1017 327 1058; x_wconf 89' lang='lat' dir='ltr'>pueri</span> <span class='ocrx_word' id='word_1_159' title='bbox 349 1019 608 1054; x_wconf 77' lang='lat' dir='ltr'>convocabantur,</span> <span class='ocrx_word' id='word_1_160' title='bbox 637 1018 817 1058; x_wconf 85' lang='lat' dir='ltr'>congregati</span> <span class='ocrx_word' id='word_1_161' title='bbox 841 1027 944 1047; x_wconf 90' lang='lat' dir='ltr'>sumus</span> <span class='ocrx_word' id='word_1_162' title='bbox 968 1021 999 1046; x_wconf 89' lang='lat' dir='ltr'>et</span> <span class='ocrx_word' id='word_1_163' title='bbox 1023 1026 1081 1046; x_wconf 90' lang='lat' dir='ltr'>nos</span> <span class='ocrx_word' id='word_1_164' title='bbox 1106 1025 1169 1045; x_wconf 93' lang='lat' dir='ltr'>una</span> <span class='ocrx_word' id='word_1_165' title='bbox 1193 1025 1264 1045; x_wconf 88' lang='lat' dir='ltr'>curn</span> <span class='ocrx_word' id='word_1_166' title='bbox 1287 1013 1433 1055; x_wconf 80' lang='lat' dir='ltr'>proximis</span> <span class='ocrx_word' id='word_1_167' title='bbox 1455 1013 1598 1054; x_wconf 89' lang='lat' dir='ltr'>notisque</span> 
     </span>
     <span class='ocr_line' id='line_1_16' title="bbox 149 1067 1599 1113; baseline -0.003 -12"><span class='ocrx_word' id='word_1_168' title='bbox 149 1072 266 1111; x_wconf 84' lang='lat' dir='ltr'>pueriS,</span> <span class='ocrx_word' id='word_1_169' title='bbox 281 1072 433 1113; x_wconf 87' lang='lat' dir='ltr'>nobisque</span> <span class='ocrx_word' id='word_1_170' title='bbox 448 1083 466 1102; x_wconf 89' lang='lat' dir='ltr'>a</span> <span class='ocrx_word' id='word_1_171' title='bbox 489 1073 668 1113; x_wconf 80' lang='lat' dir='ltr'>parentibus</span> <span class='ocrx_word' id='word_1_172' title='bbox 694 1072 863 1102; x_wconf 89' lang='lat' dir='ltr'>carminum</span> <span class='ocrx_word' id='word_1_173' title='bbox 880 1070 1090 1101; x_wconf 90' lang='lat' dir='ltr'>canendorum</span> <span class='ocrx_word' id='word_1_174' title='bbox 1104 1074 1259 1100; x_wconf 89' lang='lat' dir='ltr'>certamen</span> <span class='ocrx_word' id='word_1_175' title='bbox 1273 1073 1321 1099; x_wconf 92' lang='lat' dir='ltr'>est</span> <span class='ocrx_word' id='word_1_176' title='bbox 1335 1067 1521 1109; x_wconf 87' lang='lat' dir='ltr'>injunctum.</span> <span class='ocrx_word' id='word_1_177' title='bbox 1545 1067 1599 1097; x_wconf 93' lang='lat' dir='ltr'>ubi</span> 
     </span>
     <span class='ocr_line' id='line_1_17' title="bbox 152 1120 1600 1167; baseline -0.003 -12"><span class='ocrx_word' id='word_1_178' title='bbox 152 1125 316 1156; x_wconf 83' lang='lat' dir='ltr'>multorum</span> <span class='ocrx_word' id='word_1_179' title='bbox 332 1126 497 1167; x_wconf 66' lang='lat' dir='ltr'>poetarum</span> <span class='ocrx_word' id='word_1_180' title='bbox 521 1126 655 1157; x_wconf 89' lang='lat' dir='ltr'>carmina</span> <span class='ocrx_word' id='word_1_181' title='bbox 680 1136 743 1156; x_wconf 88' lang='lat' dir='ltr'>non</span> <span class='ocrx_word' id='word_1_182' title='bbox 768 1135 870 1166; x_wconf 88' lang='lat' dir='ltr'>pauca</span> <span class='ocrx_word' id='word_1_183' title='bbox 892 1123 1064 1154; x_wconf 87' lang='lat' dir='ltr'>memoriter</span> <span class='ocrx_word' id='word_1_184' title='bbox 1090 1122 1291 1164; x_wconf 88' lang='lat' dir='ltr'>pronuntiata</span> <span class='ocrx_word' id='word_1_185' title='bbox 1316 1127 1400 1158; x_wconf 92' lang='lat' dir='ltr'>sunt,</span> <span class='ocrx_word' id='word_1_186' title='bbox 1426 1126 1458 1152; x_wconf 88' lang='lat' dir='ltr'>et</span> <span class='ocrx_word' id='word_1_187' title='bbox 1478 1120 1600 1152; x_wconf 87' lang='lat' dir='ltr'>Solonis</span> 
     </span>
     <span class='ocr_line' id='line_1_18' title="bbox 152 1174 1604 1222; baseline -0.003 -13"><span class='ocrx_word' id='word_1_188' title='bbox 152 1189 256 1211; x_wconf 85' lang='lat' dir='ltr'>versus</span> <span class='ocrx_word' id='word_1_189' title='bbox 270 1190 288 1210; x_wconf 91' lang='lat' dir='ltr'>a</span> <span class='ocrx_word' id='word_1_190' title='bbox 304 1180 443 1222; x_wconf 88' lang='lat' dir='ltr'>plurimis</span> <span class='ocrx_word' id='word_1_191' title='bbox 467 1191 642 1222; x_wconf 86' lang='lat' dir='ltr'>puerorum,</span> <span class='ocrx_word' id='word_1_192' title='bbox 668 1186 779 1221; x_wconf 86' lang='lat' dir='ltr'>utpote</span> <span class='ocrx_word' id='word_1_193' title='bbox 801 1179 971 1209; x_wconf 81' lang='lat' dir='ltr'>novitatem</span> <span class='ocrx_word' id='word_1_194' title='bbox 995 1177 1150 1219; x_wconf 69' lang='lat' dir='ltr'>poematis</span> <span class='ocrx_word' id='word_1_195' title='bbox 1177 1176 1410 1212; x_wconf 80' lang='lat' dir='ltr'>admirantibus,</span> <span class='ocrx_word' id='word_1_196' title='bbox 1433 1174 1604 1206; x_wconf 79' lang='lat' dir='ltr'>decantati-</span> 
     </span>
     <span class='ocr_line' id='line_1_19' title="bbox 154 1229 1605 1276; baseline -0.003 -12"><span class='ocrx_word' id='word_1_197' title='bbox 154 1239 216 1264; x_wconf 89' lang='lat' dir='ltr'>tum</span> <span class='ocrx_word' id='word_1_198' title='bbox 232 1234 412 1264; x_wconf 87' lang='lat' dir='ltr'>contribulis</span> <span class='ocrx_word' id='word_1_199' title='bbox 437 1235 577 1276; x_wconf 87' lang='lat' dir='ltr'>quidam,</span> <span class='ocrx_word' id='word_1_200' title='bbox 598 1245 651 1265; x_wconf 87' lang='lat' dir='ltr'>seu</span> <span class='ocrx_word' id='word_1_201' title='bbox 675 1234 760 1275; x_wconf 92' lang='lat' dir='ltr'>quod</span> <span class='ocrx_word' id='word_1_202' title='bbox 785 1234 826 1263; x_wconf 90' lang='lat' dir='ltr'>ita</span> <span class='ocrx_word' id='word_1_203' title='bbox 839 1233 1006 1274; x_wconf 86' lang='lat' dir='ltr'>judicaret,</span> <span class='ocrx_word' id='word_1_204' title='bbox 1031 1232 1095 1262; x_wconf 85' lang='lat' dir='ltr'>sive</span> <span class='ocrx_word' id='word_1_205' title='bbox 1117 1232 1202 1272; x_wconf 91' lang='lat' dir='ltr'>quod</span> <span class='ocrx_word' id='word_1_206' title='bbox 1226 1230 1331 1262; x_wconf 81' lang='lat' dir='ltr'>Critiae</span> <span class='ocrx_word' id='word_1_207' title='bbox 1354 1229 1485 1261; x_wconf 90' lang='lat' dir='ltr'>blandiri</span> <span class='ocrx_word' id='word_1_208' title='bbox 1499 1229 1605 1266; x_wconf 81' lang='lat' dir='ltr'>vellet,</span> 
     </span>
     <span class='ocr_line' id='line_1_20' title="bbox 153 1282 1604 1330; baseline -0.004 -12"><span class='ocrx_word' id='word_1_209' title='bbox 153 1288 251 1318; x_wconf 90' lang='lat' dir='ltr'>videri</span> <span class='ocrx_word' id='word_1_210' title='bbox 267 1288 326 1318; x_wconf 86' lang='lat' dir='ltr'>sibi</span> <span class='ocrx_word' id='word_1_211' title='bbox 342 1289 442 1330; x_wconf 89' lang='lat' dir='ltr'>inquit</span> <span class='ocrx_word' id='word_1_212' title='bbox 456 1299 525 1320; x_wconf 87' lang='lat' dir='ltr'>cum</span> <span class='ocrx_word' id='word_1_213' title='bbox 543 1289 574 1318; x_wconf 91' lang='lat' dir='ltr'>in</span> <span class='ocrx_word' id='word_1_214' title='bbox 590 1288 700 1319; x_wconf 88' lang='lat' dir='ltr'>ceteris</span> <span class='ocrx_word' id='word_1_215' title='bbox 715 1287 974 1329; x_wconf 86' lang='lat' dir='ltr'>sapientissimum</span> <span class='ocrx_word' id='word_1_216' title='bbox 999 1286 1095 1316; x_wconf 83' lang='lat' dir='ltr'>fuisse</span> <span class='ocrx_word' id='word_1_217' title='bbox 1110 1286 1269 1320; x_wconf 89' lang='lat' dir='ltr'>Solonem,</span> <span class='ocrx_word' id='word_1_218' title='bbox 1291 1290 1358 1314; x_wconf 89' lang='lat' dir='ltr'>tum</span> <span class='ocrx_word' id='word_1_219' title='bbox 1370 1284 1403 1314; x_wconf 94' lang='lat' dir='ltr'>in</span> <span class='ocrx_word' id='word_1_220' title='bbox 1419 1282 1604 1314; x_wconf 86' lang='lat' dir='ltr'>carminibus</span> 
     </span>
     <span class='ocr_line' id='line_1_21' title="bbox 154 1338 1606 1383; baseline -0.005 -9"><span class='ocrx_word' id='word_1_221' title='bbox 154 1342 316 1382; x_wconf 70' lang='lat' dir='ltr'>poetarum</span> <span class='ocrx_word' id='word_1_222' title='bbox 332 1343 469 1372; x_wconf 91' lang='lat' dir='ltr'>omnium</span> <span class='ocrx_word' id='word_1_223' title='bbox 493 1343 773 1383; x_wconf 86' lang='lat' dir='ltr'>generosissimum.</span> <span class='ocrx_word' id='word_1_224' title='bbox 796 1342 842 1372; x_wconf 89' lang='lat' dir='ltr'>his</span> <span class='ocrx_word' id='word_1_225' title='bbox 867 1341 979 1377; x_wconf 88' lang='lat' dir='ltr'>verbis,</span> <span class='ocrx_word' id='word_1_226' title='bbox 1003 1346 1038 1371; x_wconf 85' lang='lat' dir='ltr'>ut</span> <span class='ocrx_word' id='word_1_227' title='bbox 1051 1345 1133 1371; x_wconf 85' lang='lat' dir='ltr'>recte</span> <span class='ocrx_word' id='word_1_228' title='bbox 1149 1339 1284 1375; x_wconf 88' lang='lat' dir='ltr'>memini,</span> <span class='ocrx_word' id='word_1_229' title='bbox 1309 1339 1399 1368; x_wconf 83' lang='lat' dir='ltr'>valde</span> <span class='ocrx_word' id='word_1_230' title='bbox 1415 1338 1536 1368; x_wconf 78' lang='lat' dir='ltr'>laetatus</span> <span class='ocrx_word' id='word_1_231' title='bbox 1559 1340 1606 1367; x_wconf 78' lang='lat' dir='ltr'>est</span> 
     </span>
     <span class='ocr_line' id='line_1_22' title="bbox 155 1390 1606 1438; baseline -0.005 -11"><span class='ocrx_word' id='word_1_232' title='bbox 155 1407 260 1432; x_wconf 85' lang='lat' dir='ltr'>senex,</span> <span class='ocrx_word' id='word_1_233' title='bbox 275 1401 367 1438; x_wconf 86' lang='lat' dir='ltr'>atque</span> <span class='ocrx_word' id='word_1_234' title='bbox 382 1396 426 1426; x_wconf 88' lang='lat' dir='ltr'>ita</span> <span class='ocrx_word' id='word_1_235' title='bbox 442 1397 545 1427; x_wconf 89' lang='lat' dir='ltr'>ridens</span> <span class='ocrx_word' id='word_1_236' title='bbox 560 1396 659 1438; x_wconf 92' lang='lat' dir='ltr'>inquit</span> <span class='ocrx_word' id='word_1_237' title='bbox 675 1408 680 1425; x_wconf 88' lang='lat'>:</span> <span class='ocrx_word' id='word_1_238' title='bbox 706 1396 738 1426; x_wconf 89' lang='lat' dir='ltr'>Si</span> <span class='ocrx_word' id='word_1_239' title='bbox 753 1395 863 1431; x_wconf 86' lang='lat' dir='ltr'>Solon,</span> <span class='ocrx_word' id='word_1_240' title='bbox 879 1406 898 1426; x_wconf 93' lang='lat' dir='ltr'>o</span> <span class='ocrx_word' id='word_1_241' title='bbox 915 1395 1119 1430; x_wconf 73' lang='lat' dir='ltr'>Aurinander,</span> <span class='ocrx_word' id='word_1_242' title='bbox 1130 1403 1194 1423; x_wconf 92' lang='lat' dir='ltr'>non</span> <span class='ocrx_word' id='word_1_243' title='bbox 1211 1397 1330 1423; x_wconf 88' lang='lat' dir='ltr'>tantum</span> <span class='ocrx_word' id='word_1_244' title='bbox 1343 1391 1500 1422; x_wconf 88' lang='lat' dir='ltr'>relaxandi</span> <span class='ocrx_word' id='word_1_245' title='bbox 1511 1390 1606 1421; x_wconf 88' lang='lat' dir='ltr'>animi</span> 
     </span>
     <span class='ocr_line' id='line_1_23' title="bbox 156 1445 1606 1492; baseline -0.003 -12"><span class='ocrx_word' id='word_1_246' title='bbox 156 1451 264 1492; x_wconf 88' lang='lat' dir='ltr'>gratia,</span> <span class='ocrx_word' id='word_1_247' title='bbox 281 1451 334 1481; x_wconf 89' lang='lat' dir='ltr'>sed</span> <span class='ocrx_word' id='word_1_248' title='bbox 352 1451 458 1481; x_wconf 86' lang='lat' dir='ltr'>dedita</span> <span class='ocrx_word' id='word_1_249' title='bbox 481 1461 575 1492; x_wconf 89' lang='lat' dir='ltr'>opera</span> <span class='ocrx_word' id='word_1_250' title='bbox 600 1451 752 1492; x_wconf 88' lang='lat' dir='ltr'>serioque,</span> <span class='ocrx_word' id='word_1_251' title='bbox 778 1450 859 1481; x_wconf 89' lang='lat' dir='ltr'>sicut</span> <span class='ocrx_word' id='word_1_252' title='bbox 879 1449 943 1485; x_wconf 87' lang='lat' dir='ltr'>alii,</span> <span class='ocrx_word' id='word_1_253' title='bbox 960 1448 1083 1490; x_wconf 73' lang='lat' dir='ltr'>poesim</span> <span class='ocrx_word' id='word_1_254' title='bbox 1107 1452 1190 1478; x_wconf 84' lang='lat' dir='ltr'>esset</span> <span class='ocrx_word' id='word_1_255' title='bbox 1213 1451 1347 1483; x_wconf 59' lang='lat' dir='ltr'>secuturi,</span> <span class='ocrx_word' id='word_1_256' title='bbox 1362 1446 1413 1477; x_wconf 92' lang='lat' dir='ltr'>vel</span> <span class='ocrx_word' id='word_1_257' title='bbox 1436 1445 1606 1482; x_wconf 87' lang='lat' dir='ltr'>historiam,</span> 
     </span>
     <span class='ocr_line' id='line_1_24' title="bbox 155 1500 1605 1546; baseline -0.004 -11"><span class='ocrx_word' id='word_1_258' title='bbox 155 1505 302 1546; x_wconf 81' lang='lat' dir='ltr'>quam·ab</span> <span class='ocrx_word' id='word_1_259' title='bbox 321 1505 463 1546; x_wconf 83' lang='lat' dir='ltr'>AEgypto</span> <span class='ocrx_word' id='word_1_260' title='bbox 478 1516 616 1536; x_wconf 88' lang='lat' dir='ltr'>reversus</span> <span class='ocrx_word' id='word_1_261' title='bbox 631 1505 819 1540; x_wconf 81' lang='lat' dir='ltr'>instituerat,</span> <span class='ocrx_word' id='word_1_262' title='bbox 835 1503 1032 1543; x_wconf 88' lang='lat' dir='ltr'>absolvisset,</span> <span class='ocrx_word' id='word_1_263' title='bbox 1046 1513 1065 1532; x_wconf 93' lang='lat' dir='ltr'>a</span> <span class='ocrx_word' id='word_1_264' title='bbox 1080 1512 1143 1544; x_wconf 88' lang='lat' dir='ltr'>qua</span> <span class='ocrx_word' id='word_1_265' title='bbox 1157 1501 1286 1543; x_wconf 86' lang='lat' dir='ltr'>quidem</span> <span class='ocrx_word' id='word_1_266' title='bbox 1302 1500 1508 1531; x_wconf 85' lang='lat' dir='ltr'>seditionibus</span> <span class='ocrx_word' id='word_1_267' title='bbox 1522 1503 1605 1530; x_wconf 91' lang='lat' dir='ltr'>cete-</span> 
     </span>
     <span class='ocr_line' id='line_1_25' title="bbox 155 1553 1607 1601; baseline -0.005 -11"><span class='ocrx_word' id='word_1_268' title='bbox 155 1560 256 1601; x_wconf 81' lang='lat' dir='ltr'>risque</span> <span class='ocrx_word' id='word_1_269' title='bbox 272 1559 405 1590; x_wconf 82' lang='lat' dir='ltr'>civitatis</span> <span class='ocrx_word' id='word_1_270' title='bbox 414 1559 560 1590; x_wconf 86' lang='lat' dir='ltr'>fluctibus</span> <span class='ocrx_word' id='word_1_271' title='bbox 572 1559 752 1590; x_wconf 86' lang='lat' dir='ltr'>deturbatus</span> <span class='ocrx_word' id='word_1_272' title='bbox 764 1558 867 1589; x_wconf 88' lang='lat' dir='ltr'>medio</span> <span class='ocrx_word' id='word_1_273' title='bbox 881 1558 913 1588; x_wconf 89' lang='lat' dir='ltr'>in</span> <span class='ocrx_word' id='word_1_274' title='bbox 925 1568 1015 1588; x_wconf 89' lang='lat' dir='ltr'>cursu</span> <span class='ocrx_word' id='word_1_275' title='bbox 1028 1556 1150 1587; x_wconf 82' lang='lat' dir='ltr'>destitit</span> <span class='ocrx_word' id='word_1_276' title='bbox 1163 1567 1169 1585; x_wconf 73' lang='grc' dir='ltr'>ε</span> <span class='ocrx_word' id='word_1_277' title='bbox 1187 1566 1246 1586; x_wconf 90' lang='lat' dir='ltr'>nec</span> <span class='ocrx_word' id='word_1_278' title='bbox 1257 1555 1394 1586; x_wconf 89' lang='lat' dir='ltr'>Homero</span> <span class='ocrx_word' id='word_1_279' title='bbox 1405 1553 1607 1595; x_wconf 87' lang='lat' dir='ltr'>Hesiodoque</span> 
     </span>
     <span class='ocr_line' id='line_1_26' title="bbox 156 1608 1608 1655; baseline -0.003 -12"><span class='ocrx_word' id='word_1_280' title='bbox 156 1624 215 1644; x_wconf 86' lang='lat' dir='ltr'>nec</span> <span class='ocrx_word' id='word_1_281' title='bbox 231 1613 292 1643; x_wconf 90' lang='lat' dir='ltr'>alio</span> <span class='ocrx_word' id='word_1_282' title='bbox 307 1623 462 1654; x_wconf 89' lang='lat' dir='ltr'>quoquam</span> <span class='ocrx_word' id='word_1_283' title='bbox 479 1614 654 1655; x_wconf 70' lang='lat' dir='ltr'>poetarum,</span> <span class='ocrx_word' id='word_1_284' title='bbox 679 1619 713 1643; x_wconf 91' lang='lat' dir='ltr'>ut</span> <span class='ocrx_word' id='word_1_285' title='bbox 729 1613 850 1654; x_wconf 87' lang='lat' dir='ltr'>opinor,</span> <span class='ocrx_word' id='word_1_286' title='bbox 872 1612 998 1643; x_wconf 79' lang='lat' dir='ltr'>inferior</span> <span class='ocrx_word' id='word_1_287' title='bbox 1012 1611 1190 1643; x_wconf 83' lang='lat' dir='ltr'>exstitisset.</span> <span class='ocrx_word' id='word_1_288' title='bbox 1235 1609 1288 1640; x_wconf 90' lang='lat' dir='ltr'>Ad</span> <span class='ocrx_word' id='word_1_289' title='bbox 1302 1610 1369 1640; x_wconf 84' lang='lat' dir='ltr'>haec</span> <span class='ocrx_word' id='word_1_290' title='bbox 1384 1609 1436 1640; x_wconf 88' lang='lat' dir='ltr'>ille</span> <span class='ocrx_word' id='word_1_291' title='bbox 1450 1620 1457 1638; x_wconf 80' lang='lat' dir='ltr'><strong><em>z</em></strong></span> <span class='ocrx_word' id='word_1_292' title='bbox 1481 1608 1554 1645; x_wconf 85' lang='lat' dir='ltr'>Qua</span> <span class='ocrx_word' id='word_1_293' title='bbox 1569 1608 1608 1639; x_wconf 92' lang='lat' dir='ltr'>de</span> 
     </span>
     <span class='ocr_line' id='line_1_27' title="bbox 156 1662 1608 1706; baseline -0.003 -8"><span class='ocrx_word' id='word_1_294' title='bbox 156 1678 199 1703; x_wconf 88' lang='lat' dir='ltr'>re,</span> <span class='ocrx_word' id='word_1_295' title='bbox 215 1678 234 1698; x_wconf 94' lang='lat' dir='ltr'>o</span> <span class='ocrx_word' id='word_1_296' title='bbox 251 1666 362 1703; x_wconf 83' lang='lat' dir='ltr'>Critia,</span> <span class='ocrx_word' id='word_1_297' title='bbox 379 1673 507 1699; x_wconf 84' lang='lat' dir='ltr'>tractare</span> <span class='ocrx_word' id='word_1_298' title='bbox 522 1668 616 1698; x_wconf 89' lang='lat' dir='ltr'>Solon</span> <span class='ocrx_word' id='word_1_299' title='bbox 631 1667 787 1698; x_wconf 86' lang='lat' dir='ltr'>instituit?</span> <span class='ocrx_word' id='word_1_300' title='bbox 817 1667 872 1697; x_wconf 91' lang='lat' dir='ltr'>So.</span> <span class='ocrx_word' id='word_1_301' title='bbox 896 1666 946 1697; x_wconf 90' lang='lat' dir='ltr'>De</span> <span class='ocrx_word' id='word_1_302' title='bbox 963 1664 1117 1701; x_wconf 84' lang='lat' dir='ltr'>maximis,</span> <span class='ocrx_word' id='word_1_303' title='bbox 1132 1664 1246 1706; x_wconf 87' lang='lat' dir='ltr'>inquit,</span> <span class='ocrx_word' id='word_1_304' title='bbox 1260 1665 1351 1694; x_wconf 89' lang='lat' dir='ltr'>rebus</span> <span class='ocrx_word' id='word_1_305' title='bbox 1363 1663 1401 1694; x_wconf 90' lang='lat' dir='ltr'>ab</span> <span class='ocrx_word' id='word_1_306' title='bbox 1416 1663 1473 1693; x_wconf 82' lang='lat' dir='ltr'>hac</span> <span class='ocrx_word' id='word_1_307' title='bbox 1482 1662 1608 1693; x_wconf 87' lang='lat' dir='ltr'>civitate</span> 
     </span>
     <span class='ocr_line' id='line_1_28' title="bbox 157 1717 1607 1763; baseline -0.005 -11"><span class='ocrx_word' id='word_1_308' title='bbox 157 1721 316 1763; x_wconf 90' lang='lat' dir='ltr'>quondam</span> <span class='ocrx_word' id='word_1_309' title='bbox 342 1722 448 1763; x_wconf 85' lang='lat' dir='ltr'>gestis,</span> <span class='ocrx_word' id='word_1_310' title='bbox 463 1732 595 1763; x_wconf 89' lang='lat' dir='ltr'>quarum</span> <span class='ocrx_word' id='word_1_311' title='bbox 609 1722 756 1753; x_wconf 88' lang='lat' dir='ltr'>memoria</span> <span class='ocrx_word' id='word_1_312' title='bbox 771 1721 854 1762; x_wconf 89' lang='lat' dir='ltr'>apud</span> <span class='ocrx_word' id='word_1_313' title='bbox 879 1731 936 1750; x_wconf 90' lang='lat' dir='ltr'>nos</span> <span class='ocrx_word' id='word_1_314' title='bbox 950 1719 1100 1760; x_wconf 88' lang='lat' dir='ltr'>temporis</span> <span class='ocrx_word' id='word_1_315' title='bbox 1122 1718 1324 1749; x_wconf 86' lang='lat' dir='ltr'>diuturnitate</span> <span class='ocrx_word' id='word_1_316' title='bbox 1346 1722 1379 1748; x_wconf 88' lang='lat' dir='ltr'>et</span> <span class='ocrx_word' id='word_1_317' title='bbox 1401 1717 1525 1747; x_wconf 87' lang='lat' dir='ltr'>interitu</span> <span class='ocrx_word' id='word_1_318' title='bbox 1550 1717 1607 1746; x_wconf 86' lang='lat' dir='ltr'>ho-</span> 
     </span>
     <span class='ocr_line' id='line_1_29' title="bbox 155 1771 1606 1818; baseline -0.005 -11"><span class='ocrx_word' id='word_1_319' title='bbox 155 1776 276 1806; x_wconf 89' lang='lat' dir='ltr'>minum</span> <span class='ocrx_word' id='word_1_320' title='bbox 297 1776 450 1807; x_wconf 88' lang='lat' dir='ltr'>exstincta</span> <span class='ocrx_word' id='word_1_321' title='bbox 465 1782 524 1808; x_wconf 84' lang='lat' dir='ltr'>est.</span> <span class='ocrx_word' id='word_1_322' title='bbox 566 1776 642 1812; x_wconf 84' lang='lat' dir='ltr'>Dic,</span> <span class='ocrx_word' id='word_1_323' title='bbox 679 1786 797 1818; x_wconf 87' lang='lat' dir='ltr'>quaeso,</span> <span class='ocrx_word' id='word_1_324' title='bbox 821 1775 934 1815; x_wconf 87' lang='lat' dir='ltr'>inquit,</span> <span class='ocrx_word' id='word_1_325' title='bbox 961 1784 979 1804; x_wconf 97' lang='lat' dir='ltr'>o</span> <span class='ocrx_word' id='word_1_326' title='bbox 995 1773 1104 1814; x_wconf 71' lang='lat' dir='ltr'>Crifia,</span> <span class='ocrx_word' id='word_1_327' title='bbox 1130 1771 1208 1814; x_wconf 90' lang='lat' dir='ltr'>quid</span> <span class='ocrx_word' id='word_1_328' title='bbox 1232 1772 1311 1802; x_wconf 91' lang='lat' dir='ltr'>illud</span> <span class='ocrx_word' id='word_1_329' title='bbox 1335 1781 1424 1812; x_wconf 88' lang='lat' dir='ltr'>opus,</span> <span class='ocrx_word' id='word_1_330' title='bbox 1461 1775 1494 1800; x_wconf 86' lang='lat' dir='ltr'>et</span> <span class='ocrx_word' id='word_1_331' title='bbox 1529 1780 1606 1811; x_wconf 93' lang='lat' dir='ltr'>quo-</span> 
     </span>
     <span class='ocr_line' id='line_1_30' title="bbox 160 1823 1609 1872; baseline -0.005 -11"><span class='ocrx_word' id='word_1_332' title='bbox 160 1832 252 1862; x_wconf 91' lang='lat' dir='ltr'>modo</span> <span class='ocrx_word' id='word_1_333' title='bbox 264 1836 380 1869; x_wconf 81' lang='lat' dir='ltr'>actum,</span> <span class='ocrx_word' id='word_1_334' title='bbox 397 1835 430 1861; x_wconf 91' lang='lat' dir='ltr'>et</span> <span class='ocrx_word' id='word_1_335' title='bbox 452 1841 470 1861; x_wconf 90' lang='lat' dir='ltr'>a</span> <span class='ocrx_word' id='word_1_336' title='bbox 495 1831 606 1872; x_wconf 89' lang='lat' dir='ltr'>quibus</span> <span class='ocrx_word' id='word_1_337' title='bbox 631 1830 784 1868; x_wconf 86' lang='lat' dir='ltr'>habitum,</span> <span class='ocrx_word' id='word_1_338' title='bbox 810 1836 960 1870; x_wconf 87' lang='lat' dir='ltr'>tanquam</span> <span class='ocrx_word' id='word_1_339' title='bbox 986 1838 1094 1858; x_wconf 89' lang='lat' dir='ltr'>verum</span> <span class='ocrx_word' id='word_1_340' title='bbox 1118 1827 1213 1857; x_wconf 90' lang='lat' dir='ltr'>Solon</span> <span class='ocrx_word' id='word_1_341' title='bbox 1240 1826 1393 1856; x_wconf 85' lang='lat' dir='ltr'>narrabat.</span> <span class='ocrx_word' id='word_1_342' title='bbox 1438 1824 1517 1856; x_wconf 77' lang='lat' dir='ltr'>Cur.</span> <span class='ocrx_word' id='word_1_343' title='bbox 1541 1823 1609 1859; x_wconf 83' lang='lat' dir='ltr'>Est,</span> 
     </span>
     <span class='ocr_line' id='line_1_31' title="bbox 159 1876 1609 1927; baseline -0.006 -12"><span class='ocrx_word' id='word_1_344' title='bbox 159 1885 273 1926; x_wconf 89' lang='lat' dir='ltr'>inquit,</span> <span class='ocrx_word' id='word_1_345' title='bbox 299 1885 435 1927; x_wconf 84' lang='lat' dir='ltr'>AEgypti</span> <span class='ocrx_word' id='word_1_346' title='bbox 458 1886 543 1927; x_wconf 85' lang='lat' dir='ltr'>regio</span> <span class='ocrx_word' id='word_1_347' title='bbox 570 1885 679 1922; x_wconf 85' lang='lat' dir='ltr'>Delta,</span> <span class='ocrx_word' id='word_1_348' title='bbox 695 1885 784 1926; x_wconf 85' lang='lat' dir='ltr'>cujus</span> <span class='ocrx_word' id='word_1_349' title='bbox 808 1895 825 1914; x_wconf 89' lang='lat' dir='ltr'>e</span> <span class='ocrx_word' id='word_1_350' title='bbox 851 1883 966 1914; x_wconf 88' lang='lat' dir='ltr'>vertice</span> <span class='ocrx_word' id='word_1_351' title='bbox 988 1882 1171 1913; x_wconf 86' lang='lat' dir='ltr'>scinduntur</span> <span class='ocrx_word' id='word_1_352' title='bbox 1185 1879 1254 1910; x_wconf 83' lang='lat' dir='ltr'>Nili</span> <span class='ocrx_word' id='word_1_353' title='bbox 1274 1879 1401 1909; x_wconf 85' lang='lat' dir='ltr'>fluenta.</span> <span class='ocrx_word' id='word_1_354' title='bbox 1423 1878 1492 1919; x_wconf 88' lang='lat' dir='ltr'>ejus</span> <span class='ocrx_word' id='word_1_355' title='bbox 1506 1876 1609 1918; x_wconf 79' lang='lat' dir='ltr'>campi</span> 
     </span>
     <span class='ocr_line' id='line_1_32' title="bbox 159 1931 1609 1980; baseline -0.006 -10"><span class='ocrx_word' id='word_1_356' title='bbox 159 1939 274 1970; x_wconf 85' lang='lat' dir='ltr'>Saitica</span> <span class='ocrx_word' id='word_1_357' title='bbox 290 1949 404 1980; x_wconf 87' lang='lat' dir='ltr'>pascua</span> <span class='ocrx_word' id='word_1_358' title='bbox 419 1939 629 1970; x_wconf 88' lang='lat' dir='ltr'>nominantur.</span> <span class='ocrx_word' id='word_1_359' title='bbox 651 1939 683 1968; x_wconf 88' lang='lat' dir='ltr'>in</span> <span class='ocrx_word' id='word_1_360' title='bbox 700 1939 812 1979; x_wconf 85' lang='lat' dir='ltr'>quibus</span> <span class='ocrx_word' id='word_1_361' title='bbox 828 1937 962 1968; x_wconf 83' lang='lat' dir='ltr'>maxima</span> <span class='ocrx_word' id='word_1_362' title='bbox 976 1936 1086 1967; x_wconf 88' lang='lat' dir='ltr'>civitas</span> <span class='ocrx_word' id='word_1_363' title='bbox 1101 1940 1159 1971; x_wconf 84' lang='lat' dir='ltr'>est,</span> <span class='ocrx_word' id='word_1_364' title='bbox 1173 1944 1267 1975; x_wconf 85' lang='lat' dir='ltr'>quam</span> <span class='ocrx_word' id='word_1_365' title='bbox 1277 1933 1361 1964; x_wconf 87' lang='lat' dir='ltr'>Saim</span> <span class='ocrx_word' id='word_1_366' title='bbox 1372 1938 1485 1964; x_wconf 90' lang='lat' dir='ltr'>vocant</span> <span class='ocrx_word' id='word_1_367' title='bbox 1498 1944 1505 1962; x_wconf 92' lang='lat'>:</span> <span class='ocrx_word' id='word_1_368' title='bbox 1523 1931 1609 1962; x_wconf 87' lang='lat' dir='ltr'>unde</span> 
     </span>
     <span class='ocr_line' id='line_1_33' title="bbox 161 1985 1609 2034; baseline -0.005 -11"><span class='ocrx_word' id='word_1_369' title='bbox 161 1992 285 2024; x_wconf 84' lang='lat' dir='ltr'>Amasis</span> <span class='ocrx_word' id='word_1_370' title='bbox 299 1993 359 2023; x_wconf 78' lang='lat' dir='ltr'>suit</span> <span class='ocrx_word' id='word_1_371' title='bbox 382 2004 444 2024; x_wconf 85' lang='lat' dir='ltr'>rex.</span> <span class='ocrx_word' id='word_1_372' title='bbox 469 1994 551 2023; x_wconf 87' lang='lat' dir='ltr'>urbis</span> <span class='ocrx_word' id='word_1_373' title='bbox 574 1992 642 2034; x_wconf 88' lang='lat' dir='ltr'>ejus</span> <span class='ocrx_word' id='word_1_374' title='bbox 667 1991 823 2022; x_wconf 84' lang='lat' dir='ltr'>fundatrix</span> <span class='ocrx_word' id='word_1_375' title='bbox 839 1991 912 2022; x_wconf 88' lang='lat' dir='ltr'>Dea</span> <span class='ocrx_word' id='word_1_376' title='bbox 934 1990 1004 2026; x_wconf 84' lang='lat' dir='ltr'>fuit,</span> <span class='ocrx_word' id='word_1_377' title='bbox 1032 2000 1123 2031; x_wconf 88' lang='lat' dir='ltr'>quam</span> <span class='ocrx_word' id='word_1_378' title='bbox 1150 1988 1298 2030; x_wconf 85' lang='lat' dir='ltr'>AEgyptii</span> <span class='ocrx_word' id='word_1_379' title='bbox 1318 1987 1478 2023; x_wconf 85' lang='lat' dir='ltr'>Neithem,</span> <span class='ocrx_word' id='word_1_380' title='bbox 1505 1985 1609 2017; x_wconf 88' lang='lat' dir='ltr'>Graeci</span> 
     </span>
     <span class='ocr_line' id='line_1_34' title="bbox 162 2041 1609 2087; baseline -0.005 -10"><span class='ocrx_word' id='word_1_381' title='bbox 162 2046 320 2077; x_wconf 87' lang='lat' dir='ltr'>Athenam</span> <span class='ocrx_word' id='word_1_382' title='bbox 334 2047 506 2077; x_wconf 84' lang='lat' dir='ltr'>nominant.</span> <span class='ocrx_word' id='word_1_383' title='bbox 530 2047 589 2087; x_wconf 88' lang='lat' dir='ltr'>ipsi</span> <span class='ocrx_word' id='word_1_384' title='bbox 606 2057 695 2087; x_wconf 90' lang='lat' dir='ltr'>porro</span> <span class='ocrx_word' id='word_1_385' title='bbox 710 2046 851 2076; x_wconf 87' lang='lat' dir='ltr'>homines</span> <span class='ocrx_word' id='word_1_386' title='bbox 879 2043 1120 2076; x_wconf 85' lang='lat' dir='ltr'>Atheniensium</span> <span class='ocrx_word' id='word_1_387' title='bbox 1144 2042 1235 2073; x_wconf 86' lang='lat' dir='ltr'>amici</span> <span class='ocrx_word' id='word_1_388' title='bbox 1260 2047 1342 2077; x_wconf 88' lang='lat' dir='ltr'>sunt,</span> <span class='ocrx_word' id='word_1_389' title='bbox 1368 2041 1474 2083; x_wconf 86' lang='lat' dir='ltr'>eisque</span> <span class='ocrx_word' id='word_1_390' title='bbox 1497 2050 1609 2081; x_wconf 84' lang='lat' dir='ltr'>genere</span> 
     </span>
     <span class='ocr_line' id='line_1_35' title="bbox 162 2095 1608 2142; baseline -0.005 -11"><span class='ocrx_word' id='word_1_391' title='bbox 162 2101 296 2142; x_wconf 90' lang='lat' dir='ltr'>quodam</span> <span class='ocrx_word' id='word_1_392' title='bbox 313 2100 497 2141; x_wconf 87' lang='lat' dir='ltr'>conjunctos</span> <span class='ocrx_word' id='word_1_393' title='bbox 513 2111 579 2131; x_wconf 86' lang='lat' dir='ltr'>esse</span> <span class='ocrx_word' id='word_1_394' title='bbox 596 2111 628 2131; x_wconf 89' lang='lat' dir='ltr'>se</span> <span class='ocrx_word' id='word_1_395' title='bbox 642 2101 823 2142; x_wconf 84' lang='lat' dir='ltr'>praedicant.</span> <span class='ocrx_word' id='word_1_396' title='bbox 848 2109 909 2140; x_wconf 91' lang='lat' dir='ltr'>quo</span> <span class='ocrx_word' id='word_1_397' title='bbox 924 2097 1018 2129; x_wconf 88' lang='lat' dir='ltr'>Solon</span> <span class='ocrx_word' id='word_1_398' title='bbox 1033 2097 1205 2139; x_wconf 82' lang='lat' dir='ltr'>profectum</span> <span class='ocrx_word' id='word_1_399' title='bbox 1220 2106 1252 2127; x_wconf 90' lang='lat' dir='ltr'>se</span> <span class='ocrx_word' id='word_1_400' title='bbox 1266 2095 1434 2126; x_wconf 87' lang='lat' dir='ltr'>honorifice</span> <span class='ocrx_word' id='word_1_401' title='bbox 1446 2099 1608 2136; x_wconf 87' lang='lat' dir='ltr'>acceptum</span> 
     </span>
     <span class='ocr_line' id='line_1_36' title="bbox 161 2148 1609 2191; baseline -0.005 -5"><span class='ocrx_word' id='word_1_402' title='bbox 161 2155 255 2186; x_wconf 76' lang='lat' dir='ltr'>fuisse</span> <span class='ocrx_word' id='word_1_403' title='bbox 272 2155 435 2186; x_wconf 80' lang='lat' dir='ltr'>referebat.</span> <span class='ocrx_word' id='word_1_404' title='bbox 458 2162 489 2187; x_wconf 87' lang='lat' dir='ltr'>et</span> <span class='ocrx_word' id='word_1_405' title='bbox 514 2166 585 2186; x_wconf 90' lang='lat' dir='ltr'>cum</span> <span class='ocrx_word' id='word_1_406' title='bbox 602 2154 641 2186; x_wconf 86' lang='lat' dir='ltr'>de</span> <span class='ocrx_word' id='word_1_407' title='bbox 665 2154 826 2185; x_wconf 83' lang='lat' dir='ltr'>vetustatis</span> <span class='ocrx_word' id='word_1_408' title='bbox 848 2153 996 2184; x_wconf 88' lang='lat' dir='ltr'>memoria</span> <span class='ocrx_word' id='word_1_409' title='bbox 1020 2153 1058 2183; x_wconf 91' lang='lat' dir='ltr'>ab</span> <span class='ocrx_word' id='word_1_410' title='bbox 1083 2151 1144 2182; x_wconf 89' lang='lat' dir='ltr'>illis</span> <span class='ocrx_word' id='word_1_411' title='bbox 1159 2150 1381 2185; x_wconf 84' lang='lat' dir='ltr'>sacerdotibus,</span> <span class='ocrx_word' id='word_1_412' title='bbox 1406 2149 1481 2191; x_wconf 83' lang='lat'>[22]</span> <span class='ocrx_word' id='word_1_413' title='bbox 1506 2148 1609 2190; x_wconf 85' lang='lat' dir='ltr'>quiin</span> 
     </span>
     <span class='ocr_line' id='line_1_37' title="bbox 162 2204 1610 2251; baseline -0.006 -10"><span class='ocrx_word' id='word_1_414' title='bbox 162 2211 220 2241; x_wconf 86' lang='lat' dir='ltr'>hac</span> <span class='ocrx_word' id='word_1_415' title='bbox 236 2220 268 2240; x_wconf 88' lang='lat' dir='ltr'>re</span> <span class='ocrx_word' id='word_1_416' title='bbox 281 2214 450 2240; x_wconf 84' lang='lat' dir='ltr'>ceterorum</span> <span class='ocrx_word' id='word_1_417' title='bbox 475 2209 651 2251; x_wconf 87' lang='lat' dir='ltr'>peritissimi</span> <span class='ocrx_word' id='word_1_418' title='bbox 674 2214 773 2244; x_wconf 88' lang='lat' dir='ltr'>erant,</span> <span class='ocrx_word' id='word_1_419' title='bbox 788 2208 958 2249; x_wconf 83' lang='lat' dir='ltr'>quaesisset,</span> <span class='ocrx_word' id='word_1_420' title='bbox 981 2212 1143 2248; x_wconf 76' lang='lat' dir='ltr'>expertum</span> <span class='ocrx_word' id='word_1_421' title='bbox 1164 2216 1196 2236; x_wconf 88' lang='lat' dir='ltr'>se</span> <span class='ocrx_word' id='word_1_422' title='bbox 1223 2215 1291 2236; x_wconf 87' lang='lat' dir='ltr'>esse</span> <span class='ocrx_word' id='word_1_423' title='bbox 1314 2204 1439 2235; x_wconf 86' lang='lat' dir='ltr'>dicebat</span> <span class='ocrx_word' id='word_1_424' title='bbox 1460 2213 1562 2244; x_wconf 88' lang='lat' dir='ltr'>neque</span> <span class='ocrx_word' id='word_1_425' title='bbox 1578 2213 1610 2234; x_wconf 85' lang='lat' dir='ltr'>se</span> 
     </span>
     <span class='ocr_line' id='line_1_38' title="bbox 163 2258 1610 2306; baseline -0.006 -11"><span class='ocrx_word' id='word_1_426' title='bbox 163 2264 262 2306; x_wconf 87' lang='lat' dir='ltr'>ipsum</span> <span class='ocrx_word' id='word_1_427' title='bbox 279 2274 380 2305; x_wconf 88' lang='lat' dir='ltr'>neque</span> <span class='ocrx_word' id='word_1_428' title='bbox 408 2263 500 2294; x_wconf 90' lang='lat' dir='ltr'>alium</span> <span class='ocrx_word' id='word_1_429' title='bbox 528 2263 708 2295; x_wconf 82' lang='lat' dir='ltr'>Graecorum</span> <span class='ocrx_word' id='word_1_430' title='bbox 738 2272 916 2304; x_wconf 87' lang='lat' dir='ltr'>quenquam</span> <span class='ocrx_word' id='word_1_431' title='bbox 931 2261 1141 2302; x_wconf 82' lang='lat' dir='ltr'>cognitionem</span> <span class='ocrx_word' id='word_1_432' title='bbox 1168 2259 1361 2301; x_wconf 87' lang='lat' dir='ltr'>antiquitatis</span> <span class='ocrx_word' id='word_1_433' title='bbox 1378 2258 1470 2288; x_wconf 90' lang='lat' dir='ltr'>ullam</span> <span class='ocrx_word' id='word_1_434' title='bbox 1486 2258 1610 2288; x_wconf 88' lang='lat' dir='ltr'>habere.</span> 
     </span>
     <span class='ocr_line' id='line_1_39' title="bbox 164 2310 1610 2360; baseline -0.006 -11"><span class='ocrx_word' id='word_1_435' title='bbox 164 2319 350 2360; x_wconf 85' lang='lat' dir='ltr'>quandoque</span> <span class='ocrx_word' id='word_1_436' title='bbox 365 2329 436 2349; x_wconf 89' lang='lat' dir='ltr'>vero</span> <span class='ocrx_word' id='word_1_437' title='bbox 451 2328 553 2349; x_wconf 88' lang='lat' dir='ltr'>coram</span> <span class='ocrx_word' id='word_1_438' title='bbox 570 2317 794 2352; x_wconf 86' lang='lat' dir='ltr'>sacerdotibus,</span> <span class='ocrx_word' id='word_1_439' title='bbox 809 2321 844 2346; x_wconf 89' lang='lat' dir='ltr'>ut</span> <span class='ocrx_word' id='word_1_440' title='bbox 857 2327 910 2347; x_wconf 90' lang='lat' dir='ltr'>eos</span> <span class='ocrx_word' id='word_1_441' title='bbox 924 2315 965 2346; x_wconf 85' lang='lat' dir='ltr'>ad</span> <span class='ocrx_word' id='word_1_442' title='bbox 980 2325 1035 2345; x_wconf 85' lang='lat' dir='ltr'>sua</span> <span class='ocrx_word' id='word_1_443' title='bbox 1043 2314 1197 2345; x_wconf 90' lang='lat' dir='ltr'>narranda</span> <span class='ocrx_word' id='word_1_444' title='bbox 1209 2317 1400 2354; x_wconf 85' lang='lat' dir='ltr'>provocaret,</span> <span class='ocrx_word' id='word_1_445' title='bbox 1411 2311 1450 2342; x_wconf 90' lang='lat' dir='ltr'>de</span> <span class='ocrx_word' id='word_1_446' title='bbox 1461 2310 1610 2352; x_wconf 85' lang='lat' dir='ltr'>antiquis-</span> 
     </span>
     <span class='ocr_line' id='line_1_40' title="bbox 167 2365 1610 2409; baseline -0.006 -7"><span class='ocrx_word' id='word_1_447' title='bbox 167 2372 251 2402; x_wconf 86' lang='lat' dir='ltr'>simis</span> <span class='ocrx_word' id='word_1_448' title='bbox 260 2371 324 2402; x_wconf 85' lang='lat' dir='ltr'>illis</span> <span class='ocrx_word' id='word_1_449' title='bbox 340 2372 531 2402; x_wconf 85' lang='lat' dir='ltr'>Athenarum</span> <span class='ocrx_word' id='word_1_450' title='bbox 543 2371 678 2402; x_wconf 84' lang='lat' dir='ltr'>historiis</span> <span class='ocrx_word' id='word_1_451' title='bbox 691 2371 782 2401; x_wconf 87' lang='lat' dir='ltr'>verba</span> <span class='ocrx_word' id='word_1_452' title='bbox 791 2370 913 2406; x_wconf 81' lang='lat' dir='ltr'>fecisse,</span> <span class='ocrx_word' id='word_1_453' title='bbox 923 2370 1087 2401; x_wconf 80' lang='lat' dir='ltr'>Phoroneo</span> <span class='ocrx_word' id='word_1_454' title='bbox 1097 2368 1193 2409; x_wconf 86' lang='lat' dir='ltr'>primo</span> <span class='ocrx_word' id='word_1_455' title='bbox 1205 2373 1236 2398; x_wconf 84' lang='lat' dir='ltr'>et</span> <span class='ocrx_word' id='word_1_456' title='bbox 1245 2366 1362 2405; x_wconf 89' lang='lat' dir='ltr'>Niobe,</span> <span class='ocrx_word' id='word_1_457' title='bbox 1375 2371 1505 2407; x_wconf 90' lang='lat' dir='ltr'>postque</span> <span class='ocrx_word' id='word_1_458' title='bbox 1520 2365 1610 2394; x_wconf 89' lang='lat' dir='ltr'>inun-</span> 
     </span>
     <span class='ocr_line' id='line_1_41' title="bbox 165 2419 1611 2466; baseline -0.006 -10"><span class='ocrx_word' id='word_1_459' title='bbox 165 2425 321 2456; x_wconf 79' lang='lat' dir='ltr'>dationem</span> <span class='ocrx_word' id='word_1_460' title='bbox 337 2425 442 2456; x_wconf 89' lang='lat' dir='ltr'>mundi</span> <span class='ocrx_word' id='word_1_461' title='bbox 459 2426 498 2456; x_wconf 89' lang='lat' dir='ltr'>de</span> <span class='ocrx_word' id='word_1_462' title='bbox 513 2425 631 2466; x_wconf 82' lang='lat' dir='ltr'>Pyrrha</span> <span class='ocrx_word' id='word_1_463' title='bbox 655 2429 688 2455; x_wconf 88' lang='lat' dir='ltr'>et</span> <span class='ocrx_word' id='word_1_464' title='bbox 703 2424 899 2455; x_wconf 84' lang='lat' dir='ltr'>Deucalione</span> <span class='ocrx_word' id='word_1_465' title='bbox 913 2432 1082 2464; x_wconf 89' lang='lat' dir='ltr'>eorumque</span> <span class='ocrx_word' id='word_1_466' title='bbox 1099 2422 1292 2463; x_wconf 81' lang='lat' dir='ltr'>posteritate,</span> <span class='ocrx_word' id='word_1_467' title='bbox 1307 2426 1340 2451; x_wconf 86' lang='lat' dir='ltr'>et</span> <span class='ocrx_word' id='word_1_468' title='bbox 1353 2420 1393 2450; x_wconf 85' lang='lat' dir='ltr'>de</span> <span class='ocrx_word' id='word_1_469' title='bbox 1409 2419 1611 2460; x_wconf 84' lang='lat' dir='ltr'>temporibus,</span> 
     </span>
     <span class='ocr_line' id='line_1_42' title="bbox 166 2471 1609 2521; baseline -0.006 -11"><span class='ocrx_word' id='word_1_470' title='bbox 166 2479 281 2521; x_wconf 85' lang='lat' dir='ltr'>quibus</span> <span class='ocrx_word' id='word_1_471' title='bbox 295 2479 416 2520; x_wconf 87' lang='lat' dir='ltr'>singula</span> <span class='ocrx_word' id='word_1_472' title='bbox 430 2479 638 2520; x_wconf 82' lang='lat' dir='ltr'>contigerunt.</span> <span class='ocrx_word' id='word_1_473' title='bbox 663 2484 736 2510; x_wconf 85' lang='lat' dir='ltr'>tunc</span> <span class='ocrx_word' id='word_1_474' title='bbox 752 2489 788 2510; x_wconf 90' lang='lat' dir='ltr'>ex</span> <span class='ocrx_word' id='word_1_475' title='bbox 813 2477 1022 2509; x_wconf 86' lang='lat' dir='ltr'>sacerdotibus</span> <span class='ocrx_word' id='word_1_476' title='bbox 1049 2476 1204 2518; x_wconf 90' lang='lat' dir='ltr'>quendam</span> <span class='ocrx_word' id='word_1_477' title='bbox 1220 2474 1368 2516; x_wconf 88' lang='lat' dir='ltr'>grandem</span> <span class='ocrx_word' id='word_1_478' title='bbox 1383 2478 1457 2503; x_wconf 90' lang='lat' dir='ltr'>natu</span> <span class='ocrx_word' id='word_1_479' title='bbox 1473 2471 1587 2503; x_wconf 86' lang='lat' dir='ltr'>dixisse</span> <span class='ocrx_word' id='word_1_480' title='bbox 1602 2484 1609 2502; x_wconf 90' lang='lat'>:</span> 
     </span>
     <span class='ocr_line' id='line_1_43' title="bbox 168 2526 1612 2574; baseline -0.006 -9"><span class='ocrx_word' id='word_1_481' title='bbox 168 2533 197 2565; x_wconf 94' lang='lat' dir='ltr'>O</span> <span class='ocrx_word' id='word_1_482' title='bbox 224 2533 333 2574; x_wconf 89' lang='lat' dir='ltr'>Solon,</span> <span class='ocrx_word' id='word_1_483' title='bbox 348 2533 456 2568; x_wconf 81' lang='lat' dir='ltr'>Solon,</span> <span class='ocrx_word' id='word_1_484' title='bbox 472 2531 574 2563; x_wconf 86' lang='lat' dir='ltr'>Graeci</span> <span class='ocrx_word' id='word_1_485' title='bbox 601 2532 687 2573; x_wconf 91' lang='lat' dir='ltr'>pueri</span> <span class='ocrx_word' id='word_1_486' title='bbox 710 2543 829 2573; x_wconf 88' lang='lat' dir='ltr'>semper</span> <span class='ocrx_word' id='word_1_487' title='bbox 852 2532 938 2568; x_wconf 85' lang='lat' dir='ltr'>estis,</span> <span class='ocrx_word' id='word_1_488' title='bbox 962 2541 1020 2562; x_wconf 88' lang='lat' dir='ltr'>nec</span> <span class='ocrx_word' id='word_1_489' title='bbox 1035 2530 1199 2571; x_wconf 88' lang='lat' dir='ltr'>quisquam</span> <span class='ocrx_word' id='word_1_490' title='bbox 1224 2539 1242 2559; x_wconf 90' lang='lat' dir='ltr'>e</span> <span class='ocrx_word' id='word_1_491' title='bbox 1258 2528 1383 2559; x_wconf 79' lang='lat' dir='ltr'>Graecia</span> <span class='ocrx_word' id='word_1_492' title='bbox 1397 2537 1502 2557; x_wconf 86' lang='lat' dir='ltr'>senex.</span> <span class='ocrx_word' id='word_1_493' title='bbox 1548 2526 1612 2558; x_wconf 85' lang='lat' dir='ltr'>Cur</span> 
     </span>
     <span class='ocr_line' id='line_1_44' title="bbox 166 2581 1612 2627; baseline -0.006 -9"><span class='ocrx_word' id='word_1_494' title='bbox 166 2588 251 2619; x_wconf 87' lang='lat' dir='ltr'>istud</span> <span class='ocrx_word' id='word_1_495' title='bbox 267 2587 395 2621; x_wconf 85' lang='lat' dir='ltr'>diceret.</span> <span class='ocrx_word' id='word_1_496' title='bbox 412 2591 614 2626; x_wconf 87' lang='lat' dir='ltr'>percontante</span> <span class='ocrx_word' id='word_1_497' title='bbox 637 2586 762 2622; x_wconf 90' lang='lat' dir='ltr'>Solone,</span> <span class='ocrx_word' id='word_1_498' title='bbox 786 2585 979 2627; x_wconf 86' lang='lat' dir='ltr'>respondisse</span> <span class='ocrx_word' id='word_1_499' title='bbox 1002 2583 1214 2615; x_wconf 75' lang='lat' dir='ltr'>sacerdotem:</span> <span class='ocrx_word' id='word_1_500' title='bbox 1241 2582 1325 2620; x_wconf 90' lang='lat' dir='ltr'>Quia</span> <span class='ocrx_word' id='word_1_501' title='bbox 1343 2581 1470 2622; x_wconf 89' lang='lat' dir='ltr'>juvenis</span> <span class='ocrx_word' id='word_1_502' title='bbox 1492 2590 1612 2622; x_wconf 85' lang='lat' dir='ltr'>semper</span> 
     </span>
     <span class='ocr_line' id='line_1_45' title="bbox 167 2634 1612 2681; baseline -0.005 -10"><span class='ocrx_word' id='word_1_503' title='bbox 167 2642 257 2674; x_wconf 89' lang='lat' dir='ltr'>vobis</span> <span class='ocrx_word' id='word_1_504' title='bbox 267 2646 314 2672; x_wconf 88' lang='lat' dir='ltr'>est</span> <span class='ocrx_word' id='word_1_505' title='bbox 328 2641 459 2676; x_wconf 88' lang='lat' dir='ltr'>animus,</span> <span class='ocrx_word' id='word_1_506' title='bbox 470 2640 501 2670; x_wconf 88' lang='lat' dir='ltr'>in</span> <span class='ocrx_word' id='word_1_507' title='bbox 517 2651 580 2681; x_wconf 90' lang='lat' dir='ltr'>quo</span> <span class='ocrx_word' id='word_1_508' title='bbox 595 2639 680 2670; x_wconf 87' lang='lat' dir='ltr'>nulla</span> <span class='ocrx_word' id='word_1_509' title='bbox 700 2646 747 2671; x_wconf 83' lang='lat' dir='ltr'>est</span> <span class='ocrx_word' id='word_1_510' title='bbox 760 2651 796 2671; x_wconf 83' lang='lat' dir='ltr'>ex</span> <span class='ocrx_word' id='word_1_511' title='bbox 811 2639 972 2670; x_wconf 90' lang='lat' dir='ltr'>vetustatis</span> <span class='ocrx_word' id='word_1_512' title='bbox 982 2637 1276 2669; x_wconf 85' lang='lat' dir='ltr'>commemoratione</span> <span class='ocrx_word' id='word_1_513' title='bbox 1287 2635 1388 2677; x_wconf 79' lang='lat' dir='ltr'>prisca</span> <span class='ocrx_word' id='word_1_514' title='bbox 1398 2634 1612 2676; x_wconf 84' lang='lat' dir='ltr'>opinio‚nulla</span> 
     </span>
     <span class='ocr_line' id='line_1_46' title="bbox 170 2688 1612 2736; baseline -0.006 -9"><span class='ocrx_word' id='word_1_515' title='bbox 170 2705 250 2727; x_wconf 83' lang='lat' dir='ltr'>cana</span> <span class='ocrx_word' id='word_1_516' title='bbox 272 2695 416 2726; x_wconf 80' lang='lat' dir='ltr'>scientia.</span> <span class='ocrx_word' id='word_1_517' title='bbox 452 2695 536 2736; x_wconf 90' lang='lat' dir='ltr'>quod</span> <span class='ocrx_word' id='word_1_518' title='bbox 563 2694 634 2724; x_wconf 88' lang='lat' dir='ltr'>ideo</span> <span class='ocrx_word' id='word_1_519' title='bbox 664 2693 751 2725; x_wconf 87' lang='lat' dir='ltr'>vobis</span> <span class='ocrx_word' id='word_1_520' title='bbox 776 2694 918 2736; x_wconf 89' lang='lat' dir='ltr'>contigit,</span> <span class='ocrx_word' id='word_1_521' title='bbox 945 2693 1018 2735; x_wconf 90' lang='lat' dir='ltr'>quia</span> <span class='ocrx_word' id='word_1_522' title='bbox 1045 2691 1140 2722; x_wconf 89' lang='lat' dir='ltr'>multa</span> <span class='ocrx_word' id='word_1_523' title='bbox 1166 2696 1197 2721; x_wconf 87' lang='lat' dir='ltr'>et</span> <span class='ocrx_word' id='word_1_524' title='bbox 1225 2690 1307 2720; x_wconf 79' lang='lat' dir='ltr'>varia</span> <span class='ocrx_word' id='word_1_525' title='bbox 1332 2689 1494 2720; x_wconf 90' lang='lat' dir='ltr'>hominum</span> <span class='ocrx_word' id='word_1_526' title='bbox 1519 2688 1612 2719; x_wconf 85' lang='lat' dir='ltr'>exitia</span> 
     </span>
     <span class='ocr_line' id='line_1_47' title="bbox 170 2742 1612 2790; baseline -0.006 -9"><span class='ocrx_word' id='word_1_527' title='bbox 170 2750 294 2781; x_wconf 77' lang='lat' dir='ltr'>suerunt</span> <span class='ocrx_word' id='word_1_528' title='bbox 306 2754 468 2790; x_wconf 88' lang='lat' dir='ltr'>eruntque.</span> <span class='ocrx_word' id='word_1_529' title='bbox 492 2748 625 2779; x_wconf 85' lang='lat' dir='ltr'>maxima</span> <span class='ocrx_word' id='word_1_530' title='bbox 639 2748 762 2789; x_wconf 89' lang='lat' dir='ltr'>quidem</span> <span class='ocrx_word' id='word_1_531' title='bbox 779 2753 833 2779; x_wconf 88' lang='lat' dir='ltr'>aut</span> <span class='ocrx_word' id='word_1_532' title='bbox 846 2748 925 2789; x_wconf 88' lang='lat' dir='ltr'>ignis</span> <span class='ocrx_word' id='word_1_533' title='bbox 936 2745 1176 2787; x_wconf 84' lang='lat' dir='ltr'>conflagratione</span> <span class='ocrx_word' id='word_1_534' title='bbox 1191 2749 1245 2775; x_wconf 87' lang='lat' dir='ltr'>aut</span> <span class='ocrx_word' id='word_1_535' title='bbox 1259 2753 1346 2785; x_wconf 81' lang='lat' dir='ltr'>aquae</span> <span class='ocrx_word' id='word_1_536' title='bbox 1358 2742 1612 2773; x_wconf 76' lang='lat' dir='ltr'>inundationibus</span> 
     </span>
     <span class='ocr_line' id='line_1_48' title="bbox 170 2794 1611 2844; baseline -0.006 -11"><span class='ocrx_word' id='word_1_537' title='bbox 170 2803 330 2844; x_wconf 87' lang='lat' dir='ltr'>provenire</span> <span class='ocrx_word' id='word_1_538' title='bbox 345 2812 470 2834; x_wconf 85' lang='lat' dir='ltr'>necesse</span> <span class='ocrx_word' id='word_1_539' title='bbox 494 2807 552 2841; x_wconf 89' lang='lat' dir='ltr'>est,</span> <span class='ocrx_word' id='word_1_540' title='bbox 567 2802 684 2833; x_wconf 90' lang='lat' dir='ltr'>minora</span> <span class='ocrx_word' id='word_1_541' title='bbox 698 2812 770 2833; x_wconf 88' lang='lat' dir='ltr'>vcro</span> <span class='ocrx_word' id='word_1_542' title='bbox 786 2802 853 2833; x_wconf 88' lang='lat' dir='ltr'>aliis</span> <span class='ocrx_word' id='word_1_543' title='bbox 876 2800 1065 2843; x_wconf 87' lang='lat' dir='ltr'>quibuslibet</span> <span class='ocrx_word' id='word_1_544' title='bbox 1089 2798 1315 2830; x_wconf 81' lang='lat' dir='ltr'>calamitatibus</span> <span class='ocrx_word' id='word_1_545' title='bbox 1329 2797 1407 2828; x_wconf 88' lang='lat' dir='ltr'>fieri.</span> <span class='ocrx_word' id='word_1_546' title='bbox 1432 2806 1504 2826; x_wconf 86' lang='lat' dir='ltr'>nam</span> <span class='ocrx_word' id='word_1_547' title='bbox 1527 2794 1611 2837; x_wconf 90' lang='lat' dir='ltr'>quod</span> 
     </span>
     <span class='ocr_line' id='line_1_49' title="bbox 172 2851 1611 2897; baseline -0.006 -11"><span class='ocrx_word' id='word_1_548' title='bbox 172 2856 256 2896; x_wconf 84' lang='lat' dir='ltr'>apud</span> <span class='ocrx_word' id='word_1_549' title='bbox 270 2867 324 2887; x_wconf 83' lang='lat' dir='ltr'>vos</span> <span class='ocrx_word' id='word_1_550' title='bbox 338 2857 443 2892; x_wconf 76' lang='lat' dir='ltr'>fertur,</span> <span class='ocrx_word' id='word_1_551' title='bbox 460 2856 689 2888; x_wconf 71' lang='lat' dir='ltr'>Phaethontem</span> <span class='ocrx_word' id='word_1_552' title='bbox 704 2855 860 2897; x_wconf 87' lang='lat' dir='ltr'>quondam</span> <span class='ocrx_word' id='word_1_553' title='bbox 876 2855 955 2886; x_wconf 86' lang='lat' dir='ltr'>Solis</span> <span class='ocrx_word' id='word_1_554' title='bbox 970 2853 1065 2885; x_wconf 85' lang='lat' dir='ltr'>filium</span> <span class='ocrx_word' id='word_1_555' title='bbox 1082 2863 1185 2884; x_wconf 87' lang='lat' dir='ltr'>currus</span> <span class='ocrx_word' id='word_1_556' title='bbox 1196 2851 1372 2884; x_wconf 81' lang='lat' dir='ltr'>ascendisse</span> <span class='ocrx_word' id='word_1_557' title='bbox 1387 2855 1541 2892; x_wconf 79' lang='lat' dir='ltr'>paternos,</span> <span class='ocrx_word' id='word_1_558' title='bbox 1555 2859 1611 2878; x_wconf 84' lang='lat' dir='ltr'>nec</span> 
     </span>
     <span class='ocr_line' id='line_1_50' title="bbox 170 2901 1610 2951; baseline -0.006 -11"><span class='ocrx_word' id='word_1_559' title='bbox 170 2910 266 2949; x_wconf 77' lang='lat' dir='ltr'>patris</span> <span class='ocrx_word' id='word_1_560' title='bbox 291 2910 480 2951; x_wconf 86' lang='lat' dir='ltr'>aurigatione</span> <span class='ocrx_word' id='word_1_561' title='bbox 505 2916 625 2942; x_wconf 81' lang='lat' dir='ltr'>servata</span> <span class='ocrx_word' id='word_1_562' title='bbox 650 2909 800 2941; x_wconf 79' lang='lat' dir='ltr'>exussisse</span> <span class='ocrx_word' id='word_1_563' title='bbox 825 2915 955 2944; x_wconf 85' lang='lat' dir='ltr'>terrena,</span> <span class='ocrx_word' id='word_1_564' title='bbox 972 2909 1134 2950; x_wconf 87' lang='lat' dir='ltr'>ipsumque</span> <span class='ocrx_word' id='word_1_565' title='bbox 1161 2906 1291 2938; x_wconf 80' lang='lat' dir='ltr'>flammis</span> <span class='ocrx_word' id='word_1_566' title='bbox 1306 2904 1479 2936; x_wconf 76' lang='lat' dir='ltr'>coelestibus</span> <span class='ocrx_word' id='word_1_567' title='bbox 1495 2901 1610 2932; x_wconf 75' lang='lat' dir='ltr'>confla-</span> 
     </span>
    </p>
   </div>
  </div>
 </body>
</html>
