1840 3225
214 197 311 248 819]
645 196 717 234 DE
748 195 974 234 LEGIBUS
1007 196 1104 236 LIB.
1136 197 1225 235 VII.
1590 198 1665 234 379

212 300 254 332 ad
278 301 398 331 turbam
421 299 503 330 urbis
526 309 661 335 omnem,
677 298 717 330 de
733 297 852 330 eisdem
867 299 956 329 rebus
974 309 1035 329 non
1052 300 1163 331 eadem
1179 311 1247 341 quae
1262 309 1331 335 nos,
1346 298 1401 330 sed
1417 297 1568 330 contraria
1583 309 1668 340 saepe

212 355 452 386 concionemini.
475 354 679 384 insaniremus
708 353 791 383 enim
823 358 855 383 et
883 363 941 383 nos
966 354 1093 385 omnino
1121 363 1153 385 et
1177 355 1287 385 civitas
1312 353 1423 390 omnis,
1445 353 1483 389 si,
1500 358 1666 394 antequam

211 409 409 450 magistratus
431 408 564 438 viderint
579 418 648 448 quae
661 407 890 448 composuistis,
904 413 936 437 et
951 407 1085 438 dicenda
1100 408 1141 438 ad
1156 409 1304 449 populum
1317 407 1540 448 judicaverint,
1556 407 1669 438 admit-

212 463 369 492 terernini.
391 472 474 492 nunc
499 462 603 502 igitur,
631 471 649 491 o
670 461 727 492 viri
753 461 895 491 mollium
922 461 1083 492 Musarum
1109 462 1238 498 alumni,
1251 463 1326 492 istos
1343 467 1453 492 cantus
1469 466 1584 492 vestros
1596 472 1667 492 curn

210 517 323 546 nostris
351 515 434 556 apud
462 514 618 556 principes
645 515 892 556 comparabimus
908 526 914 544 z
940 521 983 551 et,
1011 516 1036 545 si
1065 527 1134 558 quae
1162 517 1318 551 dicuntur,
1345 516 1457 546 eadem
1474 522 1527 545 aut
1541 515 1670 546 meliora

210 571 326 601 nostris
347 580 415 601 esse
438 569 635 604 videbuntur,
659 569 786 599 chorum
814 569 902 599 vobis
917 569 1072 600 dabimus.
1095 570 1141 600 sin
1157 580 1229 600 vero
1242 570 1341 605 aliter,
1358 580 1376 599 o
1393 569 1496 603 amici,
1511 580 1668 610 nunquam

210 625 285 655 dare
301 625 479 666 poterimus.
502 624 570 653 haec
584 623 628 653 ita
640 622 680 653 de
693 623 778 653 0111111
794 624 905 654 chorea
919 624 1046 665 ejusque
1062 623 1204 654 doctrina
1219 623 1338 664 legibus
1354 628 1386 653 et
1400 623 1539 653 moribus
1554 623 1670 653 consti-

208 683 278 708 tuta
305 678 388 708 sint:
412 683 445 708 et
474 687 630 707 servorum
660 677 789 718 quidem
815 687 952 707 seorsum
977 688 995 707 a
1017 678 1212 708 dominorum
1236 677 1354 712 officiis,
1381 677 1405 707 si
1435 676 1523 706 vobis
1538 687 1665 718 quoque

208 731 340 763 videtur.
383 731 459 763 CLr.
483 730 620 762 Videtur
641 736 737 761 certe.
783 730 923 762 Amas,
947 731 1008 761 Sed
1032 732 1136 762 liberis
1160 738 1221 762 tres
1245 732 1344 762 adhuc
1367 735 1488 762 restant
1507 730 1668 762 doctrinan

205 795 270 816 una
291 785 481 826 computatio
503 795 721 815 numerorum:
748 786 845 815 altera
859 785 1075 826 longitudinis,
1093 785 1266 816 latitudinis
1282 785 1563 826 profunditatisque
1578 795 1669 815 men-

205 849 275 869 sura
293 850 300 868 :
332 839 426 869 tertia
455 839 602 870 circuitus
632 844 782 870 astrorum
812 840 935 871 notitia.
973 839 1070 882 [818]
1107 851 1176 881 quae
1206 840 1312 870 omnia
1341 850 1405 870 non
1435 846 1546 870 exacte
1576 840 1671 870 multi

204 892 394 933 perdiscent,
423 893 480 924 sed
502 894 605 934 pauci,
631 904 709 934 quos
737 895 774 923 ad
804 894 895 923 finem
925 895 1080 935 progressi
1111 894 1362 935 significabimus,
1391 894 1434 924 sic
1457 894 1538 924 enim
1564 894 1668 924 decet.

204 946 399 978 multitudini
414 958 486 978 vero
501 958 569 989 quae
584 947 762 978 necessaria
776 953 850 978 sunt
863 948 1098 990 rectissimeque
1115 950 1271 983 dicuntur,
1287 953 1378 989 turpe
1394 953 1441 978 est
1455 947 1588 978 nescire.
1611 947 1667 978 sed

204 1001 356 1042 exquisite
381 1008 493 1033 cuncta
514 1002 704 1043 perquirere,
726 1012 786 1032 nec
809 1002 902 1032 facile
926 1007 975 1032 est
995 1013 1054 1033 nec
1077 1003 1204 1033 omnino
1225 1002 1386 1044 possibile.
1412 1002 1496 1044 quod
1526 1012 1562 1032 ex
1592 1002 1670 1043 ipsis

204 1056 413 1087 necessarium
437 1061 497 1097 est,
523 1056 611 1098 rejici
639 1066 703 1086 non
726 1061 841 1096 potest.
865 1055 959 1086 immo
984 1067 1057 1087 vero
1085 1058 1124 1087 ad
1148 1058 1206 1087 hoc
1221 1057 1325 1098 ipsum
1342 1057 1512 1097 respexisse
1527 1055 1663 1092 videtur,

204 1109 259 1150 qui
275 1110 436 1151 proverbio
450 1111 567 1151 primus
581 1111 623 1140 ita
638 1111 679 1140 de
696 1110 766 1140 Deo
783 1115 832 1141 est
851 1109 984 1146 locutus,
1007 1110 1092 1152 quod
1107 1122 1165 1142 nec
1182 1111 1269 1154 Deus
1286 1121 1420 1151 unquam
1435 1121 1505 1141 curn
1524 1110 1661 1141 necessi-

205 1168 271 1194 tate
295 1164 457 1206 pugnabit.
483 1164 566 1206 quod
582 1165 729 1206 equidem
744 1164 782 1195 de
796 1164 909 1195 divinis
923 1165 1163 1196 necessitatibus
1175 1164 1414 1206 intelligendum
1426 1164 1569 1196 arbitror.
1592 1174 1668 1194 nam

202 1218 228 1248 si
245 1219 303 1249 hoc
319 1219 358 1250 de
370 1220 510 1250 humanis
526 1219 764 1250 necessitatibus
779 1219 910 1254 dicatur,
925 1219 966 1249 ad
981 1228 1058 1259 quas
1073 1220 1162 1250 multi
1177 1220 1381 1261 respicientes
1397 1219 1459 1249 tale
1474 1218 1549 1259 quid
1562 1216 1666 1259 aiunt,

201 1267 295 1314 longe
311 1274 449 1304 omnium
465 1273 646 1304 stultissima
659 1273 719 1304 erit
733 1273 840 1303 oratio.
887 1271 964 1303 Cu.
988 1273 1143 1309 Quaenam
1171 1273 1277 1314 igitur,
1294 1274 1423 1314 hospes,
1439 1282 1502 1303 non
1516 1273 1662 1303 humanae

202 1326 259 1358 sed
285 1327 400 1358 divinae
426 1328 634 1358 doctrinarum
656 1327 861 1357 necessitates
881 1328 974 1357 sunt?
1021 1327 1158 1358 Arum«.
1182 1327 1258 1358 Illas
1286 1327 1425 1362 arbitror,
1440 1336 1516 1368 quas
1531 1327 1665 1368 quinon

202 1381 297 1412 discit
311 1383 375 1413 ullo
391 1382 481 1413 modo
495 1392 555 1413 nec
572 1381 740 1422 experitur,
755 1392 916 1422 nunquam
932 1381 1108 1412 hominibus
1120 1381 1208 1412 Deus
1222 1382 1258 1411 fit
1269 1392 1327 1411 nec
1344 1380 1466 1411 daemon
1482 1391 1541 1411 nec
1557 1381 1659 1417 heros,

202 1440 237 1466 ut
263 1446 369 1467 curam
398 1437 561 1467 hominum
584 1436 725 1466 studiose
749 1436 862 1466 habere
892 1436 1003 1476 possit.
1026 1436 1119 1477 longe
1146 1437 1241 1466 etiam
1258 1435 1366 1471 aberit,
1383 1441 1417 1466 ut
1432 1434 1664 1466 homodivinus

201 1489 268 1526 fiat,
294 1491 321 1521 si
346 1501 405 1522 nec
435 1501 533 1521 unum
562 1501 621 1521 nec
651 1489 714 1520 duo
744 1501 801 1521 nec
831 1490 898 1526 tria,
927 1501 988 1520 nec
1017 1491 1104 1531 paria
1126 1491 1253 1520 omnino
1281 1494 1374 1530 atque
1399 1489 1531 1530 imparia
1558 1493 1668 1530 potest

202 1555 402 1586 cognoscere,
427 1546 452 1576 si
476 1556 534 1576 nec
564 1555 725 1575 numerare
754 1544 853 1580 novit,
880 1555 939 1575 nec
960 1544 1029 1575 dies
1055 1550 1087 1575 et
1111 1549 1220 1575 noctes
1236 1543 1447 1579 dinumerare,
1463 1552 1523 1573 nec
1539 1543 1611 1572 solis
1629 1553 1666 1573 ac

203 1599 285 1631 hmae
301 1605 536 1641 ceterorumque
554 1604 703 1629 astrorum
720 1598 855 1630 lationes
871 1599 1004 1640 accepit.
1026 1609 1096 1640 quae
1110 1599 1135 1629 si
1151 1599 1220 1640 quis
1234 1598 1410 1628 necessaria
1424 1602 1520 1638 neget
1534 1597 1667 1633 homini,

203 1654 479 1694 pulcherrimarum
494 1654 702 1684 doctrinarum
719 1652 890 1693 quamlibet
904 1659 1101 1694 percepturo,
1113 1652 1294 1683 stultissime
1306 1651 1466 1692 cogitabit.
1491 1651 1544 1681 sed
1562 1650 1669 1691 qualia

202 1708 312 1738 horum
332 1709 456 1749 'singula
479 1708 542 1738 sint
567 1713 600 1738 et
615 1712 692 1748 quot
707 1711 739 1737 et
753 1707 879 1748 quando
895 1707 1055 1745 discenda,
1072 1713 1104 1738 et
1119 1707 1192 1749 quid
1210 1717 1282 1737 cum
1298 1706 1358 1736 alio
1374 1710 1407 1736 et
1424 1703 1498 1746 quid
1512 1704 1579 1735 sine
1596 1704 1666 1734 aliis

204 1763 317 1800 solum,
328 1769 360 1794 et
372 1773 442 1805 quae
452 1764 491 1793 sit
504 1763 643 1792 universa
656 1762 784 1792 istorum
793 1761 935 1797 mixtura,
953 1767 1039 1793 recte
1055 1766 1128 1792 ante
1145 1761 1251 1791 omnia
1265 1766 1309 1791 est
1325 1759 1521 1790 discendum.
1550 1758 1667 1788 deinde

202 1818 252 1849 his
265 1819 413 1849 doctrinis
427 1817 560 1848 ducibus
576 1818 615 1847 ad
631 1817 707 1847 alias
721 1816 937 1857 gradiendum.
963 1817 1006 1847 sie
1023 1816 1109 1847 enim
1125 1821 1235 1846 natura
1247 1815 1415 1846 necessitas
1432 1813 1501 1854 ipsa
1516 1813 1665 1847 obtinuit,

202 1883 266 1914 qua
293 1883 363 1903 cum
388 1872 533 1902 Deorum
559 1871 681 1902 nullum
709 1871 841 1902 dicimus
866 1877 921 1901 aut
945 1881 1085 1912 pugnare
1114 1880 1199 1900 nunc
1219 1873 1274 1899 aut
1288 1878 1428 1909 unquam
1444 1871 1666 1908 pugnaturum.

204 1927 283 1958 CLr.
305 1927 419 1962 Recte,
433 1927 561 1967 hospes,
578 1936 614 1956 ac
640 1926 809 1956 secundum
822 1931 976 1961 naturam,
992 1936 1061 1966 quse
1078 1925 1169 1960 dicis,
1186 1924 1230 1954 ita
1246 1923 1309 1954 dici
1324 1922 1479 1952 videntur.
1526 1920 1665 1950 Aruns.

203 1982 256 2013 Sic
285 1993 318 2013 se
345 1992 391 2012 res
416 1982 523 2020 habet,
548 1992 566 2010 0
593 1979 719 2011 Clinia:
747 1981 801 2010 sed
830 1979 956 2010 difficile
978 1985 1036 2015 est,
1061 1979 1100 2010 de
1117 1979 1184 2009 istis
1199 1978 1258 2008 hoc
1275 1976 1384 2007 ordine
1398 1975 1564 2016 propositis
1581 1974 1666 2014 leges

202 2038 291 2069 ferre.
315 2046 410 2077 quare
432 2036 465 2066 in
493 2035 577 2065 aliud
595 2039 731 2074 tempus
747 2034 774 2064 si
792 2034 924 2069 videtur,
950 2034 1047 2064 dilata
1063 2032 1244 2074 diligentius
1259 2032 1326 2061 haec
1341 2029 1463 2071 legibus
1477 2028 1666 2059 sanciemus.

203 2091 280 2122 Cn.
305 2090 441 2125 Videris,
457 2090 582 2130 hospes,
597 2093 733 2118 nostram
748 2089 788 2118 de
805 2088 851 2118 his
867 2089 956 2118 rebus
970 2087 1161 2129 imperitiam
1175 2084 1353 2117 formidare.
1376 2093 1479 2124 neque
1489 2082 1524 2113 id
1536 2082 1663 2123 injur-ia.

201 2149 416 2175 verumtamen
431 2153 584 2184 exponere
600 2143 732 2179 coneris,
744 2142 821 2172 nihil
835 2143 891 2172 hac
906 2141 945 2172 de
963 2152 1056 2173 causa
1069 2141 1196 2172 veritus.
1241 2140 1381 2171 Arm-25.
1405 2136 1549 2168 Formido
1579 2136 1667 2177 equi-

202 2198 285 2235 dem,
315 2199 397 2240 quod
428 2199 522 2229 dicis:
550 2197 647 2239 [819]
673 2197 729 2227 sect
758 2197 857 2227 multo
889 2196 987 2237 magis
1015 2206 1066 2227 eos
1095 2195 1310 2236 perhorresco,
1335 2193 1390 2233 qui
1419 2193 1475 2222 has
1501 2191 1664 2221 doctrinas

201 2258 365 2295 gustarunt
390 2252 528 2294 quidem,
555 2252 610 2282 sed
639 2251 717 2282 male
733 2255 907 2292 gustarunt.
929 2261 992 2281 non
1007 2250 1093 2281 enim
1109 2259 1201 2290 grave
1218 2248 1388 2278 admodum
1400 2245 1554 2286 quiddam
1569 2250 1615 2274 est
1631 2249 1664 2274 et

203 2307 315 2338 durum
335 2317 439 2338 rerum
460 2306 594 2337 omnium
619 2305 785 2347 imperitia,
807 2316 867 2336 nec
889 2315 1044 2335 summum
1057 2304 1186 2339 malum,
1202 2302 1259 2334 sed
1274 2302 1373 2332 multo
1391 2299 1597 2341 perniciosius
1612 2303 1662 2328 est

204 2361 285 2391 male
324 2365 503 2401 comparata
541 2361 709 2390 multarum
746 2370 844 2390 rerum
875 2359 990 2401 peritia
1016 2366 1109 2400 atque
1136 2357 1256 2388 notitia.
1303 2355 1380 2386 CL1.
1405 2354 1489 2385 Vera
1516 2353 1664 2394 loqueris.

202 2414 341 2445 A‘rrrrzs'.
363 2414 497 2455 Oportet
517 2414 611 2454 igitur
634 2414 746 2444 liberos
768 2414 910 2445 homines
925 2425 961 2445 ea
979 2413 1110 2449 discere,
1126 2423 1195 2454 quze
1211 2421 1274 2442 una
1288 2420 1360 2441 cum
1376 2409 1534 2438 literatura
1551 2417 1664 2448 magna

201 2478 367 2510 puerorum
394 2468 483 2498 turba
506 2467 539 2497 in
565 2468 705 2509 AEgypto
734 2467 894 2508 perdiscit.
917 2469 1052 2509 primum
1079 2467 1162 2497 enim
1191 2462 1436 2505 computationis
1463 2461 1605 2492 doctrina
1619 2460 1666 2491 sic

200 2528 329 2565 propter
350 2532 463 2563 pueros
485 2522 668 2562 excogitata,
686 2532 756 2552 cum
772 2522 845 2552 ludo
857 2528 889 2553 et
906 2523 1066 2562 voluptate
1083 2519 1262 2561 percipitur.
1284 2527 1448 2558 pomorum
1465 2525 1663 2546 coronarum-

199 2588 263 2620 que
288 2577 428 2618 pluribus
452 2575 686 2616 paucioribusve
702 2575 877 2607 distributio
891 2577 936 2612 fit,
953 2575 1066 2607 iisdem
1082 2573 1332 2615 competentibus
1348 2570 1495 2601 numeris.
1519 2569 1664 2611 pugilum

199 2640 326 2677 quoque
350 2636 382 2660 et
401 2630 585 2660 luctatorum
609 2639 782 2666 consessus,
809 2635 841 2660 et
867 2630 1013 2660 consortii
1031 2629 1167 2659 alternus
1182 2632 1214 2657 et
1229 2635 1423 2666 consequens
1439 2624 1526 2659 ordo,
1544 2629 1578 2654 ut
1596 2622 1664 2652 fieri

201 2684 293 2721 solet,
310 2684 470 2726 digeritur.
492 2684 613 2725 phialas
625 2684 718 2714 etiam
734 2694 852 2720 aurem,
875 2694 986 2715 aureas
1000 2688 1032 2714 et
1047 2688 1219 2724 argenteas,
1236 2680 1414 2720 similesque
1435 2679 1512 2709 alias
1528 2676 1668 2708 iudendo

202 2738 424 2775 immiscentes,
453 2738 501 2768 vel
530 2743 610 2768 totas
637 2739 716 2768 alter
740 2738 827 2769 alteri
851 2739 1021 2774 tradentes,
1048 2736 1249 2771 necessarios,
1274 2740 1309 2765 ut
1333 2733 1410 2769 dixi,
1425 2732 1509 2763 ludis
1524 2740 1668 2762 numeros

202 2798 311 2833 aptant
329 2804 335 2822 z
361 2798 454 2834 atque
480 2792 525 2823 ita
544 2792 710 2822 utilitatem
726 2791 865 2833 prmbent
880 2791 1074 2823 discentibus
1089 2792 1127 2822 ad
1145 2789 1300 2820 exercitus
1314 2787 1485 2823 duceudos,
1499 2791 1668 2817 castrorum

202 2846 336 2882 ordines,
365 2847 405 2877 ad
423 2857 487 2877 rem
504 2847 662 2888 publicam
677 2847 904 2888 disponendam
922 2852 955 2876 et
969 2845 1009 2876 ad
1024 2845 1145 2886 reliqua
1159 2843 1277 2880 omnia,
1291 2841 1568 2883 vigilantioresque
1585 2838 1671 2878 ipsos

202 2898 345 2931 reddunt.
369 2900 484 2932 deinde
500 2912 570 2932 cum
583 2906 693 2932 natura
710 2901 865 2942 ignoratio
884 2900 983 2943 turpis
998 2906 1091 2943 atque
1103 2899 1233 2931 ridenda
1245 2897 1284 2929 de
1297 2905 1441 2928 mensura
1456 2891 1673 2935 longitudinis,
