1840 3225
234 205 308 242 190
840 202 1103 240 l'LATONIS
1595 206 1693 256 [544

231 307 442 350 philosophi-tu
458 314 489 337 et
505 307 545 337 rei
573 306 710 336 militaris
734 306 838 336 studio
863 305 1142 346 praestantissimoe.
1188 305 1303 337 timu.
1327 304 1477 336 Constitit
1491 306 1597 347 plane.
1640 307 1698 338 So.

234 362 319 399 Quin
337 367 368 392 et
385 362 451 392 haec
466 360 687 396 concessimus,
703 360 787 401 quod
805 360 937 396 scilicet,
953 371 1022 390 cum
1040 360 1116 390 tales
1133 359 1290 400 principes
1313 358 1378 399 jam
1394 359 1508 390 suerint
1522 360 1699 397 constituti,

233 416 266 445 in
290 414 520 456 cffpeditiuncm
547 419 657 445 euntes
683 414 893 445 habitationes
920 414 1080 448 militibus,
1107 412 1214 454 quales
1240 413 1450 453 praediximus,
1471 414 1674 455 assignabunt
1689 426 1696 444 :

238 479 419 500 communes
435 468 553 499 scilicet
568 468 724 507 omnibus,
741 469 770 498 in
787 469 899 509 quibus
915 467 989 497 nihil
1007 467 1190 507 cujusquam
1218 467 1257 496 sit
1272 466 1442 507 proprium.
1465 478 1567 509 neque
1582 468 1623 498 de
1645 469 1700 500 ba-

238 523 389 554 bitatione
405 521 519 564 solum,
536 532 639 553 verum
655 523 747 552 etiam
764 523 803 552 de
828 521 1015 562 supellectili
1039 526 1070 551 et
1086 520 1344 561 possessionibus,
1359 520 1384 551 si
1399 522 1578 558 recordaris,
1593 522 1702 563 quales

238 578 375 608 debeant
390 587 468 612 esse,
485 576 699 607 convenimus.
744 575 856 606 GLAU.
883 575 1015 605 Memini
1041 574 1186 615 equidem
1215 574 1371 605 censuisse
1397 585 1454 605 nos
1478 575 1554 605 nihil
1579 586 1700 616 eorum,

234 641 306 672 quae
322 641 406 661 nunc
422 630 583 672 possident
599 630 661 665 alii,
677 640 745 660 esse
761 630 800 659 ab
828 629 932 669 aliquo
956 628 1191 668 possidendum.
1217 628 1270 658 sed
1297 633 1443 669 tanquam
1469 628 1544 659 belli
1567 628 1700 660 athletas

233 689 328 725 atque
345 685 490 715 custodes
503 684 535 714 in
554 684 727 714 mercedem
744 683 894 713 custodia:
911 692 1014 712 annua
1027 682 1065 712 ab
1078 681 1147 711 aliis
1163 681 1312 712 alimenta
1326 682 1533 723 suscipientes
1542 692 1597 713 eos
1607 692 1702 724 opor-

234 743 299 768 tere
315 748 346 768 se
362 737 444 779 ipsos
460 737 680 777 civitatemque
700 736 789 766 tucri.
834 736 892 766 So.
917 735 1018 765 Probe
1037 735 1182 776 loqueris.
1227 735 1288 765 Sed
1305 741 1470 776 postquam
1487 736 1553 767 haec
1569 736 1702 767 absolvi·

238 803 316 829 muS,
343 790 609 833 repetamusjam,
626 791 710 820 unde
727 791 786 821 huc
803 789 932 830 digressi
956 799 1073 825 sumus,
1101 794 1134 818 ut
1150 799 1205 830 per
1219 789 1328 819 eadem
1344 799 1445 820 rursus
1461 789 1703 831 proficiscamur.

238 846 354 877 GLAu.
378 845 628 886 Haudquaquam
655 844 779 875 difficile
794 843 892 873 istud.
916 843 1010 873 ferme
1034 843 1130 879 enim,
1159 843 1423 883 quemadmodum
1446 853 1542 879 nunc,
1558 844 1648 884 quasi
1663 844 1704 874 de

236 899 364 930 civitate
380 900 452 929 satis
476 899 602 939 egisses,
629 897 786 938 adjecisti,
803 897 886 937 quod
913 896 1004 926 talem
1030 895 1190 926 civitatem
1216 896 1330 926 bonam
1348 906 1483 933 vocareS,
1508 896 1631 938 qualem
1649 898 1708 928 de·

241 954 417 994 scripseraS,
441 952 622 992 bonumque
638 951 748 987 virum,
773 951 953 990 quicunque
975 949 1057 979 illius
1080 949 1160 979 foret
1185 948 1366 990 persimilis:
1388 961 1458 981 cum
1476 955 1579 981 tamen
1597 961 1705 991 posses

238 1008 356 1046 adhuc,
370 1012 403 1036 ut
419 1006 576 1047 apparuit,
593 1004 750 1035 meliorem
767 1003 924 1034 civitatem
940 1003 1100 1043 virumque
1116 1003 1238 1035 referre.
1286 1003 1401 1034 Dixisti
1421 1003 1518 1046 [544]
1543 1010 1704 1046 praeterea,

235 1063 263 1092 si
281 1063 346 1092 lraec
363 1065 445 1091 recta
461 1060 500 1090 sit
515 1071 562 1090 res
579 1059 715 1099 publica,
730 1063 847 1088 ceteras
862 1058 1012 1088 aberrare.
1056 1056 1286 1098 Relinquarum
1299 1068 1370 1088 vero
1381 1068 1480 1088 rerum
1497 1058 1703 1099 publicarum,

237 1119 274 1145 ut
289 1114 428 1151 memini,
443 1113 562 1155 species
577 1123 643 1143 esse
660 1117 805 1154 quatuor,
821 1112 860 1142 de
874 1111 986 1152 quibus
1002 1111 1093 1141 verba
1110 1111 1210 1142 facere
1220 1116 1375 1152 oportere,
1386 1122 1554 1153 earumque
1562 1112 1705 1142 defectus

235 1169 404 1210 inspicere,
420 1173 452 1199 ct
467 1167 610 1198 homines
626 1167 761 1207 ipsarum
779 1166 895 1196 similes
912 1165 1068 1196 declarare
1083 1177 1092 1204 ;
1116 1170 1150 1195 ut
1167 1176 1219 1196 eos
1236 1176 1342 1196 omnes
1357 1165 1476 1202 intuiti,
1492 1170 1524 1196 et
1538 1165 1608 1206 quis
1619 1165 1703 1205 opti·

238 1233 307 1253 mus
323 1223 362 1253 sit
374 1222 430 1257 vir,
447 1221 516 1263 quis
528 1221 693 1262 pessimus,
709 1220 904 1251 declarantes
921 1219 1199 1255 consideraremus,
1217 1220 1360 1260 nunquid
1376 1219 1422 1249 vir
1436 1221 1575 1260 optimus
1589 1219 1706 1250 felicis-

235 1277 344 1318 simus,
361 1275 510 1316 pessimus
526 1280 628 1305 autem
654 1275 693 1305 sit
719 1273 915 1309 miserrimus,
939 1283 979 1303 an
1004 1284 1036 1304 se
1064 1285 1110 1304 res
1128 1274 1214 1304 aliter
1229 1275 1353 1305 habeat.
1401 1273 1482 1305 Cum
1498 1284 1571 1305 vero
1587 1273 1642 1304 abs
1668 1278 1700 1304 te

235 1330 305 1370 ipse
320 1339 499 1371 quaererem,
515 1339 592 1370 quas
618 1328 814 1369 potissimum
831 1332 964 1369 quatuor
987 1338 1034 1357 res
1051 1327 1192 1368 publicas
1217 1328 1347 1364 diceres,
1364 1333 1437 1358 tunc
1453 1327 1703 1358 sane-Poterant-

237 1383 313 1414 chus
328 1388 359 1413 et
375 1382 563 1413 Adimantus
587 1382 663 1412 mibi
687 1392 859 1412 sermonem
886 1381 1108 1412 intercedunt:
1134 1382 1218 1412 unde
1243 1387 1276 1412 tu
1299 1382 1470 1412 orationem
1495 1391 1619 1412 sumens
1642 1381 1704 1412 huc

236 1436 375 1477 denique
391 1436 570 1477 pervenisti.
603 1436 658 1467 So.
684 1435 785 1466 Recte
801 1436 968 1466 admodum
986 1436 1163 1466 meministi«
1201 1435 1316 1466 Gau.
1339 1435 1420 1476 Ergo
1436 1446 1538 1466 rursus
1554 1440 1702 1476 tanquam

237 1489 373 1521 luctator
395 1491 527 1520 eandem
553 1501 676 1520 causam
704 1490 819 1530 praebc‚
846 1495 877 1520 ct
906 1501 952 1520 me
979 1490 1061 1520 idem
1087 1490 1295 1529 interrogante
1310 1500 1422 1520 conare
1438 1499 1522 1520 nunc
1536 1499 1574 1519 ea
1587 1489 1704 1529 dicere,

237 1555 309 1586 quae
325 1550 400 1575 tunc
416 1555 482 1574 eras
497 1544 718 1575 declaraturus.
763 1544 818 1574 So.
841 1544 873 1574 Si
890 1544 1015 1585 quidem
1034 1550 1152 1584 potere.
1199 1544 1313 1576 Grau.
1340 1544 1494 1585 Equidem
1511 1542 1619 1574 audire
1635 1553 1706 1584 per-

236 1597 345 1639 cupio,
363 1607 512 1638 quasnam
530 1597 718 1637 respublicas
734 1603 867 1637 quatuor
882 1607 973 1637 supra
989 1597 1129 1628 dicebas.
1152 1598 1207 1628 So.
1225 1597 1318 1627 Haud
1343 1597 1469 1628 difficile
1485 1596 1568 1627 istud
1584 1596 1704 1627 audies.

236 1652 318 1682 Sunt
332 1651 427 1690 enim,
443 1661 519 1692 quas
543 1651 628 1688 dico,
654 1650 727 1687 illae,
751 1660 821 1690 quae
845 1657 876 1680 et
901 1650 1027 1680 nomina
1050 1651 1187 1681 liabent:
1215 1651 1283 1692 ipsa
1305 1651 1463 1687 videlicet,
1479 1661 1549 1693 quae
1565 1650 1704 1681 amultis

234 1705 391 1740 laudatur,
408 1704 565 1736 Cretensis
582 1710 615 1741 ct
632 1704 801 1735 Laconica.
847 1705 993 1735 Secunda
1019 1715 1101 1742 vcro,
1117 1711 1149 1735 et
1176 1706 1314 1736 secundo
1332 1705 1401 1736 loco
1418 1705 1556 1741 laudata,
1571 1715 1608 1735 ea
1631 1698 1704 1745 quae

236 1769 407 1799 paucorum
433 1759 572 1798 potentia
589 1759 776 1794 nominatur,
803 1758 941 1799 plurimis
966 1758 1057 1799 plena
1083 1759 1169 1788 malis
1187 1769 1233 1788 res
1249 1758 1386 1799 publica.
1410 1758 1485 1789 item
1501 1768 1572 1799 quae
1588 1758 1628 1788 ab
1643 1758 1702 1788 hac

237 1812 343 1843 differt
359 1812 535 1853 plurimum,
551 1822 680 1852 eamque
696 1813 846 1852 sequitur,
871 1812 1054 1853 gubernatio
1072 1812 1243 1853 popularis.
1268 1817 1417 1853 praeterea
1431 1822 1580 1852 generosa
1595 1818 1703 1854 tyran·

237 1866 299 1906 nis,
325 1867 364 1896 ab
390 1865 438 1896 his
462 1867 605 1896 omnibus
631 1866 789 1902 differens,
814 1872 940 1908 quartus
963 1866 1098 1897 civitatis
1113 1873 1328 1908 extremusque
1354 1866 1489 1896 morbus.
1534 1866 1586 1896 An
1611 1865 1704 1896 aliam

235 1920 332 1950 habes
348 1920 390 1951 rei
406 1920 539 1961 publicae
563 1920 704 1955 formam,
730 1931 800 1962 quae
828 1921 861 1951 in
886 1921 1051 1962 perspicua
1077 1925 1110 1951 et
1132 1921 1282 1951 distincta
1305 1920 1440 1961 quadam
1457 1919 1563 1961 specie
1573 1919 1704 1961 jaceat?

235 1972 319 2004 Nam
335 1978 367 2004 et
381 1974 513 2004 minores
528 1974 654 2014 quidam
679 1975 882 2014 principatus,
898 1980 930 2005 et
955 1985 1050 2016 regna
1066 1975 1200 2011 venalia,
1225 1980 1256 2005 et
1272 1974 1348 2004 tales
1363 1974 1506 2016 quaedam
1521 1973 1631 2005 civiles
1646 1983 1704 2014 po-

240 2028 360 2064 tentiae,
377 2027 459 2057 inter
474 2027 531 2057 ista
555 2028 787 2068 quodammodo
805 2029 942 2058 medium
960 2029 1116 2063 obtinent,
1142 2038 1270 2069 quarum
1288 2038 1350 2058 non
1359 2027 1529 2068 ‘pauciores
1542 2027 1623 2058 inter
1638 2027 1706 2057 bar-

238 2081 329 2111 baros
344 2091 435 2121 quam
453 2081 533 2111 inter
549 2081 677 2112 Gra—cos
700 2082 906 2121 reperiuntur.
953 2082 1069 2112 Grac.
1094 2082 1208 2112 Multae
1231 2086 1314 2111 certe
1330 2086 1361 2111 et
1376 2081 1516 2111 absurdae
1534 2090 1707 2112 memoran-

241 2140 301 2167 tur,
348 2135 405 2166 So.
427 2134 572 2165 Totidem
589 2145 714 2175 quoque
731 2141 803 2164 sunt
819 2135 978 2164 homiuum
1002 2136 1235 2175 quodammodo
1249 2135 1370 2175 species
1385 2140 1478 2175 atque
1494 2144 1604 2166 mores,
1649 2134 1703 2164 An

239 2200 276 2220 ex
296 2198 412 2229 quercu
429 2188 506 2219 forte
523 2189 679 2218 existimas
692 2195 743 2217 aut
760 2189 845 2219 silice
859 2199 904 2218 rcs
920 2189 1060 2227 publicas
1077 2189 1141 2218 ticri
1159 2188 1262 2228 potius
1273 2198 1366 2228 quam
1380 2198 1416 2218 ex
1429 2187 1544 2218 civium
1557 2187 1704 2224 moribus,

236 2243 290 2283 qui
305 2253 493 2283 quocunque
508 2242 665 2280 fluxerint,
680 2247 781 2272 cetera
796 2252 899 2272 secum
919 2242 1066 2282 rapiunt?
1114 2242 1227 2272 GLAu.
1253 2241 1299 2270 Ex
1317 2241 1450 2271 moribus
1466 2241 1573 2282 procul
1590 2242 1701 2272 dubio.

237 2296 293 2326 So.
317 2295 422 2332 Quare
438 2296 464 2326 si
481 2296 738 2336 gubernationum
764 2297 883 2337 species
907 2295 1045 2336 quinque
1069 2301 1152 2330 sunt,
1177 2295 1364 2336 privatorum
1388 2305 1514 2336 quoque
1530 2295 1701 2326 animorum

236 2350 367 2381 affectus
383 2350 520 2391 quinque
538 2355 636 2379 eruut.
683 2349 800 2381 GLAu.
825 2348 878 2378 Nil
897 2349 1009 2379 obstat.
1055 2350 1110 2379 So.
1136 2348 1245 2378 Virum
1269 2355 1351 2379 certe
1367 2349 1498 2379 similem
1514 2349 1701 2390 optimatum

237 2403 455 2443 gubernationi
471 2404 672 2444 exposuimus
688 2415 694 2432 ι
721 2413 812 2443 quem
830 2403 943 2432 bonum
961 2408 990 2432 et
1003 2402 1122 2443 justum
1140 2408 1222 2432 recte
1244 2402 1438 2432 asseruimus.
1465 2401 1562 2444 [545]
1587 2402 1703 2434 Graiu.

237 2457 458 2498 Exposuimus.
503 2456 558 2494 So.
583 2456 760 2486 Deteriores
777 2456 925 2497 deinceps
943 2467 1060 2486 narrare
1077 2456 1180 2492 dccet,
1196 2456 1425 2486 contentiosum
1441 2456 1702 2497 ambitiosumque

233 2511 401 2547 hominem,
413 2511 582 2542 secundum
595 2510 901 2541 Laccdaemoniorum
917 2520 976 2540 rem
991 2510 1146 2550 publicam
1160 2510 1333 2540 institutum
1350 2521 1357 2539 :
1375 2516 1522 2550 praeterea
1534 2519 1700 2549 paucorum

235 2563 355 2604 imperii
380 2565 540 2604 cupidum,
568 2571 599 2594 ct
628 2564 806 2604 popularem
832 2564 1001 2601 homiuem,
1026 2570 1058 2594 ct
1075 2564 1293 2605 tyrannicum:
1321 2569 1355 2593 ut
1379 2563 1613 2604 injustissimum
1637 2564 1702 2594 dis-

235 2623 397 2648 cernentes
419 2628 488 2648 cu.u
502 2617 675 2658 justissimo
693 2628 917 2658 comparemus,
944 2617 1141 2657 perfecteque
1157 2618 1388 2658 dignoscamus,
1403 2617 1561 2657 quomodo
1584 2627 1703 2648 summa

236 2669 511 2710 metaque-justitia
526 2672 563 2700 ad
579 2682 726 2700 summam
741 2682 772 2701 se
783 2681 817 2700 ac
831 2681 941 2700 rueram
956 2670 1138 2710 injustitiam
1153 2672 1274 2705 lrabeat.
1288 2681 1350 2711 quo
1363 2670 1402 2700 ad
1420 2670 1638 2711 liominisjusti
1651 2671 1701 2702 vel

236 2722 344 2763 injusti
363 2723 586 2753 beatitudiuem
605 2724 651 2753 vel
665 2724 815 2754 miseriam
830 2724 1005 2764 pertiuent3
1031 2732 1064 2754 ut
1081 2725 1127 2754 vet
1145 2724 1376 2766 Thrasymacho
1388 2725 1639 2765 obtemperantes
1653 2724 1700 2754 in-

230 2774 384 2816 justitiam
403 2786 634 2817 prosequannu,
651 2777 697 2807 vel
724 2777 924 2817 prresentibus
950 2778 1119 2808 rationibus
1144 2777 1279 2819 persuasi
1298 2777 1465 2818 justitiam.
1510 2777 1625 2809 Gtau.
1647 2777 1699 2809 Ita

234 2839 355 2868 prorsus
377 2830 543 2870 agendum.
588 2830 642 2860 So.
668 2831 751 2861 Num
768 2832 859 2862 ¹sicuti
873 2831 1028 2873 coepimus
1043 2838 1114 2863 ante
1131 2833 1163 2862 in
1180 2833 1270 2862 rebus
1292 2830 1426 2873 publicis
1443 2841 1541 2862 utores
1556 2831 1697 2863 animad-

243 2890 357 2914 vertere
375 2894 467 2925 quam
494 2884 525 2914 iu
550 2884 676 2925 prixatis
701 2886 852 2926 personis,
876 2886 948 2927 quia
964 2886 1027 2917 illic
1054 2887 1149 2928 magis
1166 2891 1313 2927 pateant:
1339 2885 1383 2916 ita
1405 2892 1436 2916 ct
1451 2895 1534 2917 nunc
1549 2886 1582 2917 in
1597 2885 1703 2927 primis
