1840 3225
174 240 273 290 333]
727 235 990 275 EPISTOLA
1021 234 1113 273 vll.
1569 230 1646 267 483

163 352 268 384 neque
283 342 343 380 his,
360 342 415 384 qui
428 343 486 374 sub
503 352 541 373 eo
556 341 684 372 educati
699 339 834 376 fuerant,
847 340 904 370 sed
921 339 1015 370 sociis
1030 339 1193 369 dumtaxat
1206 335 1306 367 Midae
1320 333 1532 375 eunuchique,
1545 334 1649 374 capti-

163 397 270 428 vitatis
284 403 388 438 partes
402 396 511 428 divisit
530 401 665 438 septem,
682 394 819 435 singulas
846 393 984 434 majores
1010 398 1078 423 tota
1093 392 1212 428 Sicilia,
1230 390 1466 431 assignavitque
1490 388 1625 429 singulis
1641 398 1648 416 :

163 456 260 492 atque
275 462 332 483 eos
345 452 423 482 fidos
437 456 550 482 nactus
577 455 626 480 est
639 448 729 490 regni
753 447 866 483 socios,
891 457 995 488 neque
1029 447 1079 476 vel
1107 445 1169 476 sibi
1195 445 1243 475 vel
1274 445 1413 474 invicem
1442 441 1645 473 insidiantes.

163 511 316 547 praeterea
342 505 524 546 exemplum
554 504 654 539 dedit,
687 503 813 544 qualem
843 507 968 542 oportet
1001 511 1034 531 se
1065 500 1172 541 ipsum
1201 498 1441 539 legumlatorem
1471 506 1646 537 regemque

164 559 282 590 bonum
307 566 466 601 praestare,
480 558 597 600 quippe
619 568 693 588 cum
716 558 804 598 leges
828 555 948 591 tulerit,
965 555 1078 596 quibus
1100 553 1204 584 adhuc
1226 553 1393 584 Persarum
1422 555 1562 581 servatur
1586 550 1647 580 im·

164 615 298 655 perium.
321 614 446 645 accedit
462 613 502 643 ad
525 614 602 648 haec,
621 611 705 652 quod
721 610 948 644 Athenienses,
965 619 1038 639 cum
1059 609 1176 638 multas
1208 607 1393 638 Graecorum
1413 605 1520 640 urbes,
1542 613 1607 633 non
1629 614 1648 634 a

164 678 197 699 se
223 668 353 710 quidem
377 668 416 699 ab
437 667 508 697 aliis
533 666 731 701 constitutas,
758 663 873 695 deinde
890 669 1060 704 occupatas
1075 673 1093 693 a
1112 661 1263 701 barbaris,
1284 661 1316 691 in
1345 664 1536 701 potestatem
1559 668 1647 688 suam

163 724 371 764 recepissent,
395 732 494 752 annos
509 720 712 762 septuaginta
729 720 760 749 in
780 719 826 749 eis
842 723 1013 748 tenuerunt
1032 716 1212 759 imperium,
1232 721 1343 756 utpote
1364 714 1418 756 qui
1443 713 1562 744 amicos
1587 712 1649 742 sibi

165 776 199 807 in
223 776 356 817 singulis
379 776 561 806 civitatibus
587 777 856 815 comparaverant.
904 771 1080 814 Dionysius
1109 777 1225 807 autem,
1249 779 1321 801 cum
1349 769 1383 799 in
1413 769 1524 798 urbem
1551 776 1648 796 unam

164 829 344 860 universam
367 829 508 860 Siciliam
531 834 757 870 congregasset
783 827 823 857 ob
849 826 1050 867 sapientiam,
1079 825 1160 856 nulli
1191 824 1368 859 confidens,
1397 831 1478 863 aegre
1506 824 1648 851 servatus

163 891 223 915 est.
262 884 388 915 carebat
417 884 504 914 enirn
533 882 644 914 amicis
683 882 819 923 fidisque
859 881 1062 911 hominibus:
1094 890 1157 921 quo
1186 879 1312 910 nullum
1339 875 1445 918 majus
1477 880 1525 905 est
1555 884 1647 915 argu-

164 943 305 969 mentum
331 939 381 969 vel
406 937 628 980 improbitatis,
656 937 682 967 si
707 936 822 972 desint,
853 936 905 965 vel
932 935 1109 976 probitatis,
1137 935 1161 964 si
1197 933 1313 963 adsint.
1342 933 1410 962 haec
1439 930 1536 971 igitur
1566 928 1646 959 Dio-

163 993 259 1035 nysio
274 1003 334 1034 ego
357 1003 394 1023 ac
418 992 505 1023 Dion
531 992 784 1026 consulebamus,
811 996 978 1030 postquam
1002 994 1144 1030 paternae
1175 998 1223 1018 res
1246 987 1291 1018 sic
1322 996 1355 1016 se
1385 984 1586 1022 habuissent,
1613 986 1648 1012 ut

163 1057 270 1088 neque
309 1047 505 1077 eruditorum
537 1046 678 1076 virorum
713 1044 955 1080 familiaritates,
989 1053 1093 1084 neque
1131 1042 1280 1072 decentes
1313 1039 1445 1070 haberet
1476 1042 1646 1068 consuetu—

164 1100 280 1132 dines:
317 1101 641 1141 admonebamusque,
670 1104 704 1129 ut
733 1099 870 1129 animum
900 1098 939 1128 ad
968 1099 1035 1128 liaec
1063 1097 1234 1127 intendens
1263 1094 1419 1135 imprimis
1442 1092 1561 1122 amicos
1585 1090 1649 1121 sibi

165 1155 244 1186 alios
259 1165 299 1198 ex
315 1155 499 1186 domesticis
514 1161 547 1185 et
563 1154 736 1195 aequalibus
758 1157 966 1194 compararet,
983 1152 1023 1182 ad
1039 1151 1255 1192 virtutemque
1281 1147 1456 1179 concordes
1473 1158 1480 1177 ι
1507 1145 1646 1176 maxime

164 1220 250 1247 vero,
274 1214 310 1240 ut
332 1220 366 1240 se
392 1209 498 1251 ipsum
525 1209 585 1240 sibi
608 1208 862 1239 consentientem
888 1212 1151 1247 constantemque
1175 1208 1351 1247 praestaret.
1372 1201 1468 1243 hujus
1492 1200 1577 1231 enim
1602 1198 1649 1229 rei

164 1263 328 1295 defectum
344 1265 428 1305 apud
445 1275 517 1295 eum
532 1273 602 1294 esse
620 1273 716 1303 quam
731 1262 915 1297 maximum,
928 1260 1182 1296 ostendebamus,
1198 1269 1263 1289 non
1279 1257 1398 1299 apertis
1413 1256 1540 1297 quidem
1560 1263 1649 1284 nune

166 1318 292 1357 verbis3
314 1329 420 1359 neque
450 1319 536 1349 enim
560 1322 666 1348 tutum
692 1317 814 1353 fuisset,
837 1317 891 1346 sed
914 1316 1035 1346 ratione
1061 1316 1200 1357 quadam
1223 1313 1402 1344 latentiore.
1425 1310 1511 1341 idem
1536 1314 1647 1339 tamen

165 1372 377 1413 significante,
402 1372 568 1408 docentes,
583 1371 629 1402 ita
658 1372 787 1401 demum
811 1380 1065 1411 unumquemque
1092 1369 1253 1400 hominurn
1282 1372 1349 1398 tam
1375 1377 1408 1397 se
1435 1375 1531 1406 quam
1559 1363 1646 1398 illos,

169 1426 283 1466 quibus
301 1425 447 1466 imperat,
465 1435 558 1466 posse
574 1435 709 1461 servare,
726 1425 752 1455 si
768 1425 835 1455 haec
849 1424 1063 1455 observaverit
1078 1436 1085 1454 ι
1110 1424 1160 1454 sin
1182 1429 1289 1454 autem
1306 1426 1416 1452 contra
1441 1430 1474 1450 se
1501 1416 1647 1460 gesserit,

167 1485 278 1510 contra
292 1489 419 1520 prorsus
434 1479 589 1511 accidere.
612 1480 696 1520 quod
711 1479 768 1516 ita,
794 1485 828 1509 ut
849 1479 1044 1515 dicebamus,
1061 1478 1234 1513 incederet,
1261 1487 1360 1517 seque
1383 1476 1490 1516 ipsum
1505 1471 1646 1514 pruden-

165 1539 233 1564 tem
248 1539 521 1575 temperatumque
531 1540 716 1576 praestaret:
741 1533 767 1564 si
793 1544 895 1564 rursus
923 1533 1105 1564 devastatas
1131 1532 1223 1564 urbes
1248 1531 1366 1563 Siciliae
1392 1529 1581 1562 restitueret,
1611 1535 1649 1556 ac

164 1588 289 1629 legibus
304 1588 523 1630 institutisque
540 1588 582 1619 ad
595 1589 828 1630 rempublicam
840 1588 1072 1630 pertinentibus
1088 1598 1142 1619 eas
1157 1586 1303 1623 muniret,
1317 1591 1352 1616 ut
1368 1590 1400 1616 et
1414 1583 1473 1615 sibi
1483 1579 1648 1613 benevolae

166 1647 200 1672 et
212 1641 298 1673 inter
309 1653 346 1673 se
362 1643 500 1674 invicem
522 1649 632 1674 contra
659 1644 724 1674 vim
748 1643 948 1674 barbarorum
970 1643 1087 1673 auxilio
1111 1642 1234 1672 forent:
1263 1641 1360 1682 [333]
1385 1649 1450 1669 non
1474 1636 1653 1678 duplicaret

167 1696 263 1728 modo
278 1708 408 1738 regnum
423 1704 602 1739 paternum,
618 1709 725 1728 verum
743 1698 836 1728 etiam
848 1698 1088 1738 multiplicaret.
1110 1697 1176 1727 fore
1193 1695 1324 1737 quidem
1348 1694 1375 1724 si
1388 1694 1434 1724 ita
1455 1702 1489 1722 se
1515 1693 1651 1732 gereret,

166 1756 203 1782 ut
233 1751 502 1793 Carthaginenses
526 1753 626 1783 multo
654 1753 758 1793 magis
788 1753 976 1794 faciliusque
1006 1763 1068 1783 suae
1101 1751 1253 1793 potestati
1282 1749 1522 1790 subjicerentur,
1554 1752 1650 1786 quam

168 1804 290 1836 Geloni
305 1806 422 1836 subditi
437 1806 588 1837 fuissent:
605 1812 714 1837 contra
728 1817 822 1848 quam
838 1807 918 1848 patri
934 1807 1049 1838 accidit
1066 1817 1125 1838 suo
1144 1817 1152 1843 3
1175 1806 1230 1836 ille
1246 1805 1333 1836 enim
1346 1802 1486 1845 pendere
1497 1800 1651 1831 tributum

166 1860 309 1891 barbaris
325 1865 454 1891 coactus
468 1861 584 1892 fuerat.
606 1862 673 1892 haec
699 1868 800 1898 erant,
827 1873 897 1903 quae
923 1862 1105 1893 dicebamus
1128 1860 1452 1902 praecipiebamusque
1480 1852 1650 1895 Dionysio,

167 1923 226 1944 nos
240 1913 394 1945 videlicet
405 1915 594 1946 insidiantes
610 1915 680 1952 sibi,
699 1921 732 1946 ut
743 1917 836 1947 multi
852 1916 1105 1958 divulgaverant.
1115 1916 1170 1957 qui
1186 1921 1230 1951 et,
1247 1925 1316 1945 cum
1329 1923 1386 1943 nos
1401 1910 1487 1953 apud
1498 1907 1650 1949 Dionysi-

168 1978 224 1998 um
239 1969 483 2010 superavissent,
497 1970 641 2001 Dionem
657 1971 786 2012 quidem
802 1972 998 2012 expulerunt,
1024 1981 1081 2001 nos
1104 1975 1210 2000 autem
1228 1970 1260 1999 in
1283 1966 1482 1999 formidinem
1503 1962 1650 2004 conjece-

168 2027 256 2053 runt.
271 2033 382 2054 verum
397 2028 433 2054 ut
448 2035 512 2055 non
527 2035 629 2065 pauca
645 2025 754 2066 paucis
779 2026 1095 2066 comprehendamus,
1119 2024 1208 2055 Dion
1237 2023 1397 2064 profectus
1419 2031 1456 2051 ex
1485 2018 1648 2058 Pelopon—

169 2086 249 2107 neso
266 2082 361 2118 atque
379 2076 529 2115 Athenis,
542 2079 638 2110 rebus
649 2079 718 2120 jam
729 2080 810 2120 ipsis
823 2080 1015 2122 Dionysium
1031 2078 1282 2110 commonefecit.
1306 2087 1378 2107 cum
1391 2085 1465 2116 ergo
1487 2073 1653 2105 liberasset

171 2130 331 2162 civitatem
345 2131 445 2168 Dion,
463 2142 597 2174 eamque
606 2134 671 2175 jam
688 2134 736 2165 bis
761 2135 883 2166 civibus
902 2134 1109 2175 reddidisset,
1134 2134 1245 2164 eodem
1273 2141 1368 2172 pacto
1390 2129 1498 2160 affecti
1523 2127 1653 2158 fuermt

171 2183 322 2216 adversus
333 2185 473 2217 Dionem
483 2187 682 2229 Syracusani,
698 2199 762 2229 quo
779 2194 811 2220 et
827 2194 921 2219 antea
933 2188 1124 2231 Dionysius.
1147 2197 1220 2218 nam
1246 2186 1323 2217 olim
1350 2183 1537 2226 Dionysium
1563 2181 1652 2212 Dion

173 2238 309 2270 educare
320 2245 416 2280 atque
432 2241 555 2272 erudire
571 2243 792 2279 contenderat,
809 2253 870 2284 quo
887 2254 958 2274 eum
970 2254 1077 2284 regem
1093 2252 1189 2283 regno
1203 2240 1353 2272 redderet
1369 2239 1496 2280 dignum
1512 2249 1518 2267 :
1540 2236 1654 2267 talem-

172 2302 236 2334 que
253 2303 287 2324 se
302 2293 352 2324 illi
367 2304 423 2334 per
439 2305 566 2326 omnem
583 2296 677 2327 vitam
704 2303 852 2339 praestare
879 2302 1041 2328 statuerat.
1066 2297 1289 2327 obtrectatores
1316 2300 1424 2325 autem
1447 2290 1652 2323 calumniato-

175 2357 290 2387 resque
304 2347 462 2390 Dionysio
477 2357 712 2390 persuaserunt,
730 2351 884 2388 Dionem,
906 2351 996 2392 quasi
1021 2350 1178 2393 tyrannidi
1203 2349 1409 2380 insidiantem
1439 2357 1477 2378 eo
1499 2352 1657 2386 tempore,

174 2401 243 2432 haec
259 2402 364 2432 omnia
378 2401 564 2438 machinari,
581 2409 617 2434 ut
630 2415 721 2435 mens
736 2406 898 2447 Dionysii,
917 2405 1097 2446 disciplinae
1115 2404 1229 2434 studiis
1243 2404 1376 2438 irretita,
1401 2401 1655 2432 dominationem

176 2455 357 2497 negligeret
386 2465 520 2497 eamque
553 2457 653 2488 Dioni
684 2464 782 2489 totam
814 2460 1020 2500 relinqueret,
1052 2458 1138 2489 Dion
1165 2468 1255 2493 vero,
1286 2456 1547 2498 gubernationem
1581 2453 1656 2484 dolo

177 2519 344 2550 usurpanS,
360 2510 453 2540 illum
469 2511 656 2552 expelleret.
680 2512 951 2554 quemadmodum
966 2523 1040 2543 vero
1055 2519 1130 2544 tunc
1146 2511 1231 2553 apud
1248 2512 1455 2552 Dionysium,
1474 2510 1518 2540 ita
1542 2513 1656 2550 postea

177 2563 262 2594 inter
274 2564 488 2606 Syracusanos
504 2565 570 2596 haec
587 2566 699 2597 eadem
716 2567 800 2598 dicta
812 2567 996 2608 jactataque
1023 2568 1237 2609 pervicerunt,
1265 2566 1375 2596 infami
1406 2574 1534 2606 prorsus
1558 2562 1656 2603 turpi-

177 2627 240 2659 que
257 2618 389 2649 victoria
404 2618 454 2648 his
476 2619 565 2660 ipsis,
581 2620 636 2661 qui
663 2627 904 2662 superaverunt.
927 2621 984 2652 sed
1007 2623 1101 2663 quale
1127 2622 1159 2652 id
1181 2621 1286 2657 fucrit,
1308 2620 1415 2651 audire
1439 2629 1496 2649 vos
1519 2623 1658 2659 oportet.

179 2673 236 2713 qui
250 2682 302 2702 me
318 2673 358 2702 ad
374 2682 425 2703 res
437 2683 523 2704 nunc
542 2680 662 2705 vestras
674 2677 912 2717 componendas
922 2676 1054 2707 vocatis.
1078 2677 1149 2707 veni
1163 2686 1238 2717 crgo
1252 2675 1459 2706 Atheniensis
1475 2675 1578 2708 homo,
1596 2673 1655 2702 Di-

181 2726 253 2757 onis
267 2726 388 2758 amicus
403 2732 499 2768 atque
512 2727 638 2768 adjutor
648 2729 720 2770 ejus
735 2729 885 2761 adversus
901 2736 1084 2772 tyrannum,
1098 2737 1132 2761 ut
1143 2741 1198 2772 pro
1213 2730 1296 2761 bello
1312 2730 1483 2761 amicitiam
1498 2728 1634 2758 facerem
1649 2737 1655 2754 :

182 2784 217 2810 at
246 2789 393 2821 pugnans
415 2785 524 2811 contra
546 2783 790 2815 calumniatores
820 2790 985 2825 superatus
1006 2796 1087 2816 sum.
1110 2795 1180 2815 cum
1196 2794 1270 2815 vero
1293 2784 1470 2826 Dionysius
1493 2787 1660 2813 conaretur

183 2842 251 2863 non
265 2834 372 2864 verbis
388 2834 489 2865 solum
505 2837 562 2867 sed
580 2838 725 2878 pecuniis
739 2839 836 2869 etiam
852 2844 884 2870 et
899 2840 1070 2870 honoribus
1094 2850 1143 2870 me
1169 2839 1231 2869 sibi
1255 2839 1424 2870 conciliare
1453 2843 1547 2877 atque
1578 2834 1659 2864 deti—

185 2897 276 2923 ΠΘΥΘ»
289 2892 324 2918 ut
339 2897 407 2919 mea
426 2900 494 2919 curn
512 2891 582 2932 ipso
598 2892 795 2924 familiaritas
819 2893 1005 2925 testimonio
1021 2894 1101 2925 foret
1115 2893 1253 2924 Dionem
1273 2904 1338 2924 non
1365 2892 1474 2934 injuria
1498 2889 1662 2930 expulsum

183 2941 283 2975 fuisse
297 2953 304 2974 ε
324 2942 405 2975 nihil
415 2943 501 2986 apud
516 2955 566 2978 me
579 2946 638 2979 hac
654 2947 686 2979 in
697 2958 729 2981 re
743 2954 830 2980 tanto
842 2959 900 2980 suo
917 2954 1033 2981 conatu
1045 2949 1196 2990 consequi
1213 2947 1329 2990 potuit.
1346 2945 1480 2989 posteris
1494 2955 1569 2975 vero
1583 2950 1660 2975 tern-
