1840 3225
154 217 222 267 51]
761 213 992 255 T1MAEUS.
1534 217 1611 258 253

153 321 284 354 efficitur
298 334 304 352 :
329 321 410 363 ignis
441 319 610 352 exstinctus
626 322 657 350 et
672 316 881 359 corpulentior
893 317 994 348 factus
1009 316 1112 348 aerem
1126 323 1220 351 creat.
1253 329 1356 350 rursus
1371 319 1498 352 crassior
1510 320 1612 352 factus

153 375 207 408 aer
221 376 253 406 in
270 375 398 406 nebulas
409 374 569 415 nubesque
585 371 765 404 concrescit.
788 371 837 401 his
848 371 943 401 etiam
959 372 1058 412 magis
1074 372 1257 413 compressis
1270 374 1385 415 pluviae
1397 374 1548 406 defluunt.
1572 385 1610 406 ex

157 440 238 472 aqua
271 439 374 460 rursus
398 433 477 459 terra
500 427 683 469 lapidesque
710 426 891 466 gignuntur.
913 430 1006 466 atque
1031 425 1073 456 ita
1102 427 1241 458 videmus
1264 429 1330 458 haec
1352 429 1456 459 omnia
1479 429 1611 460 circuitu

156 484 292 524 quodam
317 484 373 514 sibi
397 482 533 513 invicem
556 481 640 512 vices
662 481 862 520 fomentaque
890 480 1096 530 generationis
1122 481 1255 511 vicissim
1280 482 1423 513 tribuere.
1446 494 1516 525 quae
1540 493 1612 514 cum

156 548 317 578 nunquam
343 537 452 567 eadem
484 540 655 576 appareant
685 544 877 575 permanere,
908 535 1050 575 quisnam
1080 535 1146 565 sine
1176 535 1286 565 rubore
1323 535 1611 578 redargutionisque

152 592 331 633 suspicione
352 590 467 632 poterit
501 590 632 620 istorum
664 588 785 630 aliquid
807 599 905 619 unum
941 589 1047 629 potius
1083 599 1178 629 quam
1198 588 1285 619 aliud
1319 595 1403 620 certe
1431 596 1464 620 et
1485 591 1614 621 firmiter

155 646 315 687 appellare
329 645 340 674 ?
364 655 457 674 nemo
481 648 582 674 certe.
619 653 714 684 quare
734 643 909 673 tutissimus
932 643 965 673 in
990 643 1038 672 his
1065 643 1115 673 hic
1138 643 1198 673 erit
1212 643 1362 684 loquendi
1385 643 1497 674 modus
1512 656 1517 673 :
1544 645 1613 680 hoc,

153 699 238 741 quod
265 708 389 740 semper
415 698 493 728 alias
521 697 612 727 aliter
644 697 820 732 somatum,
834 696 968 733 videtur,
985 702 1018 727 et
1044 697 1228 738 plerumque
1248 697 1339 739 juxta
1363 698 1446 738 ignis
1467 699 1613 739 effigiem,

155 764 218 785 non
234 758 283 784 est
296 752 404 793 utique
426 752 509 793 ignis
529 753 587 782 hoc
604 750 734 792 aliquid,
748 751 805 781 sed
826 752 900 787 tale,
915 751 949 781 id
969 757 1028 787 est,
1042 751 1170 792 igneum
1191 751 1362 792 quiddam3
1377 762 1436 782 nec
1460 762 1542 793 aqua
1554 753 1614 783 hoc

151 806 284 848 aliquid,
300 806 357 837 sed
369 807 432 836 tale
445 805 532 847 quid,
548 805 582 836 id
596 810 655 841 est,
669 815 822 846 aqueum;
837 815 896 836 nec
917 805 1005 836 aliud
1017 806 1196 847 quicquam,
1209 806 1297 836 velut
1311 806 1409 836 ullam
1422 806 1539 837 habens
1550 812 1613 837 sta-

151 861 317 892 bilitatem.
341 860 477 901 denique
490 870 548 890 nec
561 859 796 901 pronominibus
808 859 937 901 quidem
950 860 1024 890 ullis
1045 860 1112 890 haec
1126 859 1280 900 signanda
1302 866 1385 895 sunt,
1399 860 1512 900 quibus
1522 861 1556 890 in
1567 861 1614 891 rei

152 915 320 957 cujuslibet
343 914 621 949 demonstratione,
643 924 715 944 cum
727 914 786 944 hoc
798 915 849 944 vel
862 913 948 944 istud
970 913 1114 950 dicimus,
1136 914 1183 945 uti
1195 915 1351 945 solemus:
1367 914 1494 955 fugiunt
1516 915 1613 951 euim,

150 979 211 1000 nec
234 974 421 1011 exspectant
438 969 490 998 vel
502 978 573 998 eam
589 967 899 1004 demonstrationem,
913 978 983 1009 quae
1001 968 1060 999 hoc
1083 973 1116 999 et
1130 968 1221 1010 hujus
1235 973 1268 999 et
1292 969 1364 999 huic
1387 968 1542 1009 designat,
1564 970 1615 999 vel

153 1023 413 1064 appellationem,
435 1033 504 1063 quae
526 1021 566 1052 de
581 1022 630 1052 his
646 1027 798 1062 tanquam
811 1022 850 1052 de
863 1023 1086 1053 exsistentibus
1098 1028 1132 1053 et
1145 1023 1309 1053 stabilibus
1324 1023 1486 1053 habeatur.
1520 1024 1616 1064 igitur

152 1077 330 1119 hujusmodi
354 1077 460 1107 omnia
475 1086 578 1117 neque
591 1076 650 1106 hoc
664 1086 768 1116 neque
792 1076 888 1113 istud,
903 1076 960 1107 sed
975 1077 1039 1107 tale
1055 1077 1160 1117 potius
1175 1082 1229 1107 aut
1242 1078 1306 1107 tale
1322 1082 1450 1118 propter
1466 1078 1612 1108 similitu-

151 1130 260 1161 dinem
283 1131 421 1172 aliquam
436 1130 598 1171 appellare
617 1129 777 1161 debemus.
823 1136 855 1161 et
869 1131 976 1172 ignem
992 1130 1121 1172 quidem
1142 1131 1258 1172 ubique
1280 1132 1354 1167 tale,
1380 1141 1417 1162 ac
1440 1131 1479 1162 de
1491 1133 1615 1168 ceteris,

150 1194 220 1225 quae
247 1185 426 1226 gignuntur,
453 1183 565 1214 eodem
590 1189 693 1225 pacto.
716 1189 749 1214 at
764 1195 838 1215 vero
862 1185 952 1221 illud,
969 1185 1002 1215 in
1018 1195 1080 1226 quo
1105 1185 1172 1215 fien'
1187 1186 1312 1226 singula
1327 1186 1393 1216 haec
1413 1185 1564 1217 videntur
1579 1197 1616 1217 ac

151 1238 268 1270 deinde
293 1238 434 1274 dissolvi,
451 1238 527 1280 [50]
544 1239 646 1269 solum
667 1238 708 1268 iis
728 1238 974 1279 pronominibus,
999 1238 1112 1280 quibus
1127 1240 1185 1270 hoc
1200 1240 1252 1269 vel
1262 1239 1349 1270 istud
1374 1240 1544 1280 signamus,
1559 1250 1615 1282 ap-

153 1292 338 1334 pellandum
347 1299 436 1334 puto.
448 1293 541 1333 quale
554 1303 628 1323 vero
639 1292 882 1333 quodammodo,
893 1293 1030 1324 calidum
1041 1293 1163 1323 scilicet
1176 1294 1225 1324 vel
1237 1294 1343 1324 album
1356 1294 1405 1324 vel
1416 1294 1537 1335 aliquid
1549 1295 1614 1325 tale

150 1346 372 1377 contrariorum
383 1347 434 1376 vel
445 1356 484 1376 ex
493 1346 666 1381 contrariis,
678 1346 758 1376 illud
770 1347 900 1376 minime
916 1346 1152 1387 appellandum.
1175 1347 1232 1378 sed
1243 1348 1392 1388 apertius,
1426 1348 1512 1389 quod
1524 1349 1614 1380 volu-

150 1410 232 1436 mus,
244 1410 447 1441 exponamus.
469 1400 496 1430 si
511 1400 581 1441 quis
592 1400 677 1429 enim
692 1407 822 1430 cunctas
835 1400 960 1441 figuras,
970 1411 1010 1431 ex
1023 1412 1087 1431 una
1102 1401 1277 1442 eademque
1290 1403 1357 1432 auri
1371 1402 1505 1432 materia
1517 1402 1616 1439 fictas,

150 1455 298 1486 continue
311 1455 346 1485 in
362 1455 440 1485 alias
457 1461 490 1485 et
504 1454 582 1484 alias
596 1454 754 1491 reformet,
770 1454 873 1495 deque
889 1465 953 1485 una
962 1455 1099 1497 quadam
1110 1455 1236 1486 illarum
1250 1466 1388 1497 praesens
1403 1457 1528 1497 aliquis,
1539 1456 1617 1498 quid

150 1508 202 1545 sit,
219 1513 348 1550 quaerat,
363 1519 435 1539 vere
448 1507 618 1539 admodum
634 1515 667 1539 et
679 1509 835 1539 tutissime
855 1509 1048 1551 respondere
1062 1520 1227 1550 possumus
1241 1520 1351 1540 aurum
1362 1510 1443 1540 illud
1458 1521 1526 1541 esse
1542 1523 1548 1541 :
1563 1511 1618 1542 tri-

151 1563 301 1604 angulum
323 1573 396 1593 vero
412 1573 480 1593 esse
501 1567 556 1593 aut
569 1563 664 1593 aliam
681 1563 813 1604 figuram
827 1574 946 1599 earum,
963 1574 1032 1604 quae
1048 1564 1208 1604 impressae
1230 1564 1264 1594 in
1278 1574 1316 1595 eo
1330 1571 1403 1595 sunt
1422 1570 1455 1595 et
1469 1565 1618 1597 continuo

151 1621 378 1658 permutantur,
394 1616 484 1658 quasi
504 1627 616 1647 revera
627 1617 700 1653 sint,
716 1627 779 1647 non
794 1617 872 1647 licet
887 1617 1002 1648 dicere.
1025 1618 1092 1648 sola
1112 1618 1230 1659 quippe
1246 1617 1302 1648 illa
1315 1619 1529 1660 responsione,
1545 1624 1616 1650 tan-

152 1680 248 1711 quam
267 1671 433 1706 tutissima,
458 1671 598 1701 contenti
613 1681 682 1700 esse
707 1670 868 1701 debemus·
891 1671 1004 1701 eadem
1017 1671 1057 1701 de
1078 1671 1135 1701 illa
1153 1676 1275 1708 natura,
1289 1683 1358 1713 quae
1372 1679 1487 1704 cuncta
1503 1674 1618 1715 recipit

152 1734 291 1766 corpora,
307 1725 387 1755 ratio
409 1730 457 1755 est
471 1736 476 1753 :
504 1724 590 1755 idem
604 1735 727 1766 semper
739 1734 807 1755 esse
821 1724 956 1755 dicenda
968 1730 1026 1760 est,
1048 1725 1205 1766 siquidem
1219 1736 1258 1756 ex
1274 1727 1400 1767 propria
1411 1728 1554 1768 potentia
1567 1738 1616 1758 re—

151 1778 238 1810 cedit
251 1789 421 1820 nunquam.
465 1779 597 1819 suscipit
618 1779 704 1809 enim
718 1789 842 1820 semper
857 1778 962 1809 omnia
976 1789 984 1816 ;
998 1789 1058 1809 nec
1074 1780 1172 1810 ullam
1192 1790 1332 1821 unquam
1345 1780 1385 1811 iis
1399 1781 1535 1811 similem
1550 1782 1617 1812 ullo

150 1838 244 1874 pacto
258 1833 318 1864 sibi
333 1833 463 1864 formam
485 1833 652 1863 contrahit.
674 1833 776 1864 onmis
790 1843 866 1863 sane
880 1837 1000 1863 naturae
1016 1833 1134 1863 fictioni
1151 1834 1291 1876 subjecta
1306 1839 1364 1870 est,
1380 1835 1561 1876 agitataque
1577 1835 1617 1866 ab

150 1886 400 1928 ingredientibus
415 1892 448 1917 et
467 1886 599 1928 figurata
614 1887 855 1928 quodammodo,
878 1887 957 1917 alias
977 1887 1070 1917 aliter
1096 1898 1130 1918 se
1156 1888 1271 1918 habere
1293 1888 1439 1920 videtur:
1458 1900 1527 1930 quae
1541 1900 1617 1921 vero

150 1941 368 1982 ingrediuntur
391 1946 424 1971 et
438 1946 565 1976 exeunt,
578 1951 651 1971 vere
667 1951 703 1972 ac
713 1951 837 1982 semper
853 1941 1073 1972 exsistentium
1089 1952 1193 1972 remm
1208 1942 1375 1973 simulacra
1390 1949 1473 1980 sunt,
1489 1945 1568 1975 miro
1584 1949 1616 1974 et

148 1995 202 2025 vix
214 1994 396 2036 explicabili
405 1994 499 2025 modo
507 1994 545 2025 ab
558 1995 635 2035 ipsis
643 1994 747 2030 rebus,
760 2005 830 2036 quae
842 2005 915 2025 vere
930 2001 1014 2031 sunt,
1028 1995 1169 2036 figurata,
1184 1997 1450 2038 quemadmodum
1465 1997 1618 2039 deinceps

151 2048 353 2079 narrabimus.
375 2049 434 2079 tria
447 2049 480 2080 in
497 2050 645 2090 praesenti
659 2060 775 2090 genera
792 2049 946 2080 sumenda
959 2055 1049 2080 sunt:
1067 2061 1175 2087 unum,
1193 2051 1277 2092 quod
1293 2052 1450 2093 gignitur:
1469 2052 1567 2089 aliud,
1582 2053 1617 2083 in

150 2113 213 2144 quo
229 2103 386 2144 gignitur:
404 2102 502 2138 aliud,
515 2113 534 2133 a
546 2113 608 2144 quo
623 2103 863 2134 similitudinem
877 2104 982 2139 trahit,
1000 2103 1085 2144 quod
1104 2105 1254 2136 nascitur.
1298 2105 1414 2136 iccirco
1435 2116 1614 2148 comparare

150 2158 217 2188 haec
237 2158 282 2188 ita
302 2157 395 2188 decet
409 2169 414 2187 :
432 2157 517 2199 quod
535 2157 658 2199 recipit,
672 2158 763 2188 matri
778 2169 784 2187 :
800 2157 886 2188 unde
908 2159 1031 2200 recipit,
1047 2159 1128 2199 patri
1142 2171 1148 2188 :
1165 2165 1310 2190 naturam
1322 2160 1453 2190 istorum
1476 2159 1616 2191 mediam

148 2211 240 2252 proli.
255 2211 311 2242 sed
323 2211 368 2242 ita
381 2212 624 2253 intelligendum
640 2218 697 2248 est,
711 2211 795 2253 quod
808 2223 880 2243 cum
893 2222 961 2243 esse
973 2212 1089 2243 debeat
1099 2213 1219 2254 effigies
1231 2224 1334 2244 rerum
1348 2214 1434 2245 omni
1447 2214 1615 2245 formarum

150 2265 298 2296 varietate
316 2265 475 2301 distincta,
494 2277 656 2308 nunquam
677 2266 758 2297 illud
772 2267 876 2308 ipsum
888 2267 1082 2297 formationis
1094 2267 1186 2310 hujus
1198 2268 1351 2309 gremium
1369 2268 1449 2298 bene
1464 2269 1523 2299 erit
1535 2279 1615 2310 prae-

151 2325 304 2360 paratum,
322 2320 384 2350 nisi
397 2320 528 2352 informe
541 2321 583 2351 sit
594 2326 627 2351 et
641 2326 752 2362 suapte
767 2328 879 2352 natura
891 2321 1036 2352 omnibus
1052 2321 1169 2358 formis,
1186 2332 1265 2363 quas
1278 2327 1478 2363 recepturum
1491 2327 1549 2358 est,
1563 2332 1614 2353 ca-

150 2378 228 2403 reat.
260 2383 335 2403 nam
348 2374 375 2404 si
388 2374 448 2404 erit
459 2375 591 2417 alicujus
603 2385 721 2412 eorum,
734 2386 804 2417 quae
817 2376 851 2406 in
864 2385 898 2406 se
912 2376 1037 2417 recipit,
1050 2376 1164 2412 simile,
1180 2387 1252 2407 cum
1267 2376 1452 2407 contrariam
1464 2376 1543 2418 ejus,
1560 2387 1614 2406 cu-

148 2426 202 2468 jus
215 2427 316 2457 simile
328 2432 387 2463 est,
400 2433 543 2458 naturam
555 2434 610 2460 aut
621 2429 715 2460 aliam
729 2440 854 2471 prorsus
865 2430 1027 2472 suscipiet,
1041 2440 1241 2471 nequaquam
1255 2430 1322 2472 ejus
1334 2429 1575 2460 similitudinem
1581 2435 1614 2460 et

153 2480 290 2522 effigiem
316 2481 479 2522 exprimet,
497 2492 568 2512 cum
581 2493 644 2524 prae
660 2493 694 2514 se
710 2484 818 2514 tulerit
829 2494 928 2515 suam.
973 2495 1036 2525 quo
1052 2484 1096 2519 fit,
1111 2489 1147 2514 ut
1170 2484 1290 2514 nullam
1304 2483 1363 2514 sibi
1385 2483 1543 2524 propriam
1557 2484 1612 2514 ha-

151 2534 205 2564 bat
218 2534 367 2576 speciem,
390 2534 474 2575 quod
490 2541 539 2566 est
557 2536 663 2566 omnia
677 2546 793 2577 genera
804 2543 1033 2579 suscepturum.
1076 2543 1112 2567 ut
1126 2537 1181 2578 qui
1195 2543 1357 2578 unguenta
1371 2537 1507 2567 suaviter
1522 2537 1613 2568 redo-

149 2588 247 2619 lentia
268 2589 440 2619 confecturi
465 2593 548 2624 sunt,
565 2589 726 2620 humidam
750 2591 924 2627 materiam,
947 2601 1042 2632 quam
1063 2597 1148 2622 certo
1169 2590 1296 2622 condire
1319 2590 1416 2621 odore
1437 2592 1556 2627 volunt,
1570 2591 1615 2622 ita

149 2648 336 2684 praeparant,
351 2648 386 2673 ut
401 2642 529 2674 odorem
542 2643 665 2674 nullum
677 2645 837 2686 proprium
850 2646 965 2676 habeat
979 2657 986 2683 ;
1003 2651 1035 2676 et
1048 2645 1101 2687 qui
1113 2645 1252 2676 materiis
1266 2645 1413 2675 mollibus
1433 2645 1614 2686 impressio-

148 2696 245 2737 nique
266 2696 450 2728 cedentibus
465 2697 581 2738 figuras
600 2697 778 2739 imprimere
803 2700 925 2742 aliquas
947 2701 1068 2735 volunt,
1089 2701 1209 2730 nullam
1230 2699 1358 2730 omnino
1371 2700 1506 2742 priorem
1521 2700 1554 2730 in
1567 2699 1614 2730 eis

150 2749 280 2791 figuram
302 2761 453 2792 apparere
467 2751 638 2793 patiuntur,
655 2751 711 2782 sed
726 2754 926 2785 exactissima
939 2754 1075 2796 quadam
1092 2754 1289 2795 laevigatione
1304 2763 1358 2784 eas
1372 2754 1514 2795 poliunt:
1534 2754 1609 2795 [51]

151 2802 196 2834 ita
209 2804 301 2840 illud,
312 2805 396 2846 quod
411 2805 445 2836 in
459 2806 602 2837 omnibus
617 2807 735 2847 passim
750 2813 935 2840 aeternorum
951 2809 1089 2839 omnium
1107 2807 1281 2840 simulacris
1303 2814 1388 2839 recte
1414 2807 1609 2849 figurandum

154 2862 212 2891 est,
228 2858 277 2888 his
291 2859 435 2889 onmibus
449 2859 556 2891 formis
571 2866 683 2892 natura
693 2871 750 2892 sua
764 2872 868 2893 carere
881 2873 1011 2894 necesse
1025 2867 1084 2892 est.
1099 2863 1302 2903 quamobrem
1317 2861 1465 2896 universi,
1479 2861 1563 2902 quod
1579 2868 1612 2891 et

154 2909 293 2950 genitum
318 2918 365 2944 est
383 2919 414 2945 et
427 2914 570 2947 sensibus
583 2915 726 2948 omnibus
746 2916 956 2953 manifestum,
972 2922 1103 2948 matrem
1119 2917 1219 2959 ipsam
1234 2917 1540 2958 receptaculumqm‘,
1556 2925 1611 2945 nc-
