1840 3225
226 214 325 264 413]
746 211 1145 250 DEFINITIONES.
1610 210 1686 245 529

220 325 261 346 ea
275 325 343 357 quae
360 316 512 356 horrenda
527 321 560 347 et
575 315 721 346 audenda
736 316 910 346 secundum
924 321 1040 346 rectam
1055 315 1206 346 rationem
1224 314 1368 346 videntur
1381 327 1387 344 :
1413 314 1498 345 salus
1511 313 1682 344 sentcntia-

224 379 292 400 rum
318 370 518 401 obscurarum
542 371 626 401 circa
650 369 818 400 horrenda:
844 370 1040 411 experientia
1069 369 1142 399 belli
1158 381 1164 397 z
1197 369 1322 400 habitus
1339 378 1543 410 perseverans
1558 367 1590 397 in
1606 367 1690 406 lege.

227 422 436 454 Continentia
463 429 512 455 est
543 423 677 454 facultas
699 434 769 464 quae
795 423 906 453 suffert
933 423 1090 453 dolorem:
1129 424 1257 463 sequela
1294 430 1389 453 rectae
1416 420 1666 453 ratiocinationis
1681 432 1687 449 :

226 477 360 508 facultas
382 488 446 508 non
463 478 621 508 excedens
636 477 669 507 id
685 476 769 518 quod
787 482 873 507 recta
889 476 1127 507 ratiocinatione
1144 477 1375 517 deprehensum
1391 482 1450 507 est.
1496 475 1689 506 Contentum

227 540 312 566 esse,
338 537 387 561 est
411 531 565 572 perfectio
589 530 768 571 adeptionis
791 530 966 560 bonorum:
993 529 1116 559 habitus
1139 531 1312 560 secundum
1336 540 1428 569 quem
1451 529 1484 559 hi
1505 529 1559 569 qui
1573 528 1692 558 habent

227 584 290 625 ipsi
315 584 454 625 sibiipsis
471 585 639 625 imperant.
683 584 843 624 AEquitas,
864 590 913 614 est
927 584 1082 625 justorum
1097 589 1130 613 et
1154 584 1277 613 utilium
1294 582 1487 613 imminutio:
1517 582 1694 612 moderatio

227 637 260 667 in
273 638 477 674 commerciis,
494 638 576 669 bona
592 638 779 679 compositio
795 638 908 668 animm
925 637 1086 667 rationalis
1103 637 1141 667 ad
1159 638 1290 667 honesta
1304 642 1335 667 et
1352 636 1469 677 turpia.
1512 635 1695 666 Tolerantia

223 697 272 721 est
299 692 455 732 patientia
482 692 612 728 doloris,
642 692 768 722 honesti
802 692 913 733 gratia,
944 690 1098 732 patientia
1124 691 1275 727 laborum,
1306 690 1480 721 honestatis
1507 699 1600 719 causa
1632 694 1692 718 est.

228 744 432 776 Confidentia
453 750 501 776 est
528 745 761 786 expectationis
784 746 859 776 mali
885 745 1028 781 remotio,
1058 745 1302 785 perturbationis
1329 744 1368 774 ob
1391 743 1466 774 mali
1492 742 1691 784 praesentiam

226 799 371 831 remotio.
418 799 598 830 Indolentia
619 805 668 830 est
689 799 816 830 habitus
830 799 1003 831 secundum
1019 809 1115 840 quem
1131 799 1199 829 sine
1216 798 1324 829 dolore
1341 808 1463 838 sumus,
1475 802 1508 827 et
1522 796 1555 826 in
1571 796 1694 826 dolores

227 862 290 883 non
302 852 480 886 incidimus.
504 853 663 884 Industria
679 859 725 883 est
742 854 866 884 habitus
882 853 936 894 qui
951 853 1075 894 perficit
1095 852 1130 883 id
1142 853 1226 894 quod
1240 853 1312 893 quis
1330 850 1508 893 proposuit,
1524 849 1694 880 tolerantia

228 907 415 943 voluntaria,
437 908 562 938 habitus
578 907 758 948 inculpatus
771 907 812 937 ad
827 908 978 938 laborem.
1025 906 1131 938 Pudor
1147 912 1196 937 est
1211 905 1351 937 audaciae
1368 904 1502 936 secessio
1517 903 1695 934 voluntaria

225 961 325 1000 juste,
351 966 384 991 et
404 961 444 991 ad
460 960 494 991 id
508 961 591 1002 quod
609 960 764 1002 optimum
779 961 882 992 visum
895 969 942 992 est
957 973 963 989 :
990 961 1200 1002 deprehensio
1215 960 1328 1001 optimi
1344 958 1537 989 voluntaria:
1564 956 1692 987 evitatio

201 1048 209 1055 ι
226 1019 320 1045 rectae
332 1015 596 1056 reprehensionis.
643 1014 785 1046 Libertas
801 1020 849 1046 est
863 1015 1060 1056 principatus
1074 1014 1147 1044 vitae
1163 1025 1169 1043 :
1194 1015 1290 1055 plena
1311 1013 1345 1043 in
1366 1012 1510 1044 omnibus
1531 1015 1669 1052 potestas
1684 1022 1689 1039 :

226 1067 356 1098 licentia
371 1069 508 1099 faciendi
523 1070 607 1109 quod
623 1069 694 1110 quis
709 1079 765 1110 per
778 1079 812 1100 se
826 1069 903 1099 velit
918 1069 950 1099 in
963 1069 1029 1099 vita
1043 1080 1049 1097 ι
1074 1068 1108 1098 in
1119 1078 1178 1098 usu
1189 1073 1222 1099 et
1236 1066 1435 1108 possessione
1450 1075 1558 1096 rerum
1569 1064 1692 1094 sublata

230 1122 431 1162 parsimonia.
477 1122 665 1153 Liberalitas
694 1129 743 1153 est
763 1123 888 1154 habitus
915 1122 955 1153 ad
977 1123 1164 1153 lucrandum
1187 1122 1275 1152 velut
1304 1125 1429 1162 oportet
1443 1131 1450 1148 :
1484 1117 1605 1149 addit-„io
1629 1118 1695 1148 sive

230 1175 359 1216 adeptio
370 1186 476 1207 rerum
492 1182 585 1218 prout
610 1176 770 1207 convenit.
793 1177 924 1207 Lenitas
940 1182 987 1207 est
1005 1176 1128 1207 sedatio
1141 1181 1243 1207 motus
1257 1176 1296 1206 ab
1312 1174 1358 1205 ira
1373 1172 1521 1205 concitati
1542 1184 1548 1201 ι
1574 1177 1694 1212 tempe·

229 1236 405 1260 ramentum
433 1230 546 1261 auimae
576 1240 760 1271 congruum.
804 1231 979 1267 Modestia,
1006 1230 1107 1261 cessio
1132 1228 1308 1260 voluntaria
1330 1229 1369 1258 ad
1392 1228 1424 1258 id
1441 1225 1526 1268 quod
1541 1225 1694 1266 optimum

227 1283 328 1314 visum
343 1288 407 1314 est:
432 1284 514 1315 bona
530 1284 718 1325 compositio
733 1284 818 1315 circa
827 1284 963 1326 corporis
973 1289 1105 1315 motum.
1152 1283 1301 1314 Felicitas
1314 1288 1364 1312 est
1372 1282 1491 1312 bonum
1499 1290 1537 1310 ex
1550 1278 1698 1309 omnibus

225 1337 320 1368 bonis
345 1338 553 1379 compositum
570 1349 576 1367 :
602 1337 736 1369 facultas
749 1348 805 1379 per
819 1348 851 1368 se
871 1337 1032 1369 sufficiens
1047 1338 1088 1368 ad
1099 1337 1182 1367 bene
1197 1336 1368 1366 vivendum
1383 1347 1389 1364 :
1414 1333 1568 1376 perfectio
1583 1342 1696 1362 secun·

225 1390 305 1422 dum
315 1391 461 1422 virtutem
476 1403 482 1421 ι
508 1391 629 1423 utilitas
643 1392 718 1422 vitae
728 1401 786 1432 per
801 1401 834 1421 se
845 1391 1014 1423 sufficiens.
1051 1389 1296 1431 Magnificentia
1311 1394 1359 1420 est
1372 1388 1509 1429 dignitas
1523 1385 1696 1417 secundum

227 1445 499 1476 ratiocinationem
513 1450 633 1476 rectam
645 1444 909 1486 augustissimam.
954 1443 1116 1484 Sagacitas
1128 1448 1175 1474 est
1185 1443 1376 1483 generositas
1389 1441 1513 1476 animae,
1523 1439 1696 1470 secundum

230 1508 326 1539 quam
339 1499 368 1529 is
382 1499 437 1539 qui
452 1499 559 1536 habet,
578 1498 780 1539 conjectandi
793 1498 863 1539 ejus
878 1498 964 1539 quod
979 1507 1136 1539 quemque
1152 1497 1246 1528 decet
1258 1497 1292 1527 vi
1306 1496 1458 1538 praeditus
1471 1499 1520 1525 est
1533 1506 1538 1522 :
1564 1502 1698 1524 acumen

230 1552 461 1592 intelligentiae.
504 1552 654 1583 Probitas
669 1556 719 1582 est
732 1561 855 1582 morum
870 1552 1033 1583 sinceritas
1045 1561 1119 1582 cum
1127 1550 1347 1581 benedicendo
1361 1561 1367 1578 :
1395 1559 1516 1579 morum
1525 1546 1700 1588 integritas·

230 1604 414 1636 Dexteritas
428 1611 479 1636 est
493 1606 618 1636 habitus
631 1605 687 1646 qui
709 1605 830 1646 optima
851 1605 942 1645 eligit
968 1610 1001 1635 et
1024 1604 1237 1645 amplectitur.
1283 1601 1532 1643 Magnanimitas
1554 1604 1603 1630 est
1621 1609 1697 1630 usus

232 1659 370 1699 prudens
384 1669 492 1690 eorum
507 1669 578 1700 quae
592 1659 796 1700 contingunt:
813 1658 1050 1698 magnificentia
1061 1658 1174 1688 animae
1185 1667 1255 1688 cum
1269 1657 1403 1687 ratione.
1441 1653 1630 1685 Humanitas
1649 1658 1700 1685 est

229 1712 357 1743 habitus
370 1723 492 1743 morum
504 1713 639 1743 blandus
659 1718 692 1743 et
704 1713 801 1743 ductu
817 1712 918 1743 facilis
935 1712 976 1742 ad
988 1711 1123 1741 hominis
1140 1710 1309 1741 amicitiam
1323 1722 1330 1739 ε
1355 1709 1480 1740 habitus
1494 1707 1698 1738 benefaciens

232 1765 422 1797 homiuibus.
435 1765 544 1796 Pietas
555 1771 605 1796 est
610 1765 733 1807 justitia
743 1767 827 1798 circa
836 1766 930 1797 deos:
945 1766 1082 1796 facultas
1090 1764 1205 1796 cultrix
1214 1764 1346 1794 deorum
1359 1775 1365 1793 ε
1383 1763 1559 1793 voluntaria
1569 1761 1609 1791 de
1621 1761 1695 1791 deo-

230 1829 301 1850 rum
316 1820 413 1862 [413]
428 1820 512 1851 cultu
527 1820 721 1851 existimatio
737 1831 744 1849 :
768 1824 853 1851 recta
863 1820 966 1851 cultus
982 1818 1113 1851 deorum
1128 1818 1272 1850 scientia.
1316 1818 1446 1849 Bonum
1465 1821 1515 1846 est
1532 1815 1617 1856 quod
1635 1814 1695 1845 sui-

232 1873 332 1913 ipsius
342 1874 442 1913 gratia
457 1881 518 1904 est.
547 1873 747 1914 Intrepidum
761 1884 842 1909 esse,
852 1874 1035 1905 esthabitus
1048 1871 1224 1904 secundum
1238 1881 1334 1914 quem
1347 1872 1382 1902 in
1397 1871 1525 1901 timores
1539 1879 1603 1899 non
1615 1868 1695 1898 inci-

232 1926 348 1958 dimus.
362 1927 580 1958 Affectionum
591 1933 730 1959 exortem
745 1937 827 1964 esse,
839 1932 889 1959 est
899 1927 1023 1958 habitus
1038 1927 1214 1958 secundum
1225 1936 1316 1967 quem
1332 1925 1364 1955 in
1375 1924 1559 1955 affectiones
1570 1932 1635 1953 non
1645 1922 1694 1952 in-

233 1980 380 2012 cidimus.
423 1982 495 2013 Pax
510 1987 560 2012 est
574 1981 665 2022 quies
675 1982 717 2012 ad
729 1981 912 2014 inimicitias
926 1981 1059 2012 hostiles
1069 1981 1213 2011 bellicas.
1257 1979 1406 2010 Secordia
1423 1983 1473 2008 est
1485 1976 1612 2017 requies
1627 1974 1696 2006 ani-

233 2043 292 2065 mae
308 2035 486 2066 affectionis
503 2047 510 2065 ε
535 2035 687 2067 concitati
702 2035 800 2067 animi
816 2040 957 2067 exortem
970 2045 1054 2066 esse.
1100 2034 1281 2069 calliditas,
1296 2032 1425 2063 affectio
1447 2036 1497 2061 est
1524 2028 1698 2061 secundum.

234 2098 328 2128 quam
344 2088 370 2118 is
384 2088 441 2129 qui
455 2088 560 2126 habet,
577 2088 778 2130 conjectandi
792 2089 957 2131 proprium
966 2089 1063 2119 finem
1074 2088 1136 2118 vim
1147 2087 1252 2118 habet.
1297 2085 1450 2117 Amicitia
1466 2089 1514 2114 est
1529 2082 1698 2114 concordia

236 2141 276 2171 de
291 2141 432 2173 honestis
447 2147 479 2172 et
490 2141 588 2183 justis
602 2154 609 2171 z
624 2142 818 2183 propositum
832 2142 978 2184 ejusdem
989 2142 1080 2172 vitae:
1098 2140 1266 2172 consensio
1280 2139 1320 2171 de
1331 2139 1492 2182 proposito
1508 2144 1541 2168 et
1551 2136 1676 2168 actione
1692 2148 1697 2166 :

235 2195 401 2226 consensio
415 2195 499 2227 circa
514 2195 585 2226 vitae
601 2195 785 2226 societatem
799 2207 872 2227 cum
898 2195 1139 2227 benevolentia:
1164 2195 1300 2226 societas
1324 2192 1549 2224 beneficiorum
1573 2196 1699 2221 mutuo-

236 2258 317 2280 rum.
361 2248 521 2280 Nobilitas
533 2254 582 2280 est
595 2249 692 2279 virtus
706 2259 930 2291 generosorum
945 2259 1066 2281 morum
1081 2261 1087 2278 :
1111 2248 1215 2279 facilis
1236 2246 1334 2277 animi
1350 2247 1460 2277 ductos
1476 2245 1514 2276 ad
1544 2253 1701 2275 sermones

237 2309 270 2332 et
281 2301 436 2334 actiones.
484 2303 610 2334 Electio
624 2307 672 2334 est
687 2303 830 2344 probatio
845 2310 942 2335 recta.
986 2301 1218 2335 Benevolentia
1232 2306 1281 2331 est
1294 2300 1409 2331 electio
1423 2299 1559 2330 hominis
1575 2311 1580 2328 :
1598 2298 1699 2328 homi--

238 2355 289 2387 nis
316 2356 478 2396 amplexus
499 2361 532 2386 et
546 2355 704 2387 salutatio.
749 2357 971 2393 Familiaritas,
990 2355 1134 2398 ejusdem
1149 2355 1275 2397 generis
1298 2354 1432 2385 societas
1458 2358 1518 2383 est.
1564 2352 1702 2383 Concor-

233 2409 286 2440 dia
301 2409 438 2440 societas
453 2415 488 2440 et
514 2399 694 2440 communio
705 2420 807 2441 rerum
829 2411 989 2443 omnium:
1015 2409 1183 2442 consensio
1204 2408 1431 2439 sententiarum
1448 2412 1482 2438 et
1506 2405 1702 2447 opinionum.

236 2461 378 2494 Dilectio
392 2469 442 2494 est
455 2463 681 2495 demonstratio
693 2463 846 2505 perfecta.
882 2464 944 2496 Ars
958 2464 1062 2495 civilis
1077 2468 1126 2494 est
1140 2463 1276 2494 scientia
1291 2463 1492 2492 honestorum
1505 2468 1538 2490 et
1554 2460 1681 2490 utilium
1694 2470 1699 2487 ι

238 2515 374 2548 scientia
389 2517 530 2548 effectrix
541 2516 677 2558 justitiae
700 2517 732 2550 in
757 2518 896 2550 civitate.
942 2517 1104 2548 Sodalitas
1128 2522 1177 2548 est
1196 2515 1335 2547 amicitia
1358 2525 1417 2556 per
1443 2513 1703 2545 consuetudinem

238 2569 321 2600 inter
335 2577 513 2602 coaetaneos
535 2575 708 2603 contracta.
753 2571 890 2604 Consilii
915 2571 1101 2614 praestantia
1126 2576 1176 2601 est
1192 2570 1291 2601 virtus
1315 2568 1431 2600 rationi
1456 2568 1564 2600 insita.
1611 2566 1707 2597 Fides

241 2628 291 2653 est
311 2629 396 2655 recta
419 2625 527 2665 opinio
555 2630 587 2657 et
614 2625 776 2667 persuasio
804 2636 875 2666 quae
898 2635 950 2657 res
974 2626 1020 2657 ita
1045 2634 1078 2656 se
1092 2624 1197 2661 habet,
1213 2624 1303 2654 velut
1323 2622 1385 2664 ipsi
1406 2621 1551 2653 videtur:
1577 2620 1708 2651 firmitas

243 2686 373 2708 morum.
407 2678 534 2710 Veritas
553 2685 605 2709 est
628 2679 756 2711 habitus
777 2679 811 2711 in
835 2679 1040 2711 affirmatione
1065 2683 1099 2709 et
1122 2677 1314 2720 negatione:
1336 2676 1470 2708 scientia
1493 2685 1597 2706 rerum
1620 2684 1705 2703 vera-

239 2739 321 2763 rum.
353 2731 510 2762 Voluntas
525 2736 576 2762 est
587 2731 781 2764 desiderium
792 2743 865 2765 cum
892 2737 979 2765 recta
991 2732 1130 2764 ratione:
1149 2731 1333 2773 appetentia
1348 2730 1461 2761 rationi
1474 2733 1685 2760 consentanea
1702 2739 1705 2742 >

234 2785 423 2825 appetentia
436 2795 506 2816 cum
525 2786 644 2816 ratione
660 2787 834 2818 secundum
850 2792 1004 2818 naturam.
1049 2785 1227 2817 Consilium
1241 2789 1290 2816 est
1305 2783 1478 2816 admonitio
1493 2781 1620 2813 alterius
1635 2786 1707 2811 ante

235 2836 407 2874 actionem,
436 2839 596 2879 quomodo
627 2850 719 2879 agere
754 2845 887 2882 oportet.
935 2839 1163 2881 Opportunitas
1203 2843 1249 2869 est
1285 2837 1436 2880 temporis
1470 2834 1650 2877 propositio,
1679 2834 1709 2871 in

331 2891 418 2923 Plut.
440 2892 496 2926 Τι’,
998 2893 1043 2928 II.
1556 2892 1573 2919 3
1597 2886 1625 2917 Χ
