1840 3225
672 591 913 643 TIMAEI
971 591 1195 644 LOCRI

550 714 648 757 DE
699 714 965 758 ANIMA
1025 715 1310 767 MUNDI,

742 827 792 858 ID
817 827 896 858 EST
919 827 1122 859 NATURA.

785 935 848 976 [Ex
865 934 925 966 Ed.
941 935 1070 976 steph]

197 1034 273 1077 [93]
296 1034 442 1066 Tmaeus
458 1034 577 1065 Locrus
593 1034 660 1065 baec
677 1034 769 1074 dixit,
785 1034 876 1064 Duas
899 1044 968 1065 esse
992 1044 1098 1064 rerum
1116 1033 1258 1065 omnium
1274 1044 1386 1065 causas
1402 1045 1408 1063 :
1434 1033 1582 1065 Mentem
1596 1032 1667 1075 qui·

195 1088 282 1130 dem,
298 1099 405 1119 earum
419 1098 491 1129 quae
514 1088 638 1119 ratione
654 1087 791 1128 quadam
806 1094 992 1124 nascuntur,
1017 1094 1050 1119 et
1067 1088 1304 1119 Necessitatem
1321 1098 1425 1119 earum
1441 1098 1512 1129 quae
1527 1087 1668 1118 existunt

194 1142 225 1172 vi
251 1143 400 1184 quadam,
423 1143 596 1173 secundum
620 1152 785 1183 corporum
812 1142 972 1184 potentias
996 1148 1029 1173 et
1049 1142 1229 1173 facultates.
1275 1142 1396 1173 Harum
1421 1151 1535 1178 rerum,
1560 1140 1596 1172 id
1619 1146 1668 1172 est

194 1195 323 1227 Naturae
340 1197 503 1232 bonorum,
525 1196 680 1237 optimum
695 1206 764 1227 esse
781 1195 939 1237 quoddam
956 1207 1063 1227 rerum
1080 1197 1274 1237 optimarum
1288 1196 1493 1238 principium,
1508 1201 1541 1226 et
1555 1195 1665 1226 Deum

192 1251 296 1282 vocari
312 1263 318 1280 :
344 1261 384 1282 ea.
395 1261 470 1282 vero
486 1260 556 1291 quae
570 1256 804 1291 consequuntur
819 1255 851 1281 et
866 1255 1016 1291 tanquam
1034 1249 1220 1292 adjuvantes
1236 1260 1340 1281 causae
1353 1250 1523 1286 accedunt,
1539 1249 1579 1280 ad
1594 1248 1664 1280 Ne-

192 1306 374 1336 cessitatem
397 1305 519 1336 reduci.
541 1305 647 1335 omnia
672 1305 756 1335 enim
787 1314 856 1335 esse
888 1304 1009 1341 meam,
1035 1304 1218 1340 Materiam,
1250 1304 1384 1340 Sensile,
1414 1303 1515 1335 veluti
1538 1303 1663 1334 illarum

192 1359 313 1391 foetum,
335 1365 368 1390 et
396 1360 477 1390 hanc
505 1359 633 1399 quidem
660 1369 729 1389 esse
760 1358 937 1400 ingenitam
963 1364 996 1389 et
1024 1359 1231 1390 immobilem.
1275 1358 1357 1390 Esse
1377 1363 1533 1400 praeterea
1545 1357 1579 1387 in
1604 1357 1663 1388 hac

191 1417 310 1443 naturae
322 1413 525 1443 universitate
542 1412 693 1454 quiddam
705 1412 790 1453 quod
800 1418 936 1450 maneat,
955 1418 988 1443 et
1002 1412 1204 1454 intelligibile
1218 1413 1269 1450 sit,
1281 1423 1385 1444 rerum
1396 1412 1583 1453 genitarum,
1591 1420 1662 1452 quae

192 1467 322 1507 quidem
344 1467 375 1497 in
390 1472 545 1508 perpetuo
570 1467 709 1507 quodam
730 1467 942 1497 mutationum
957 1467 1040 1496 fluxu
1059 1473 1234 1503 versantur,
1256 1467 1429 1507 exempla-r.
1454 1465 1529 1507 [94]
1553 1464 1662 1506 hujus-

192 1520 280 1551 modi
295 1520 442 1551 nimirum
468 1520 500 1550 in
525 1521 575 1551 bis
594 1531 697 1551 rerum
724 1520 918 1562 singularum
941 1521 1212 1552 vicissitudinibus
1240 1526 1388 1552 constans
1412 1526 1445 1551 et
1472 1523 1662 1561 perpetuum

191 1575 364 1616 exemplar,
378 1574 483 1605 ideam
499 1574 563 1605 dici
587 1579 619 1605 et
642 1580 747 1605 mente
777 1575 1016 1615 comprehendi.
1061 1575 1232 1606 Materiam
1255 1580 1362 1606 autem
1387 1584 1457 1605 esse
1477 1583 1661 1615 expressum

189 1639 293 1660 rerum
308 1627 518 1665 simulacrum,
534 1634 567 1659 et
580 1634 714 1659 matrem
738 1634 770 1659 et
793 1629 960 1664 nutricem,
988 1634 1020 1660 et
1047 1629 1087 1659 ad
1113 1629 1350 1670 generationem
1372 1628 1489 1659 Tertiae
1514 1627 1660 1658 essentiae

190 1688 308 1725 aptam.
331 1693 430 1723 quum
445 1682 531 1713 enim
545 1682 665 1723 effigies
681 1693 784 1713 rerum
799 1683 830 1713 in
849 1693 916 1713 sese
934 1683 1109 1724 susceperit
1124 1689 1157 1714 et
1173 1683 1274 1714 veluti
1289 1682 1483 1724 inpresserit,
1495 1682 1553 1712 hos
1568 1680 1661 1712 foetus

189 1736 374 1777 producere.
418 1736 511 1768 Hanc
526 1747 601 1767 vero
614 1737 782 1768 Materiam
799 1736 904 1767 aiebat
919 1747 989 1767 esse
1009 1737 1243 1778 sempiternam,
1259 1748 1320 1769 nec
1341 1747 1417 1768 vero
1440 1735 1610 1767 mobilem:
1628 1739 1664 1766 et

189 1791 229 1821 ab
241 1791 325 1821 omni
339 1791 438 1821 forma
451 1795 484 1822 et
499 1791 598 1832 figura
611 1800 668 1832 per
680 1801 711 1821 se
728 1791 902 1821 immunem
914 1796 948 1822 et
959 1791 1100 1826 liberam,
1117 1791 1275 1832 quaslibet
1291 1798 1398 1822 tamen
1412 1791 1528 1822 formas
1544 1789 1661 1831 recipi-

189 1850 305 1875 entem.
328 1845 411 1884 circa
425 1855 500 1875 vero
515 1855 644 1886 corpora
660 1844 819 1875 dividuam
836 1855 920 1881 esse,
935 1850 969 1875 et
983 1845 1113 1876 alterius
1131 1851 1252 1876 naturae
1264 1845 1464 1888 participem.
1483 1843 1662 1886 Appellant

189 1904 293 1929 autem
309 1898 490 1935 Materiam,
513 1898 631 1930 Locum
654 1904 687 1929 et
711 1899 837 1931 Sedem.
885 1899 960 1930 Duo
982 1899 1051 1930 haee
1080 1899 1179 1940 igitur
1205 1905 1280 1930 sunt
1306 1899 1464 1930 contraria
1493 1897 1662 1939 principia.

187 1951 269 1983 Idea
295 1951 425 1993 quidem
448 1952 481 1983 id
507 1958 556 1984 est
580 1952 725 1995 [Forma]
751 1953 906 1983 rationem
930 1953 1026 1983 habet
1050 1954 1148 1984 maris
1170 1959 1203 1984 et
1232 1953 1350 1994 patris:
1375 1952 1516 1984 Materia
1541 1956 1658 1988 autem,

189 2005 324 2036 soeminae
341 2011 373 2037 et
388 2007 498 2038 matris
512 2018 519 2037 ε
542 2007 680 2038 Tertiam
695 2017 769 2037 vero
785 2017 855 2038 esse
872 2008 1053 2043 essentiam,
1069 2017 1108 2038 ea
1123 2018 1192 2049 quae
1208 2018 1249 2039 ex
1265 2008 1325 2043 his,
1339 2011 1374 2038 ut
1396 2007 1500 2043 foetus,
1523 2015 1658 2038 nascun-

187 2065 248 2091 tur.
263 2060 370 2096 Quum
380 2061 446 2091 haec
461 2061 523 2091 tria
537 2061 609 2097 sint,
626 2061 724 2092 tribus
738 2072 861 2103 quoque
873 2062 975 2093 modis
990 2062 1138 2103 cognosci
1152 2074 1159 2091 :
1185 2061 1329 2093 Formam
1345 2060 1485 2102 quidem,
1501 2065 1609 2091 mente
1625 2065 1659 2091 et

188 2113 341 2144 scientia:
367 2115 546 2150 Materiam,
564 2115 740 2146 adulterina
755 2116 891 2157 quadam
904 2116 1148 2147 ratiocinatione
1177 2116 1280 2157 (quod
1306 2114 1457 2146 videlicet
1481 2125 1547 2146 non
1570 2119 1658 2146 recta

188 2167 325 2209 quadarn
353 2172 386 2198 et
415 2178 504 2208 aequa
537 2169 581 2199 rei
595 2169 876 2206 animadversione,
893 2170 948 2201 sed
974 2180 1010 2200 ex
1038 2169 1241 2212 proportione
1264 2169 1400 2211 quadam
1426 2174 1460 2200 et
1487 2168 1656 2200 collatione

188 2221 403 2263 intelligatur)
427 2222 536 2253 Foetus
555 2233 629 2253 vero
654 2223 705 2264 qui
730 2234 767 2254 ex
795 2223 859 2254 illis
882 2228 1064 2259 nascuntur,
1092 2233 1185 2254 sensu
1211 2228 1244 2254 et
1271 2223 1433 2265 opinione.
1475 2222 1655 2263 Antequam

186 2275 282 2317 igitur
297 2275 420 2307 Coelum
436 2282 568 2314 extaret,
585 2277 703 2308 ratione
720 2282 808 2308 erant
824 2277 939 2308 Forma
963 2283 995 2308 et
1020 2277 1169 2313 Materia,
1186 2281 1219 2307 et
1243 2276 1370 2318 quidem
1397 2275 1490 2307 Deus
1511 2276 1564 2307 ille
1590 2282 1658 2308 erat

186 2330 326 2362 melioris
351 2331 469 2373 opifex.
513 2331 781 2373 Quandoquidem
804 2332 901 2373 igitur
923 2332 1086 2373 antiquius
1103 2331 1231 2373 juniore
1262 2331 1464 2372 praestantius
1477 2336 1537 2367 est,
1564 2336 1598 2362 et
1621 2330 1655 2362 id

186 2385 270 2425 quod
287 2385 464 2416 ordinatum
480 2391 528 2416 est
550 2385 738 2423 inordinato,
754 2385 857 2422 Deus,
874 2396 972 2427 quum
988 2386 1133 2417 nimirum
1149 2385 1252 2417 bonus
1268 2385 1320 2421 sit,
1337 2390 1369 2416 et
1382 2385 1509 2417 videret
1519 2384 1655 2416 Materi-

186 2448 238 2469 am
251 2439 388 2481 recipere
404 2440 547 2476 formam,
563 2445 596 2471 et
609 2440 743 2476 alterari,
758 2440 843 2471 varie
853 2440 994 2480 quidem,
1010 2440 1066 2471 sed
1089 2446 1195 2471 tamen
1210 2439 1387 2471 inordinate
1402 2451 1409 2470 :
1427 2439 1509 2471 vidit
1528 2449 1655 2482 quoque

186 2502 266 2533 opus
277 2503 347 2524 esse
363 2498 399 2524 ut
407 2503 478 2524 eam
489 2494 558 2535 ipse
572 2494 605 2525 in
616 2493 760 2525 ordinem
769 2493 946 2530 reduceret,
960 2498 993 2525 et
1007 2504 1043 2525 ex
1060 2494 1234 2525 indefinitis
1243 2493 1474 2526 mutationibus
1483 2494 1523 2525 ad
1535 2499 1654 2525 certam

185 2545 410 2588 definitumque
423 2547 628 2579 constitueret
641 2560 646 2578 :
673 2554 707 2579 ut
721 2558 883 2589 corporum
897 2547 1119 2579 distinctiones
1132 2553 1238 2580 mutua
1250 2548 1369 2580 ratione
1381 2547 1464 2579 inter
1478 2557 1512 2579 se
1522 2557 1653 2590 respou-

186 2599 309 2637 derent,
325 2611 430 2642 neque
444 2606 563 2633 temere
577 2602 810 2634 vicissitudines
824 2602 908 2633 ultro
918 2602 1059 2644 citroque
1074 2603 1265 2644 reciperent.
1287 2602 1382 2634 Hunc
1395 2602 1490 2643 igitur
1505 2601 1654 2633 mundum

184 2662 224 2683 ex
237 2654 322 2684 omni
336 2655 468 2686 materia
481 2657 599 2687 creavit
613 2656 712 2692 Deus
728 2656 926 2697 universique
948 2661 1092 2687 naturam
1108 2656 1277 2687 terminum
1292 2657 1393 2698 ipsum
1409 2655 1656 2697 circumscripsit

185 2712 280 2748 atque
305 2707 448 2739 definiit:
481 2709 567 2752 quod
591 2709 743 2742 videlicet
763 2710 869 2742 omnia
896 2710 959 2741 alia
985 2710 1019 2741 in
1043 2710 1149 2752 seipso
1175 2711 1416 2752 complectatur,
1430 2708 1550 2751 quippe
1565 2708 1653 2750 quod

187 2771 283 2791 unum
300 2761 339 2792 sit
354 2762 562 2803 unigenitum,
579 2765 762 2806 perfectum,
778 2764 883 2796 anima
897 2770 929 2795 et
953 2764 1074 2796 ratione
1089 2764 1256 2807 praeditum
1277 2764 1342 2806 (sic
1357 2763 1440 2795 enim
1455 2761 1571 2794 melius
1585 2767 1654 2794 erat

185 2813 335 2852 futurum,
351 2825 447 2857 quam
469 2816 549 2848 illud
565 2818 652 2858 quod
677 2819 788 2850 animae
804 2824 837 2852 et
865 2819 995 2851 rationis
1021 2825 1070 2849 est
1095 2818 1226 2860 expers)
1251 2817 1379 2861 globoso
1401 2825 1544 2858 corpore.
1566 2816 1654 2858 (haec

185 2869 272 2899 enirn
285 2869 385 2910 figura
399 2870 544 2901 omnibus
556 2872 663 2912 figuris
676 2873 843 2913 perfectior
858 2873 936 2912 est.)
960 2873 1067 2910 Quum
1082 2873 1177 2914 igitur
1193 2872 1285 2903 Deus
1296 2871 1396 2902 vellet
1405 2870 1652 2912 pulcherrimum

184 2922 293 2953 fantum
320 2923 504 2963 producere,
530 2926 612 2957 hunc
634 2927 741 2958 effecit
768 2927 874 2959 Deum
898 2928 1050 2970 genitum,
1069 2936 1231 2969 nunquam
1245 2924 1509 2968 corrumpendum
1527 2925 1567 2956 ab
1590 2924 1652 2956 alia
