1840 3225
136 240 234 290 239]
697 239 1054 278 MENEXENUS.
1551 240 1596 275 ω

134 353 206 385 quae
220 353 239 374 a
253 343 314 375 diis
330 343 457 374 laudata
473 347 530 380 est,
546 351 600 373 cur
614 350 677 371 non
694 351 712 371 a
726 339 848 371 cunctis
864 339 1044 370 hominibus
1058 339 1278 371 collaudetur?
1325 340 1435 371 Altera
1451 340 1519 382 ejus
1532 341 1599 373 laus

134 397 205 435 erit,
219 398 303 439 qnod
322 408 359 428 eo
376 403 528 438 tempore,
544 405 608 436 quo
633 394 724 425 tellus
751 394 856 424 omnia
882 393 1028 424 animalia
1055 395 1222 435 omnigena
1247 395 1451 436 producebat,
1466 396 1545 426 seras
1567 402 1599 426 et

136 452 299 492 pascentia
314 451 429 487 onmia,
445 455 524 480 terra
540 450 692 479 duntaxat
709 453 811 478 nostra
828 448 866 477 ad
885 448 951 477 haee
967 448 1079 478 sterilis
1102 454 1169 478 erat
1195 449 1429 490 agrestibusque
1456 449 1601 480 animali-

134 505 191 535 bus
209 515 316 536 vacua.
340 504 462 545 proprie
479 514 549 534 vero
566 514 603 533 ex
619 501 762 533 omnibus
777 501 989 532 animantibus
1015 502 1172 532 hominem
1199 503 1317 543 genu-it,
1334 502 1387 543 qui
1414 503 1524 534 ceteris
1550 504 1598 534 in-

133 558 308 600 telligentia
325 562 460 599 praestat,
477 556 622 597 solusque
633 556 687 597 jus
702 567 737 586 ac
754 556 830 586 deos
845 555 1076 586 animadvertit.
1121 556 1217 593 Quod
1247 567 1318 587 vero
1345 558 1412 588 liaec
1428 558 1513 598 regio
1541 558 1598 589 lio-

134 622 201 643 rum
217 618 400 653 nostrosque
416 611 549 652 majores
564 610 743 652 progenuit,
758 610 831 641 hinc
848 610 1080 641 evidentissime
1096 609 1170 641 licet
1183 620 1390 651 cognoscere:
1416 613 1489 652 quia
1506 623 1598 644 omne

134 666 218 707 quod
235 665 346 707 gignit,
364 665 545 695 alimentum
561 664 751 695 conveniens
767 664 874 705 genito
891 664 1042 696 continet.
1088 663 1163 700 Quo
1180 664 1273 704 plane
1289 664 1473 696 discernitur
1490 666 1599 697 mulier

133 720 199 759 illa,
213 729 284 761 quae
300 719 432 760 peperit,
448 719 486 749 ad
504 729 541 749 ea
557 729 627 760 quae
643 718 794 749 infantem
810 717 985 748 simulando
1001 718 1178 758 supposuit.
1203 728 1272 748 nam
1290 728 1360 759 quae
1374 720 1505 760 peperit,
1518 720 1598 751 lacte

133 774 274 804 abundat
289 774 328 804 ad
345 772 412 814 ejus
428 774 512 815 quod
529 773 668 814 genitum
685 776 733 803 est
760 771 952 812 alimoniam,
966 771 1028 802 alia
1054 782 1126 802 vero
1154 782 1365 813 nequaquam.
1408 773 1514 804 Tellus
1540 775 1599 805 ita-

133 837 194 869 que
211 833 314 858 nostra
331 834 489 869 materque
506 827 703 868 perspicuum
720 830 935 867 argumentum
951 826 1081 867 praehet,
1099 826 1183 867 quod
1212 827 1352 857 homines
1380 828 1597 868 procreaverit.

133 892 202 912 nam
220 887 251 913 et
266 882 332 912 sola
349 887 381 913 et
396 882 494 923 prima
511 888 584 912 tunc
601 881 716 923 pabula
729 881 865 911 humana
882 880 1030 922 porrexit,
1055 881 1152 922 [238]
1178 880 1273 912 tritici
1289 881 1459 924 hordeique
1482 882 1598 924 fruges.

132 936 246 976 quibus
261 936 511 967 commodissime
527 946 625 977 genus
640 935 801 965 hominum
816 935 918 972 alitur,
936 939 1047 976 utpote
1064 944 1134 975 quae
1149 945 1218 966 vere
1232 934 1345 966 animal
1359 935 1392 966 id
1407 936 1597 977 produxerit.

134 989 252 1020 Potens
267 995 370 1021 autem
397 991 437 1021 de
463 996 552 1027 terra,
569 1000 662 1031 quain
686 990 726 1020 de
750 989 892 1026 muliere,
908 989 1086 1030 conjectare
1116 989 1149 1019 id
1176 989 1258 1020 licet.
1282 1000 1385 1031 neque
1409 991 1492 1022 enim
1519 997 1597 1023 terra

134 1044 294 1075 mulierem
310 1045 519 1085 conceptione
535 1050 699 1085 partuque,
716 1044 770 1074 sed
787 1049 896 1074 terram
915 1043 1023 1074 mulier
1038 1042 1189 1075 imitatur.
1235 1043 1427 1084 Hujusmodi
1445 1055 1514 1075 vero
1542 1056 1600 1087 pa-

134 1098 241 1128 bulum
254 1098 321 1129 sine
337 1098 453 1128 invidia
469 1108 531 1128 non
547 1098 724 1128 hominibus
740 1098 839 1128 solum
857 1098 993 1134 abunde,
1011 1108 1115 1128 verum
1132 1097 1225 1128 etiam
1239 1098 1335 1128 brutis
1345 1099 1600 1130 subministravit.

136 1151 214 1183 Post
227 1153 294 1184 haec
310 1153 424 1190 oleum,
441 1153 578 1183 laborum
595 1152 780 1189 subsidium,
797 1151 878 1183 natis
895 1151 958 1183 suis
974 1152 1201 1193 suppeditavit.
1225 1152 1350 1183 nutritis
1377 1158 1481 1184 autem
1509 1154 1600 1184 adnl-

135 1206 238 1247 tisque
254 1207 324 1237 filiis
340 1207 496 1248 principes
513 1212 786 1248 praeceptoi·esque
803 1207 879 1236 deos
893 1206 1017 1236 induxit
1034 1218 1041 1236 :
1067 1216 1199 1247 quorum
1223 1217 1309 1237 nunc
1335 1208 1599 1247 praetermittenda

135 1266 207 1291 sunt
221 1261 359 1291 nomina.
403 1260 517 1302 Neque
533 1261 615 1291 enim
631 1271 686 1291 nos
703 1261 779 1291 latet
794 1260 848 1302 qui
865 1261 959 1290 vitam
976 1265 1110 1291 nostram
1129 1260 1306 1297 munierint,
1323 1266 1386 1291 tam
1413 1261 1523 1292 artium
1551 1262 1599 1293 in-

132 1315 279 1345 ventione
295 1315 334 1345 ad
350 1315 568 1356 quotidianum
584 1315 698 1346 victum
714 1315 934 1355 spectantium,
951 1325 1044 1356 quam
1062 1314 1228 1345 traditione
1243 1315 1416 1357 peritiaque
1442 1327 1595 1348 armorum

135 1368 175 1399 ad
193 1368 326 1409 regionis
339 1369 438 1410 ipsius
454 1369 641 1400 custodiam.
686 1369 737 1399 Ita
753 1368 886 1409 majores
901 1369 1009 1399 horum
1026 1368 1123 1409 geniti
1138 1374 1232 1409 atque
1252 1369 1378 1400 educati
1404 1381 1466 1401 reru
1492 1372 1597 1412 publi-

135 1432 202 1453 cam
219 1421 443 1453 instituerunt:
470 1433 561 1464 quam
580 1422 688 1464 paucis
704 1423 911 1464 perstringere
934 1423 1036 1454 decet.
1082 1421 1149 1453 Res
1175 1423 1256 1453 enim
1285 1423 1412 1464 publica
1439 1424 1599 1455 hominum

135 1476 281 1507 educatio
297 1481 355 1512 est,
372 1478 454 1507 bona
467 1477 594 1518 quidem
612 1477 775 1518 bonorum,
792 1477 1012 1508 contrariorum
1040 1488 1111 1508 vero
1139 1477 1301 1509 contraria.
1348 1478 1442 1515 Quod
1468 1490 1541 1520 ergo
1566 1480 1600 1509 in

137 1529 284 1571 praeclara
299 1530 459 1571 republica
474 1531 602 1561 enutriti
619 1536 690 1561 sunt
705 1531 800 1561 nostri
817 1530 961 1572 majores,
978 1531 1200 1562 declarandum
1215 1536 1262 1562 est
1276 1544 1283 1562 ε
1310 1543 1364 1573 per
1378 1543 1471 1574 quam
1497 1538 1528 1564 et
1554 1533 1599 1564 illi

135 1584 168 1614 hi
182 1583 257 1614 boni
271 1584 339 1622 viri,
355 1596 391 1615 ex
408 1585 521 1626 quibus
536 1590 609 1615 sunt
624 1585 678 1626 qui
694 1596 711 1616 e
725 1585 786 1615 vita
806 1585 985 1627 migrarunt.
1013 1586 1123 1616 eadem
1143 1596 1277 1627 namque
1300 1586 1478 1628 respublica
1499 1598 1600 1629 quon-

137 1638 209 1668 dam
224 1644 256 1669 et
269 1649 365 1675 nunc,
380 1639 565 1680 optimatum
583 1639 730 1671 videlicet
746 1640 941 1681 gubernati0‚
959 1640 1016 1670 sub
1032 1650 1093 1680 qua
1108 1645 1140 1670 et
1156 1640 1203 1670 his
1227 1641 1417 1682 temporibus
1442 1652 1478 1673 ac
1504 1642 1600 1673 ferme

135 1701 257 1733 semper
271 1703 308 1723 ex
323 1703 361 1723 eo
379 1698 517 1734 tempore
533 1694 687 1734 degimus.
713 1704 779 1724 eam
796 1694 922 1735 quidam
941 1694 1123 1735 popularem
1150 1699 1277 1735 vocant,
1294 1695 1346 1725 alii
1371 1695 1470 1737 aliter,
1486 1702 1600 1727 utcun-

135 1755 196 1786 que
213 1746 326 1787 placet.
372 1746 429 1777 Est
444 1752 546 1778 autem
571 1758 676 1778 revera
701 1749 767 1779 ltaec
795 1748 994 1789 optimatum,
1011 1758 1081 1778 cum
1109 1749 1244 1789 quadam
1271 1750 1454 1780 auctoritate
1480 1751 1601 1792 populi,

137 1800 332 1842 gubernatio.
355 1812 478 1843 semper
491 1803 573 1832 enim
591 1803 681 1832 nobis
696 1813 782 1843 reges
798 1807 881 1839 sunt,
898 1802 973 1832 alias
990 1803 1111 1843 generis
1128 1803 1336 1840 successione,
1353 1803 1428 1834 alias
1444 1804 1603 1836 electione

136 1855 251 1887 creati:
275 1857 330 1886 sed
347 1856 540 1887 auctoritatis
557 1857 690 1887 civitatis
709 1857 875 1898 plurimum
891 1858 974 1897 apud
993 1857 1159 1898 populum,
1177 1857 1231 1897 qui
1246 1868 1367 1898 semper
1392 1858 1449 1895 his,
1465 1859 1518 1899 qui
1543 1869 1601 1900 op-

136 1909 409 1951 tiniijudicantur‚
425 1911 622 1952 magistratus
638 1911 793 1952 impertit:
819 1911 872 1941 ubi
888 1922 990 1952 neque
1017 1916 1179 1952 parentum
1205 1911 1367 1942 debilitate
1394 1911 1442 1942 vel
1467 1922 1602 1953 pauper—

137 1968 201 1995 tate
216 1965 265 1994 vel
280 1965 476 2005 ignobilitate
492 1965 655 2006 quisquam
672 1965 819 2005 rejicitur,
836 1976 938 2006 neque
955 1965 1115 1995 contrariis
1131 1965 1171 1996 de
1187 1966 1288 1996 causis
1311 1966 1490 2003 honoratur,
1507 1971 1541 1996 ut
1563 1966 1598 1996 in

139 2018 207 2049 aliis
222 2019 399 2049 civitatibus
415 2019 480 2050 fieri
496 2019 587 2050 solet.
611 2019 666 2049 sed
681 2020 748 2049 haec
766 2024 812 2049 est
827 2029 947 2049 summa
962 2031 968 2049 :
1003 2019 1194 2060 Quicunque
1210 2020 1336 2061 sapiens
1352 2025 1405 2050 aut
1420 2020 1520 2050 bonus
1545 2020 1603 2050 ha-

138 2074 238 2110 betur,
253 2073 431 2104 dominatur
446 2078 477 2104 et
491 2073 634 2114 imperat.
681 2073 784 2104 Causa
799 2073 889 2104 nobis
906 2074 1138 2114 gubernationis
1156 2073 1334 2115 hujusmodi
1349 2085 1385 2104 ex
1400 2084 1490 2115 aequo
1505 2084 1600 2115 gene-

137 2126 214 2157 ratio
231 2132 288 2158 est.
335 2126 418 2158 Aliae
434 2127 588 2169 siquidem
604 2127 747 2159 civitates
763 2131 836 2158 sunt
850 2138 887 2158 ex
902 2127 992 2159 variis
1007 2128 1273 2169 dissimilibusque
1291 2128 1456 2169 generibus
1483 2128 1601 2159 consti-

137 2185 212 2211 tutae
226 2193 233 2211 :
257 2191 320 2222 quo
334 2181 381 2218 fit,
397 2187 432 2212 ut
447 2182 618 2223 inaequales
635 2182 697 2212 sint
712 2187 744 2213 et
760 2181 1013 2224 gubernationeS,
1028 2183 1212 2225 tyrannides
1230 2193 1464 2224 paucorumque
1488 2189 1604 2224 poten-

138 2235 202 2267 tiae.
248 2235 286 2265 In
312 2236 422 2277 quibus
450 2236 493 2267 ita
518 2236 660 2267 homines
683 2237 803 2273 vivunt,
819 2240 855 2266 ut
868 2247 900 2267 se
913 2237 1049 2267 invicem
1066 2237 1178 2278 partim
1195 2237 1350 2273 dominos,
1369 2238 1480 2279 partim
1496 2248 1599 2268 servos

137 2289 322 2321 existiment.
345 2301 402 2322 nos
418 2295 522 2321 autem
547 2291 645 2333 [2:39]
670 2291 830 2333 nostrique
847 2301 910 2321 una
923 2301 961 2322 ex
976 2296 1072 2322 matre
1087 2302 1204 2328 omneS‚
1220 2291 1328 2322 fratres
1344 2292 1475 2323 invicem
1491 2291 1601 2333 geniti,

138 2344 222 2375 haud
239 2345 420 2375 arbitramur
433 2344 568 2375 invicem
585 2355 641 2375 nos
657 2345 799 2375 dominos
824 2350 856 2376 et
883 2355 986 2376 servos
1011 2355 1100 2376 esse:
1125 2346 1179 2376 sed
1207 2346 1414 2387 generationis
1441 2345 1602 2387 aequalitas

139 2409 196 2429 nos
212 2399 346 2437 inducit,
361 2405 396 2429 ut
411 2405 443 2430 et
458 2399 534 2441 legis
551 2409 723 2440 quaeramus
739 2399 960 2440 aequalitatem,
976 2409 1079 2440 neque
1094 2399 1138 2431 rei
1155 2411 1276 2441 prorsus
1293 2399 1359 2436 ulli,
1376 2400 1434 2430 nisi
1462 2399 1603 2441 opinioni

137 2452 258 2483 virtutis
275 2452 522 2494 prudentiaeque,
535 2454 694 2484 cedamus.
734 2453 936 2494 Quapropter
951 2459 984 2484 et
998 2454 1098 2484 nostri
1114 2459 1146 2484 et
1160 2454 1269 2484 horum
1286 2460 1430 2495 parentes
1446 2454 1521 2484 ethi
1546 2454 1604 2483 ho-

139 2510 227 2536 neste
243 2506 350 2542 creati,
365 2511 397 2537 et
411 2507 443 2537 iu
458 2508 542 2538 omni
558 2507 699 2539 libertate
713 2508 832 2544 nutriti,
848 2508 946 2538 multa
961 2513 1056 2549 atque
1072 2508 1219 2549 praeclara
1232 2508 1370 2539 facinora
1384 2508 1469 2550 apud
1498 2518 1605 2538 omnes

141 2564 250 2601 gentes
266 2559 425 2590 notissima
441 2560 584 2601 privatim
602 2566 634 2592 et
659 2561 786 2602 publice
810 2562 989 2602 ediderunt,
1005 2562 1216 2592 existimantes
1243 2562 1393 2593 libertatis
1419 2562 1516 2603 gratia
1540 2567 1603 2593 tam

140 2614 288 2645 adversus
304 2614 432 2645 Graecos
448 2625 502 2655 pro
519 2614 637 2646 Graecis
652 2616 732 2653 aliis,
747 2626 840 2658 quam
857 2616 1003 2646 adversus
1021 2616 1165 2646 barbaros
1180 2626 1235 2657 pro
1253 2616 1373 2646 cunctis
1389 2615 1523 2655 Graecis,
1535 2626 1603 2646 esse

141 2668 358 2709 pugnandum.
404 2667 573 2700 Enimvero
590 2679 653 2710 quo
678 2675 770 2711 pacto
786 2670 820 2700 in
835 2670 917 2701 bello
933 2680 965 2701 se
980 2670 1130 2710 gesserint
1145 2669 1257 2711 Argivi
1271 2670 1430 2711 quondam
1458 2670 1604 2700 adversus

141 2721 301 2763 Cadmios‚
315 2728 347 2753 et
360 2722 537 2754 Heraclida:
553 2723 699 2754 adversus
726 2723 874 2766 Argivos,
890 2735 960 2756 cum
988 2724 1162 2765 Eumolpus
1187 2729 1220 2755 et
1243 2723 1431 2761 Amazones,
1449 2734 1485 2755 ac
1510 2724 1603 2754 etiam

140 2787 211 2808 curn
226 2777 275 2808 his
290 2777 462 2818 superiores
476 2776 633 2819 regionem
649 2778 847 2819 invaderent,
862 2779 954 2810 breve
969 2783 1051 2810 esset
1072 2788 1128 2819 pro
1145 2778 1297 2819 dignitate
1314 2778 1436 2816 referre,
1451 2782 1482 2808 et
1498 2777 1602 2818 poe'tae

110 2844 116 2850 ·
139 2830 286 2861 virtutem
309 2830 433 2861 illorum
457 2831 616 2872 eleganter
640 2831 767 2863 Musica
795 2832 987 2864 celebrantes
1016 2832 1049 2862 in
1079 2842 1187 2863 omnes
1215 2837 1324 2874 gentes
1353 2831 1603 2872 divulgaverunt.

142 2883 247 2920 Quare
263 2883 288 2915 si
304 2894 361 2915 nos
375 2885 485 2916 eadem
511 2885 597 2916 nudo
621 2896 762 2917 sermone
789 2892 928 2929 repetere
955 2896 1038 2917 nunc
1062 2886 1309 2928 aggrederemur,
1324 2886 1404 2917 sorte
1431 2885 1605 2915 videremur

138 2936 201 2969 illis
217 2948 282 2969 esse
299 2938 439 2972 secundi.
475 2939 552 2972 Haec
569 2940 660 2982 igitur
675 2941 715 2972 ob
731 2942 810 2973 lianc
836 2952 961 2974 causam
979 2941 1107 2973 arbitror
1132 2941 1331 2978 dimittenda,
1348 2938 1604 2981 quandoquidem
