1840 3225
214 239 292 278 408
673 269 677 273 ,
802 238 1068 279 PLATONIS
1569 238 1661 289 [881

213 349 378 385 spretaque
394 343 479 375 omni
494 343 672 385 disciplina,
683 345 771 375 nulla
781 344 903 376 ratione
924 349 1098 383 moventur,
1119 343 1194 383 quin
1219 342 1259 372 ad
1274 351 1399 380 omnssm
1413 346 1503 372 ruant
1517 341 1667 382 improbi-

214 402 324 429 tatem.
340 398 372 428 hi
400 399 598 440 sequentium
626 399 791 429 verborum
816 408 910 429 causa
938 404 1011 429 sunt
1025 410 1032 428 z
1060 398 1106 428 hi5
1137 397 1296 438 legislator
1326 396 1511 427 necessitate
1540 402 1668 426 coactus

216 455 300 493 leges
315 453 459 493 imponit.
469 453 536 493 ipse
548 463 683 493 namque
699 453 816 483 nullum
827 453 922 483 vellet
935 464 1021 483 usum
1035 452 1315 492 necessitatemque
1329 450 1431 491 legum
1445 459 1582 490 unquam
1590 449 1667 480 fore.

214 508 394 548 quicunque
408 507 502 548 igitur
517 507 699 548 parentibus
713 512 767 537 aut
781 507 848 537 avis
861 507 974 538 inferre
991 516 1098 537 manus
1113 516 1205 536 ausus
1218 505 1321 541 fuerit,
1336 515 1397 535 nec
1411 504 1603 545 superiorum
1618 503 1668 534 in·

213 559 427 601 dignationem
442 561 580 592 Deorum
598 572 655 592 nec
669 561 837 592 inferorum
852 562 1007 603 supplicia
1022 561 1138 591 veritus
1155 571 1161 589 :
1188 560 1285 601 [881]
1310 558 1377 594 sed,
1391 559 1478 600 quasi
1492 558 1582 594 sciat,
1599 568 1668 598 quae

213 616 325 652 nescit,
340 615 426 646 dicta
438 625 456 646 a
465 616 575 658 priscis
583 617 723 647 omnibus
735 615 921 657 despiciens,
931 616 1159 657 praevaricatur,
1170 614 1196 644 is
1208 614 1329 649 ultimo,
1340 619 1377 644 ut
1385 617 1542 644 avertatur
1556 613 1668 653 expie-

213 674 335 711 turque,
347 670 486 701 remedio
499 670 631 712 indiget.
652 681 732 702 mors
747 677 852 701 autem
867 671 1008 701 ultimum
1024 680 1089 700 non
1101 675 1148 699 est
1160 681 1168 708 3
1192 670 1247 699 sed
1263 674 1402 699 extrema
1417 659 1515 708 mag-is
1529 672 1604 697 sunt
1618 666 1667 696 in·

214 723 346 754 ferorum
385 725 557 766 supplicia:
592 735 662 766 quae
689 726 765 756 licet
792 725 954 755 verissime
980 730 1152 759 narrentur,
1183 729 1323 754 avertere
1353 727 1459 753 tamen
1489 720 1668 762 hujusmodi

215 777 336 808 animos
348 784 527 820 nequeunt:
560 780 718 820 quoniam,
734 779 760 810 si
775 784 961 814 averterent,
977 779 1057 809 nulli
1072 778 1125 819 qui
1147 783 1295 819 parentes
1317 776 1469 807 scelerate
1494 775 1668 817 pulsarent,

213 842 351 874 unquam
365 833 582 874 reperirentur.
604 843 699 874 quare
716 838 839 874 oportet
859 834 970 864 horum
992 832 1180 873 flagitiorum
1203 831 1359 872 supplicia
1378 831 1412 861 in
1427 831 1486 861 hac
1514 829 1581 860 vita
1603 838 1668 859 non

213 885 362 917 inferiora
375 887 448 923 illis,
461 897 530 927 quae
543 888 625 927 apud
643 887 758 918 inferos
772 892 855 922 sunt,
882 886 939 917 sed
965 887 1100 927 aequalia
1119 896 1176 927 pro
1201 886 1319 916 viribus
1348 894 1478 925 ponere.
1500 883 1545 914 ita
1574 883 1669 924 igitur

214 940 389 971 sanciamus
402 952 408 970 :
438 941 463 971 si
479 941 548 981 quis
560 951 626 971 non
639 940 771 971 furiosus
785 945 906 981 patrem
920 946 974 970 aut
990 947 1115 971 matrem
1132 950 1277 969 eorumve
1292 939 1467 979 superiores
1477 937 1601 978 pulsare
1613 946 1668 967 au-

212 995 312 1030 debit,
327 994 471 1035 primum,
487 995 569 1025 utin
585 995 807 1036 superioribus,
824 1005 918 1036 opem
941 999 1116 1035 praesentes
1135 993 1249 1024 ferant.
1274 999 1307 1023 et
1327 992 1433 1023 incola
1457 990 1585 1033 quidem
1615 991 1667 1021 vel

213 1048 410 1089 peregrinus,
425 1049 452 1078 si
467 1048 679 1090 opitulabitur,
692 1049 724 1078 in
741 1048 874 1090 publicis
889 1049 1110 1079 certaminibus
1121 1054 1272 1089 tanquam
1294 1056 1409 1088 praeses
1419 1045 1488 1076 aliis
1503 1054 1668 1086 praepona·

212 1107 264 1132 tur
276 1113 284 1132 :
306 1102 354 1133 sin
368 1102 481 1138 minus,
496 1113 514 1133 a
527 1103 656 1144 regione
666 1103 812 1133 universa
826 1108 981 1144 perpetuo
996 1102 1234 1133 exterminetur.
1250 1102 1298 1132 sin
1311 1106 1415 1132 autem
1425 1099 1530 1131 incola
1539 1109 1604 1130 non
1614 1099 1667 1135 sit,

213 1156 378 1187 auxiliatus
390 1157 516 1198 quidem
534 1156 670 1194 laudem,
682 1168 747 1188 non
760 1157 928 1187 auxiliatus
939 1157 1128 1198 vituperium
1141 1161 1361 1197 consequatur.
1379 1164 1486 1185 servus
1497 1153 1670 1195 opitulatus

212 1210 380 1241 liberetur:
397 1222 462 1242 non
477 1212 650 1252 opitulatus
661 1212 782 1243 centies
794 1211 922 1252 publico
935 1211 1074 1241 caedatur
1086 1211 1222 1251 fiagello.
1238 1216 1270 1240 et
1285 1210 1311 1240 si
1323 1210 1357 1239 in
1368 1209 1435 1240 foro
1445 1208 1477 1238 id
1490 1207 1668 1248 contigerit,

212 1263 332 1294 ibidem
343 1274 362 1294 a
372 1265 528 1295 venalium
540 1275 641 1295 rerum
651 1266 845 1296 curatoribus
853 1266 1011 1307 puniatur,
1019 1265 1051 1295 in
1063 1265 1130 1295 aliis
1139 1265 1280 1306 partibus
1293 1263 1379 1295 urbis
1390 1262 1535 1294 similiter
1544 1261 1583 1292 ab
1592 1260 1668 1291 aedi-

212 1317 306 1354 libus,
323 1319 376 1359 qui
392 1324 561 1360 praesentes
575 1319 693 1350 fuerint
706 1332 712 1349 :
737 1321 850 1351 eodem
871 1319 965 1350 modo
985 1325 1071 1349 extra
1084 1319 1191 1349 urbem
1203 1318 1237 1348 in
1247 1328 1320 1359 agro
1331 1318 1370 1348 ab
1383 1318 1442 1353 his,
1455 1317 1508 1358 qui
1524 1314 1668 1347 curandis

212 1372 294 1413 agris
306 1377 381 1404 tunc
395 1373 575 1414 praesident.
599 1375 682 1415 quod
699 1375 724 1404 si
739 1375 854 1405 civium
869 1374 983 1415 aliquis
997 1366 1182 1414 parentibus
1207 1383 1225 1403 a
1251 1372 1316 1403 filio
1339 1371 1510 1402 verberatis
1530 1379 1668 1412 praesens

213 1426 318 1463 fuerit,
335 1427 400 1458 sive
416 1428 461 1458 vir
475 1438 530 1458 seu
544 1429 667 1464 mulier,
692 1429 756 1459 sive
783 1429 970 1459 adolescens
997 1438 1050 1458 scu
1075 1427 1189 1463 senior,
1214 1426 1366 1458 defendat
1387 1426 1540 1466 protinus,
1565 1424 1668 1455 scelus

212 1481 424 1512 conclamans.
447 1482 501 1523 qui
517 1482 657 1513 auxiliari
667 1482 814 1519 noluerit,
825 1482 912 1514 Jovis
927 1482 1019 1523 patrii
1036 1491 1073 1512 ac
1098 1481 1224 1522 generis
1249 1481 1416 1511 servatoris
1438 1479 1665 1520 imprecatione

212 1544 270 1575 per
285 1535 387 1576 legem
404 1541 572 1576 prematur.
594 1536 722 1567 demum
736 1537 913 1578 quicunque
929 1537 1070 1578 pulsasse
1086 1541 1236 1577 parentes
1248 1534 1519 1570 condemnabitur,
1531 1534 1666 1575 primum

212 1593 366 1629 perpetuo
382 1590 513 1625 exsulet,
530 1589 646 1620 deinde
663 1595 696 1620 et
711 1600 730 1620 a
742 1590 834 1620 sacris
848 1590 993 1621 omnibus
1008 1595 1150 1620 arceatur
1165 1601 1170 1618 :
1197 1589 1310 1629 quibus
1329 1589 1353 1618 si
1375 1588 1476 1618 minus
1499 1587 1667 1621 abstineat,

211 1651 232 1672 a
245 1642 440 1684 principibus
455 1644 521 1684 agri
539 1644 717 1674 verberibus
732 1649 764 1674 et
775 1644 913 1682 omnino,
939 1649 1097 1684 utcunque
1122 1643 1289 1676 voluerint,
1312 1643 1490 1683 plectatur:
1522 1649 1554 1672 et
1576 1640 1603 1672 si
1627 1641 1667 1671 ab

210 1696 319 1727 exsilio
333 1702 522 1737 revertatur,
537 1703 636 1728 morte
651 1702 782 1738 peccata
797 1699 871 1729 luat.
894 1697 1034 1739 quisquis
1060 1708 1132 1728 vero
1149 1697 1228 1727 liber
1250 1707 1319 1727 cum
1346 1694 1526 1737 hujusmodi
1538 1695 1665 1726 homine

211 1749 357 1780 comedet
367 1756 420 1781 aut
433 1751 533 1788 bibet,
550 1752 601 1782 vel
625 1752 729 1793 aliquo
754 1757 847 1793 pacto
865 1763 927 1782 una
955 1752 1123 1793 quicquam
1149 1756 1238 1792 geret
1261 1756 1314 1781 aut
1341 1754 1452 1791 tanget
1475 1755 1531 1780 aut
1555 1755 1667 1790 sponte

213 1804 368 1847 loquetur,
383 1805 409 1836 is
424 1816 483 1836 nec
508 1806 541 1836 in
555 1807 708 1847 templum
734 1806 926 1847 ingrediatur
949 1816 1008 1836 nec
1033 1807 1065 1836 in
1089 1806 1200 1841 sorum,
1216 1815 1275 1836 nec
1299 1805 1426 1836 omnino
1449 1805 1483 1835 in
1507 1804 1667 1835 civitatem

212 1858 436 1898 proficiscatur,
453 1866 623 1901 antequam
633 1861 811 1891 mundetur.
839 1867 947 1902 putare
960 1871 1093 1902 namque
1120 1860 1216 1890 debet
1242 1859 1394 1890 scelerato
1418 1869 1452 1889 se
1477 1858 1669 1889 commercio

211 1913 463 1944 contaminatum.
485 1913 569 1955 quod
584 1915 610 1945 si
625 1925 687 1946 non
703 1915 975 1956 obtemperaverit,
989 1914 1045 1945 sed
1061 1914 1221 1945 civitatem
1244 1920 1276 1945 et
1298 1914 1420 1955 templa
1447 1912 1554 1953 inique
1577 1911 1666 1943 coin-

210 1966 331 2006 quinet,
342 1968 520 2009 quicunque
537 1969 733 2010 magistratus
747 1969 814 2000 fieri
826 1970 883 2000 lioc
900 1969 1042 2005 senserit,
1071 1966 1131 1999 riisi
1154 1969 1319 1999 confestim
1345 1967 1493 2009 punierit,
1515 1966 1666 1997 maxima-

210 2029 276 2049 mm
298 2020 479 2061 injuriarum
494 2033 566 2053 reus
587 2028 636 2053 est
656 2023 830 2056 habendus.
855 2023 951 2065 [882]
976 2023 1000 2054 si
1027 2033 1132 2053 servus
1154 2023 1288 2053 liberum
1303 2023 1472 2058 hominem,
1487 2031 1542 2052 seu
1563 2021 1664 2052 civem

210 2073 274 2103 sive
298 2075 505 2116 peregrinum,
531 2077 646 2117 pulset,
672 2088 810 2118 praesens
834 2078 967 2118 quilibet
988 2078 1139 2108 auxilium
1161 2078 1283 2108 afferat.
1303 2077 1351 2107 sin
1379 2077 1490 2112 minus,
1515 2075 1667 2117 praedicta

210 2128 384 2158 secundum
399 2139 525 2160 censum
541 2131 661 2161 mulcta
676 2131 832 2171 puniatur.
855 2132 908 2172 qui
925 2142 999 2172 ergo
1016 2138 1187 2172 praesentes
1209 2136 1310 2167 erunt,
1330 2131 1452 2172 pulsato
1473 2135 1665 2165 succurrant,

210 2181 410 2224 vinciantque
422 2184 610 2224 pulsantem,
621 2190 654 2214 et
666 2185 695 2214 ei
707 2185 845 2215 vinctum
863 2186 999 2221 tradant,
1016 2186 1066 2216 cui
1093 2185 1169 2216 fecit
1188 2185 1332 2226 injuriam
1347 2196 1353 2213 :
1382 2184 1435 2225 qui
1451 2184 1484 2213 in
1502 2183 1663 2224 compedi-

209 2235 268 2266 bus
283 2239 401 2272 teneat,
417 2238 671 2278 verberibusque,
684 2243 718 2268 ut
732 2238 819 2272 velit,
834 2239 878 2268 ita
893 2240 1010 2279 pulset,
1024 2245 1059 2268 ut
1072 2239 1193 2269 nullum
1220 2238 1346 2268 domino
1367 2237 1478 2268 inserat
1500 2237 1661 2272 damnum,

210 2289 326 2321 deinde
341 2291 443 2332 ipsum
457 2291 585 2322 domino
597 2291 777 2323 habendum
791 2293 903 2322 reddat
919 2292 1093 2322 seeundum
1108 2293 1222 2333 legem.
1239 2302 1309 2332 quae
1325 2292 1386 2321 ista
1411 2291 1451 2321 sit
1465 2303 1471 2320 :
1501 2291 1528 2321 si
1556 2301 1663 2322 servus

206 2343 339 2374 liberum
350 2345 510 2376 hominem
523 2356 585 2376 non
602 2346 826 2387 imperantibus
856 2346 1089 2387 magistratibus
1104 2346 1325 2382 verberaverit,
1341 2345 1487 2376 dominus
1504 2356 1522 2376 a
1537 2346 1662 2386 pulsato

210 2398 347 2429 vinctum
360 2409 397 2429 ca
408 2400 587 2430 conditione
608 2400 753 2441 accipiat,
779 2406 815 2430 ut
842 2410 904 2430 non
931 2406 1025 2430 antea
1046 2401 1157 2435 solvat,
1183 2410 1274 2441 quam
1302 2401 1426 2440 pulsato
1455 2409 1562 2430 servus
1580 2401 1663 2441 ipse,

209 2452 363 2483 solutione
387 2463 420 2483 se
437 2453 567 2494 dignum
587 2455 742 2496 esse‚jam
759 2455 957 2495 persuaserit.
981 2456 1028 2484 lim
1053 2465 1126 2484 vcro
1148 2455 1267 2485 effidem
1293 2454 1380 2494 leges
1406 2453 1446 2484 ad
1469 2455 1536 2485 hoec
1557 2455 1662 2485 omnia

209 2507 389 2539 mulieribus
404 2508 540 2539 invicem
556 2514 587 2539 et
603 2509 642 2539 ad
657 2509 736 2540 viros
753 2509 886 2550 virisque
902 2510 939 2539 ad
959 2509 1104 2539 mulieres
1119 2518 1301 2539 communes
1315 2518 1384 2539 esse
1399 2508 1530 2540 debent.

814 2702 949 2751 LIB.
990 2703 1056 2751 X.

209 2822 305 2864 [884]
330 2821 418 2854 Posr
441 2822 529 2865 leges
551 2825 592 2856 de
614 2825 701 2856 caede
728 2826 970 2867 vulneribusque
994 2831 1027 2856 et
1052 2825 1232 2856 verberibus
1257 2823 1432 2855 communis
1455 2822 1506 2853 lex
1532 2822 1588 2852 illa
1618 2822 1659 2852 de

206 2877 289 2907 omni
303 2877 335 2908 vi
350 2878 515 2915 sanciatur,
530 2885 566 2909 ut
576 2890 668 2910 nemo
684 2880 763 2911 serat
775 2885 977 2922 asper-totque
995 2891 1057 2911 rom
1075 2880 1222 2915 alienam,
1235 2884 1289 2909 aut
1304 2877 1397 2908 vicini
1418 2887 1449 2908 re
1465 2877 1531 2907 ulla
1545 2881 1659 2912 utatur,

205 2930 263 2961 nisi
280 2932 453 2973 possidenti
468 2937 560 2964 antea
575 2935 774 2975 persuaserit.
797 2935 868 2966 liinc
885 2935 970 2966 cuim
985 2935 1065 2966 mala
1077 2933 1193 2970 omnia,
1219 2942 1286 2973 quae
1312 2931 1512 2966 narravimus,
1537 2931 1658 2971 depen-
