1840 3225
241 204 321 241 164
815 197 1082 237 PLATONIS
1607 204 1705 254 [478

239 309 405 350 liquorum,
422 306 460 336 ad
476 315 546 347 quae
563 303 729 345 respiciens
745 302 849 345 aliqua
863 302 947 343 apud
964 312 1013 338 me
1030 302 1203 342 distinguo,
1219 302 1286 332 haec
1311 300 1372 333 alia
1397 312 1477 344 esse,
1493 303 1553 335 alia
1578 303 1643 337 illa.
1667 305 1698 337 in

240 361 382 404 potentia
397 370 469 391 vero
485 359 524 390 ad
550 357 626 388 illud
655 356 755 387 solnm
780 357 912 398 aspicio,
927 357 966 386 ad
994 356 1080 397 quod
1104 360 1153 386 est
1177 355 1302 396 quodve
1331 355 1415 396 agit:
1438 363 1471 387 et
1495 358 1554 389 hac
1582 359 1701 391 ratione

238 415 411 457 quamlibet
428 414 560 455 ipsarum
587 411 760 452 potentiam
787 410 988 451 nuncupavi:
1014 414 1046 440 et
1071 409 1154 439 illam
1180 409 1318 450 quidem,
1333 419 1403 450 quae
1428 410 1467 440 ad
1492 411 1575 443 idem
1601 413 1704 443 tendit

236 470 385 510 idemque
401 468 476 509 agit,
492 467 624 497 eandem
641 476 741 496 voco:
767 465 858 495 aliam
876 475 946 494 vero
962 464 1061 500 illam,
1074 474 1144 504 quae
1161 463 1200 495 ad
1217 463 1302 493 aliud
1318 469 1441 504 spectat
1455 470 1487 495 et
1511 465 1596 496 aliud
1623 476 1699 507 ope-

237 528 331 554 ratur.
357 528 389 553 tu
407 532 477 553 vero
494 521 569 562 quid
587 520 618 550 in
643 519 690 550 his
719 519 811 560 agis?
857 519 970 549 [inc.
994 517 1089 554 Quod
1119 521 1151 547 et
1176 522 1220 548 tu.
1266 517 1322 548 So.
1346 517 1428 558 Age,
1446 529 1547 549 rursus
1570 520 1610 550 ad
1635 521 1703 552 haee

237 581 430 611 convertere,
446 586 464 606 0
483 575 526 604 vir
541 574 680 615 optime:
708 579 807 603 utrum
835 572 994 602 scientiam
1021 570 1193 612 potentiam
1219 571 1377 611 quandam
1402 581 1469 602 esse
1496 573 1588 609 dicis,
1604 583 1644 606 an
1670 574 1704 605 in

240 642 338 672 genus
368 630 453 660 alind
482 628 602 660 refers?
649 626 763 658 GLAu.
788 625 980 660 Potentiam,
1012 624 1104 655 etiam
1135 624 1272 653 onmium
1304 624 1443 664 profecto
1473 625 1707 659 validissimam.

238 685 296 716 So.
322 683 514 725 Opinionem
531 693 602 712 vero
619 680 831 722 potentiamne
847 690 886 709 an
913 679 997 708 aliud
1026 678 1176 718 quiddam
1201 688 1267 708 esse
1291 677 1454 710 dicemus?
1501 678 1616 712 GLAu.
1640 680 1705 711 Po-

237 738 366 768 tentiam
382 742 477 768 certe.
500 747 569 766 nam
587 746 649 776 quo
677 734 796 775 opinari
824 743 1000 774 possumus,
1017 742 1080 762 non
1105 731 1190 761 aliud
1217 736 1265 762 est
1290 742 1382 773 quam
1412 733 1531 774 opinio.
1575 734 1632 766 So.
1657 735 1704 766 At

238 791 334 832 paulo
349 796 422 821 ante
437 790 635 821 confitebaris
651 799 713 818 non
729 788 813 819 idem
830 797 897 817 esse
914 786 1074 818 scientiam
1091 790 1123 816 et
1139 785 1334 826 opinionem.
1380 785 1497 818 Guu.
1521 787 1595 824 Quo
1612 795 1705 829 pacto

237 846 306 887 quis
324 851 456 876 mentem
472 844 591 874 habens
605 843 687 873 idern
705 845 832 877 asseret,
848 840 932 881 quod
948 840 1014 870 salli
1032 844 1135 880 potest
1156 844 1189 870 et
1215 840 1300 880 qnod
1327 850 1390 870 non
1418 841 1543 881 potest?
1589 841 1705 874 Gnu.

238 899 368 940 Optime
394 898 534 939 quidem.
579 896 636 927 So.
661 895 795 926 Constat
822 895 928 934 itaque
953 893 1037 924 aliud
1063 904 1131 924 esse
1163 894 1248 934 apud
1273 892 1370 936 [478]
1397 904 1454 924 nos
1484 895 1524 925 ab
1555 895 1705 936 opinione

234 953 409 984 scientiam.
455 951 569 982 GLAU.
594 949 691 980 Aliud
725 948 829 989 plane.
873 948 927 979 So.
953 947 1093 987 Utraque
1123 947 1216 987 igitur
1244 947 1326 978 circa
1356 948 1442 978 aliud
1472 948 1556 979 aliud
1584 949 1706 990 operari

236 1012 348 1048 suapte
364 1012 473 1036 natura
489 1009 603 1046 potest.
648 1003 763 1033 Gnau.
788 1001 924 1031 Necesse
950 1005 1006 1031 est·
1054 1000 1109 1030 So.
1133 999 1272 1030 Scientia
1300 1001 1426 1041 quidem
1454 1002 1536 1032 circa
1562 1002 1592 1032 id
1618 1004 1704 1044 quod

237 1066 296 1097 est,
312 1060 413 1101 ipsum
430 1070 498 1097 ens,
514 1064 548 1088 ut
575 1069 607 1088 se
634 1056 742 1094 habet,
758 1064 958 1095 cognoscere.
1004 1052 1118 1086 Gonu.
1141 1053 1234 1084 Sane.
1279 1053 1336 1084 So.
1359 1054 1477 1094 Opinio
1503 1061 1620 1092 autern,
1635 1055 1705 1096 opi-

237 1113 315 1143 nari.
361 1113 476 1144 GLAu.
501 1112 541 1142 Et
557 1112 626 1142 hoc.
670 1110 723 1141 So.
749 1109 799 1139 An
816 1107 899 1141 idern
915 1107 999 1148 quod
1015 1113 1046 1137 et
1061 1106 1193 1137 scientia
1209 1107 1333 1137 noscit?
1358 1108 1478 1149 eritque
1499 1109 1595 1145 idern,
1618 1110 1704 1151 quod

237 1167 388 1208 opinione
405 1165 575 1208 percipitur
591 1170 623 1195 et
637 1163 722 1205 quod
740 1161 895 1192 scientia?
919 1171 957 1190 an
977 1160 1079 1201 potius
1106 1159 1298 1200 impossibile
1313 1161 1323 1190 ?
1369 1160 1483 1193 GLau.
1507 1162 1705 1204 Impossibile

236 1226 319 1253 certe
334 1232 371 1252 ex
387 1221 446 1256 his,
463 1231 533 1261 qnae
549 1217 758 1250 concessimus
774 1227 781 1246 :
806 1216 830 1245 si
846 1215 973 1256 quidem
989 1214 1070 1244 circa
1086 1213 1170 1243 aliud
1187 1213 1249 1244 alia
1273 1215 1415 1255 potentia
1440 1216 1509 1257 ipsa
1530 1227 1566 1247 ex
1595 1222 1706 1248 natura.

237 1280 384 1310 versatur,
401 1273 550 1314 potentiae
567 1263 639 1302 vero
655 1275 793 1311 utraeque
809 1274 893 1309 sunt,
910 1268 1041 1299 scientia
1057 1267 1177 1298 scilicet
1192 1273 1224 1298 et
1240 1268 1349 1310 opinio
1364 1282 1371 1299 z
1397 1269 1457 1300 alia
1472 1270 1545 1301 item
1561 1276 1706 1312 utraque,

236 1334 271 1359 ut
287 1334 334 1359 est
348 1328 479 1358 dictum.
524 1326 570 1356 Ex
587 1325 634 1356 his
651 1330 753 1355 autem
771 1323 834 1353 fieri
852 1333 913 1353 non
932 1327 1034 1362 potest
1061 1326 1095 1352 ut
1121 1322 1206 1352 idem
1231 1322 1282 1358 sit,
1299 1324 1383 1363 qnod
1410 1322 1540 1354 scientia
1564 1335 1706 1366 compre-

238 1382 385 1412 henditur
401 1388 431 1412 et
447 1382 531 1423 qnod
547 1380 695 1422 opinione
709 1377 898 1418 concipitur.
943 1376 998 1408 So.
1022 1375 1139 1406 Nonne
1155 1375 1259 1416 igitur,
1276 1376 1301 1407 si
1317 1376 1419 1417 ipsum
1443 1388 1498 1408 ens
1523 1378 1705 1419 cognitione

235 1436 418 1476 percipitur,
435 1435 466 1466 id
483 1435 568 1476 quod
589 1434 766 1474 concipitur
781 1431 932 1472 opinione
947 1429 1032 1461 aliud
1050 1430 1199 1470 quiddam
1218 1435 1329 1471 praeter
1344 1430 1445 1470 ipsum
1461 1441 1516 1462 ens
1532 1438 1580 1462 est
1595 1432 1705 1464 dicen-

235 1489 333 1520 dum?
379 1489 494 1520 Gmu.
518 1488 629 1519 Aliud.
676 1487 732 1518 So.
757 1485 910 1525 Nunquid
928 1495 990 1514 non
1006 1494 1060 1516 ens
1086 1483 1255 1524 opinatur?
1279 1494 1318 1514 an
1345 1483 1540 1525 impossibile
1565 1490 1614 1517 est
1634 1485 1705 1528 opi-

237 1543 304 1574 nari
321 1554 384 1574 non
400 1544 480 1575 ens?
526 1543 579 1574 Sic
594 1547 698 1572 autem
714 1541 829 1582 cogita.
852 1550 956 1569 nonne
973 1538 1115 1580 quisquis
1141 1538 1298 1579 opinatur,
1314 1539 1353 1568 ad
1378 1539 1498 1580 aliquid
1523 1540 1706 1582 opinionem

236 1596 365 1639 dirigit?
392 1608 432 1628 an
458 1596 606 1638 possibile
635 1600 682 1626 est
705 1593 826 1635 opinari
849 1593 989 1635 quidem,
1015 1592 1136 1633 opinari
1164 1596 1267 1623 autem
1293 1592 1396 1623 nibil?
1442 1593 1558 1626 GLAU.
1581 1594 1706 1636 Impos-

234 1649 335 1683 sibile.
379 1650 436 1681 So.
460 1650 505 1680 At
530 1660 625 1680 unum
653 1647 771 1689 aliquid
800 1647 958 1688 opinatur,
975 1645 1122 1687 quisquis
1149 1646 1319 1687 opinatur?
1366 1647 1482 1679 Guu.
1504 1647 1622 1687 Procul*
1645 1650 1706 1680 du-

235 1703 299 1735 bio.
346 1705 402 1736 So.
426 1704 521 1741 Quod
539 1714 609 1734 vero
627 1713 689 1732 non
705 1707 766 1741 est,
783 1711 846 1731 non
864 1711 961 1731 unum
987 1700 1117 1741 aliquid,
1135 1701 1189 1731 sed
1215 1701 1291 1731 nihil
1319 1701 1423 1742 potius
1448 1707 1496 1733 est
1520 1703 1702 1739 dicendum.

236 1757 354 1790 Gau.
379 1758 520 1789 Prorsus.
564 1757 619 1788 So.
645 1756 717 1786 Non
735 1754 799 1786 enti
817 1754 943 1796 quidem
961 1765 997 1784 ex
1013 1754 1197 1785 necessitate
1214 1755 1419 1795 ignorantiam
1448 1757 1622 1795 tribuimus,
1637 1759 1705 1791 enti

233 1823 305 1843 vero
322 1813 545 1854 cognitionem.
592 1811 708 1843 Grau.
731 1809 832 1840 Recte
848 1809 1030 1840 admodum.
1075 1809 1132 1840 So.
1157 1808 1238 1850 Ergo
1254 1819 1357 1851 neque
1372 1820 1428 1841 ens
1443 1820 1546 1852 neque
1561 1822 1625 1843 non
1647 1824 1704 1844 ens

234 1867 392 1908 opinatur.
439 1867 555 1898 Gnu.
580 1866 631 1897 Sic
655 1870 713 1896 est.
759 1865 815 1895 So.
839 1864 944 1900 Quare
970 1874 1028 1894 nec
1053 1863 1230 1904 ignorantia
1254 1874 1356 1905 neque
1384 1864 1523 1905 cognitio
1550 1866 1609 1896 erit
1633 1867 1705 1908 opi·

231 1920 296 1950 nio.
342 1920 460 1951 GLAo.
486 1919 573 1955 Non,
603 1924 639 1949 ut
668 1919 799 1949 videtur.
843 1917 898 1948 So.
922 1916 1007 1947 Num
1039 1922 1125 1947 extra
1154 1917 1221 1948 haec
1251 1923 1351 1948 exstat
1379 1919 1617 1960 supergrediens
1653 1922 1704 1953 vel

231 1974 443 2015 cognitionem
475 1973 696 2015 perspicuitate
725 1972 773 2003 vel
803 1972 991 2002 obscuritate
1023 1971 1256 2013 ignorantiam?
1303 1971 1418 2003 Gran.
1442 1972 1597 2005 Neutrum
1627 1974 1703 2006 isto-

232 2038 309 2058 rum.
355 2027 411 2058 So.
433 2028 485 2057 An
510 2027 588 2057 forte
613 2027 668 2057 tibi
695 2026 816 2056 videtur
840 2026 948 2066 opinio
973 2025 1153 2066 cognitione
1180 2026 1351 2064 obscurior,
1367 2026 1542 2067 ignorantia
1567 2028 1703 2061 clarior?

232 2081 350 2112 Guu.
372 2081 521 2111 Maxime.
567 2080 623 2110 So.
648 2079 733 2110 Inter
762 2085 891 2120 utraque
922 2084 1025 2109 auteur
1050 2078 1166 2119 jacet?
1213 2079 1329 2111 GLAu.
1353 2079 1459 2111 Certe.
1503 2081 1560 2113 So.
1590 2082 1703 2114 Media

231 2145 305 2176 ergo
321 2135 447 2166 istorum
461 2134 519 2164 erit
530 2133 639 2175 opinio
654 2134 664 2162 ?
710 2133 824 2164 Gtiu.
849 2133 972 2164 Media.
1005 2133 1059 2164 So.
1077 2132 1128 2162 An
1143 2144 1203 2162 non
1214 2144 1306 2174 supra
1320 2133 1464 2170 diximus,
1478 2134 1591 2176 siquid
1607 2146 1705 2177 appa-

231 2194 311 2220 reret
327 2188 401 2228 tale,
417 2194 452 2219 ut
463 2187 552 2219 simul
566 2192 646 2218 essct
661 2192 693 2218 et
708 2198 770 2217 non
783 2191 876 2227 esset,
890 2187 966 2217 illud
983 2186 1062 2217 inter
1078 2197 1147 2217 vere
1174 2197 1229 2217 ens
1253 2192 1286 2217 et
1313 2187 1440 2217 omnino
1467 2199 1530 2218 non
1556 2199 1611 2219 ens
1635 2199 1703 2221 esse

230 2243 435 2283 ponendum?
452 2252 553 2283 neque
570 2241 731 2272 scientiam
748 2241 786 2271 ad
800 2241 874 2271 illud
890 2251 990 2281 neque
1005 2241 1209 2281 ignorantiam
1225 2240 1389 2281 pertinere,
1400 2241 1455 2272 sed
1466 2242 1550 2282 quod
1563 2243 1702 2274 medium

231 2296 311 2327 inter
327 2295 531 2337 ignorantiam
548 2306 650 2327 rursus
665 2300 814 2335 appareat
828 2300 860 2324 et
883 2294 1043 2325 scientiam
1059 2294 1070 2324 ?
1115 2294 1233 2324 GLAu.
1256 2294 1355 2325 Scite.
1401 2295 1458 2325 So.
1484 2294 1580 2326 Nunc
1596 2302 1702 2328 autem

231 2350 378 2391 apparuit
391 2349 526 2381 medium
539 2349 665 2379 istorum
682 2358 760 2384 esse,
776 2348 858 2388 quod
876 2347 1055 2388 opinionem
1074 2358 1230 2379 vocamus.
1256 2347 1370 2378 Gratu-
1395 2347 1507 2380 Plane.
1542 2349 1600 2380 So.
1615 2349 1703 2381 Illud

231 2404 338 2445 itaque
354 2403 455 2440 nobis,
472 2408 507 2433 ut
529 2402 668 2437 arbitror,
685 2406 778 2432 restat
802 2401 1037 2437 inveniendum,
1053 2402 1137 2442 quod
1167 2403 1328 2442 utriusque
1353 2401 1394 2432 sit
1420 2402 1589 2443 particeps,
1605 2402 1704 2445 ipsius

232 2468 300 2488 esse
327 2456 447 2488 scilicet
471 2461 502 2487 et
529 2467 591 2486 nun
618 2466 696 2491 esse,
722 2460 926 2495 neutrumque
951 2454 1075 2484 illorum
1103 2454 1220 2485 sincere
1248 2455 1310 2486 dici
1336 2455 1473 2487 debeat:
1499 2460 1535 2486 ut
1560 2457 1586 2487 si
1613 2457 1705 2488 nobis

233 2515 352 2552 pateat,
368 2510 525 2551 opinabile
548 2509 697 2551 quiddam
725 2509 832 2540 merito
858 2519 1084 2548 nuncupemus,
1109 2508 1251 2539 extremis
1274 2508 1402 2550 quidem
1426 2514 1576 2547 extrema,
1593 2510 1704 2541 mediis

231 2569 335 2595 autem
352 2564 453 2595 media
469 2563 651 2594 tribuentes.
674 2573 713 2593 an
729 2573 791 2594 non
808 2562 875 2593 ita?
921 2561 1036 2593 Grau.
1061 2562 1110 2593 Ita
1134 2573 1266 2606 prorsus.
1309 2562 1366 2602 So.
1390 2562 1449 2599 His
1463 2563 1509 2596 ita.
1532 2563 1704 2605 suppositis

232 2617 440 2659 percontabor
455 2628 539 2658 eum,
555 2617 606 2658 qui
636 2615 732 2659 [479]
762 2616 863 2658 ipsum
879 2616 1039 2657 pulchrum
1067 2624 1099 2647 et
1127 2616 1368 2657 pulchritudinis
1394 2616 1497 2649 ideam
1525 2626 1616 2648 uuam
1633 2627 1702 2648 esse

185 2705 187 2707 ,
233 2677 339 2712 negat,
358 2681 478 2712 semper
499 2671 609 2701 eodem
635 2671 729 2700 modo
754 2671 925 2701 secundnm
948 2670 1056 2701 eadem
1081 2681 1112 2701 se
1139 2671 1328 2702 habentem:
1354 2669 1451 2708 rnulta
1475 2680 1547 2700 vero
1573 2670 1703 2712 pulchra

232 2735 299 2756 esse
324 2724 424 2761 ducit,
440 2730 472 2754 et
497 2724 631 2765 pulchris
657 2725 747 2756 rebus
774 2724 953 2766 spectandis
974 2725 1099 2756 deditus
1127 2725 1213 2755 nullo
1242 2724 1335 2755 modo
1359 2723 1497 2754 admittit
1521 2734 1617 2761 unum
1634 2734 1702 2756 esse

234 2778 410 2820 pulchrum,
438 2788 533 2808 unum
556 2778 688 2818 justum,
715 2778 917 2820 similiterque
942 2778 982 2809 de
1009 2779 1141 2809 ceteris:
1167 2778 1384 2819 percontabor,
1401 2777 1541 2819 inquam,
1557 2778 1640 2809 hunc
1668 2777 1700 2809 in

236 2832 375 2868 niodum,
391 2831 487 2862 Estne
502 2831 619 2873 aliquid
635 2843 672 2862 cx
699 2832 782 2863 hisce
807 2832 911 2864 multis
931 2832 1078 2873 pulchris,
1095 2832 1139 2863 vir
1155 2832 1285 2873 optime,
1302 2831 1388 2873 quod
1413 2841 1476 2861 non
1502 2835 1591 2872 turpe
1604 2830 1700 2863 etiarn

236 2886 401 2918 videatur?
425 2885 560 2929 itemque
576 2897 613 2918 ex
634 2885 739 2927 justis,
756 2887 840 2930 quod
868 2897 931 2919 non
948 2885 1096 2927 injustum
1111 2887 1120 2916 ἓ
1144 2892 1175 2918 et
1191 2885 1317 2928 sanctis,
1331 2885 1416 2928 quod
1433 2895 1495 2917 non
1512 2883 1674 2927 profanum
1689 2884 1701 2914 ἓ
