1840 3225
167 268 245 305 498
712 265 972 305 EPISTOLA
1003 269 1075 307 XI.
1542 250 1637 317 [358

171 369 289 401 valeas.
311 368 394 411 quod
409 369 505 411 igitur
518 368 816 401 dulcissimumvitae
828 379 927 410 genus
952 371 1004 408 sit,
1020 381 1113 412 agere
1134 381 1201 408 sua,
1227 369 1398 413 praesertim
1424 368 1451 400 si
1476 367 1548 409 quis
1567 365 1646 398 talia

173 423 308 465 elegerit
322 423 478 461 facienda,
493 422 590 465 [358]
615 423 722 464 qualia
733 428 779 459 tu,
795 423 941 455 omnibus
958 424 1055 456 ferme
1077 430 1126 456 est
1146 425 1355 456 manifestum.
1379 422 1434 453 sed
1456 420 1539 452 illud
1563 430 1644 462 quo-

177 488 238 518 que
257 483 289 508 te
305 478 500 509 considerare
514 482 652 519 oportet,
674 477 794 508 nullum
809 483 949 508 nostrum
964 479 1022 509 sibi
1034 480 1095 510 soli
1111 484 1220 510 natum
1240 489 1326 510 esse:
1352 476 1409 508 sed
1437 480 1526 506 ortus
1551 473 1647 505 nostri

175 536 297 572 partem
312 531 372 562 sibi
390 533 526 574 pat-riam
540 532 719 567 vendicare,
750 538 871 573 partem
894 538 1055 574 parentes,
1081 538 1202 575 partem
1228 533 1363 564 amicos:
1390 530 1489 562 multa
1515 529 1645 569 insuper

175 594 232 625 pro
257 590 431 626 temporum
448 585 631 617 diversitate
644 586 737 617 nobis
756 586 917 624 accidere,·
927 588 1043 628 quibus
1057 593 1164 618 nostra
1179 587 1246 618 vita
1271 590 1426 627 occupata
1446 591 1506 615 est.
1527 591 1645 613 vocan-

177 643 211 668 te
227 639 323 679 igitur
333 644 365 670 te
379 639 484 680 patria
498 639 569 680 ipsa
583 639 622 670 ad
646 640 875 682 rempublicam
898 641 1134 681 gubernandam
1158 641 1327 672 absurdum
1351 639 1456 669 forsan
1483 641 1568 667 esset
1583 645 1647 666 non

178 700 285 732 parere
299 703 306 722 z
330 693 502 734 praesertim
517 703 589 724 cum
603 693 695 725 simul
711 694 844 730 accidat,
860 700 894 726 ut
910 695 1013 726 aditus
1035 696 1139 737 pravis
1157 695 1338 727 hominibus
1360 692 1569 732 relinquatur,
1594 687 1647 730 qui

179 746 267 777 nulla
281 746 393 789 ipsius,
418 748 504 788 quod
525 748 679 789 optimum
694 753 755 785 est,
772 749 890 779 ratione
907 749 1147 790 proficiscuntur
1163 750 1203 780 ad
1217 749 1357 790 publica.
1378 746 1419 777 de
1434 746 1482 776 his
1495 753 1570 785 ergo
1581 743 1648 785 jam

180 799 267 831 satis.
312 801 494 833 Echecratis
509 806 616 832 autem
631 812 740 834 curam
756 803 907 833 habemus
924 803 955 833 in
971 805 1148 844 praesentia,
1165 804 1411 842 habebimusque
1427 799 1460 830 in
1475 804 1648 841 posterum,

183 859 215 884 et
230 855 277 886 tui
289 856 390 894 gratia
399 861 432 886 et
445 856 543 897 patris
555 856 623 898 ejus
631 856 819 898 Phryuionis
834 863 867 887 et
881 863 1009 899 propter
1019 858 1124 899 ipsum
1137 858 1381 889 adolescentem.

884 1005 950 1055 X.

515 1117 662 1149 PLATO
686 1115 984 1148 ARISTODORO
1009 1116 1132 1148 BENE
1156 1116 1323 1148 AGERE.

187 1201 307 1234 Aunio
322 1207 352 1234 te
369 1208 441 1234 ante
457 1204 535 1235 alios
546 1210 576 1235 et
588 1213 673 1235 nunc
688 1203 874 1235 familiarem
887 1214 954 1234 esse
968 1203 1094 1239 Dionis,
1109 1208 1142 1233 et
1154 1213 1212 1244 per
1224 1213 1316 1234 omne
1327 1208 1454 1244 tempus
1465 1202 1653 1244 sapientiam

185 1266 303 1286 morum
330 1256 369 1287 ad
385 1257 613 1299 philosophiam
631 1258 843 1299 spectantium
857 1258 1000 1298 inprimis
1020 1258 1208 1289 exercuisse.
1229 1267 1304 1287 nam
1328 1257 1518 1293 firmitatem,
1544 1255 1653 1290 fidem,

184 1309 396 1341 sinceritatem
407 1321 515 1343 veram
527 1322 597 1343 esse
613 1312 842 1353 philosophiam
858 1312 1025 1343 existimo:
1051 1312 1129 1342 alias
1158 1322 1229 1342 vcro
1252 1317 1284 1342 et
1304 1313 1344 1342 ad
1368 1311 1432 1341 alia
1457 1303 1654 1341 declinantes

185 1363 335 1394 scientias
348 1369 381 1395 et
396 1364 574 1402 facultates,
590 1366 617 1396 si
632 1365 702 1406 quis
717 1370 900 1397 ornamenta
916 1365 1039 1403 dixerit,
1063 1371 1158 1403 recte,
1185 1371 1220 1397 ut
1231 1365 1370 1403 arbitror,
1387 1364 1573 1406 appellabit.
1595 1361 1653 1393 sed

188 1417 258 1448 vale
269 1417 338 1458 jam
354 1424 385 1449 et
399 1418 430 1449 in
445 1420 657 1461 praesentibus
673 1419 721 1450 his
737 1429 903 1461 persevera
916 1419 1061 1451 moribus.

876 1570 973 1620 XI.

514 1679 660 1711 PLATO
685 1680 994 1712 LAODAMANT1
1018 1680 1140 1711 BENE
1163 1679 1333 1712 AGERE.

188 1765 403 1799 Scmpsmus
417 1767 514 1798 etiam
529 1767 615 1807 prius
630 1766 669 1797 ad
682 1771 724 1803 te,
740 1767 856 1798 referre
872 1768 1006 1798 multum
1018 1767 1058 1798 ad
1073 1777 1121 1803 ea,
1137 1777 1207 1808 quae
1223 1767 1314 1802 dicis,
1328 1766 1444 1803 omnia,
1460 1770 1496 1796 ut
1510 1765 1656 1796 Athenas

187 1819 257 1860 ipse
273 1821 492 1861 proficiscaris.
515 1820 663 1861 quoniam
678 1831 752 1851 vero
766 1822 814 1852 ais
833 1827 863 1852 te
885 1822 995 1852 venire
1012 1832 1075 1853 nou
1088 1831 1190 1862 posse,
1207 1821 1346 1852 secundo
1361 1820 1396 1851 id
1418 1821 1489 1851 loco
1512 1819 1605 1861 foret,
1629 1818 1656 1848 si

187 1873 237 1904 vel
255 1885 313 1915 ego
323 1876 375 1906 'vel
388 1876 543 1910 Socrates,
564 1880 599 1905 ut
612 1885 669 1916 per
682 1880 752 1905 tuas
768 1875 889 1906 litteras
905 1876 1102 1916 significasti,
1130 1876 1212 1905 istuc
1237 1885 1296 1905 nos
1317 1874 1460 1905 conferre
1481 1882 1657 1915 possemus.

188 1937 298 1958 verum
327 1929 471 1959 Socrates
500 1929 626 1969 quidem
658 1929 716 1959 hoc
741 1934 886 1970 tempore
915 1930 1024 1960 morbo
1055 1929 1240 1970 strangurias
1270 1927 1452 1969 impeditur.
1475 1927 1552 1958 mihi
1580 1936 1656 1957 vero

189 1980 271 2012 istuc
283 1983 493 2023 proficiscenti
509 1982 647 2013 dedecus
663 1982 756 2018 foret,
772 1983 798 2013 si
813 1983 879 2019 illa,
893 1993 1025 2023 quorum
1042 1983 1141 2024 gratia
1159 1993 1210 2014 me
1235 1992 1339 2018 vocas,
1360 1991 1559 2023 nequaquam
1583 1990 1657 2022 per-

188 2034 374 2066 ficerentur:
401 2047 471 2077 quae
496 2035 624 2078 quidem
640 2037 747 2078 perfici
773 2047 867 2078 posse
895 2037 979 2068 haud
1007 2037 1174 2068 admodum
1200 2047 1301 2078 spero.
1325 2036 1354 2066 si
1382 2037 1452 2076 quis
1482 2040 1589 2066 autem
1619 2044 1657 2065 ea

191 2089 296 2119 omnia
312 2090 426 2120 referre
438 2090 650 2131 aggrediatur,
663 2101 795 2131 quorum
811 2090 851 2121 de
868 2101 963 2122 causa
978 2092 1021 2122 ita
1036 2091 1185 2127 diffidam,
1202 2091 1325 2130 prolixa
1336 2100 1417 2131 opus
1431 2089 1491 2120 erit
1511 2088 1658 2130 epistola.

188 2148 339 2184 praeterea
353 2154 410 2184 per
426 2150 553 2174 aetatem
574 2154 638 2174 non
658 2144 734 2174 satis
759 2155 890 2185 corpore
915 2147 1005 2176 valeo
1031 2146 1071 2176 ad
1098 2146 1156 2176 iter
1182 2143 1424 2180 conficiendum,
1452 2142 1656 2185 periculaque

190 2196 269 2226 mari
292 2202 436 2237 terraque
463 2197 618 2233 obeunda,
635 2198 742 2238 quaIIa
756 2200 814 2229 iter
829 2199 910 2229 solet
924 2199 1061 2239 objicere
1080 2210 1085 2228 :
1108 2199 1280 2240 praesertim
1296 2207 1372 2228 vero
1396 2207 1453 2239 pcr
1474 2196 1509 2228 id
1532 2202 1657 2238 tempus

189 2250 294 2280 omnia
308 2250 365 2280 iter
381 2251 547 2291 agentibus
563 2252 657 2292 plena
672 2252 821 2291 periculis
837 2257 921 2283 sunt.
946 2253 1107 2283 consulere
1124 2258 1230 2283 tamen
1247 2252 1304 2282 tibi
1319 2251 1500 2292 colonisque
1515 2260 1656 2292 possum,

190 2301 285 2344 [359]
309 2305 393 2345 quod
419 2315 502 2336 nunc
517 2315 565 2335 me
577 2305 733 2336 referente
750 2305 852 2347 inquit
868 2306 1042 2342 Hesiodus,
1058 2306 1159 2337 videri
1176 2305 1302 2348 quidem
1319 2305 1388 2336 leve
1401 2304 1550 2346 quiddam
1577 2313 1658 2339 esse,

189 2356 318 2387 difficile
331 2368 404 2389 vero
420 2358 609 2400 intelligere.
634 2369 707 2390 nam
721 2360 744 2389 si
763 2364 874 2400 putant
888 2360 994 2401 aliqui,
1018 2361 1123 2402 legum
1139 2359 1349 2401 quarumlibet
1367 2358 1521 2400 positione
1543 2358 1653 2390 civita-

186 2413 252 2441 tem
260 2410 340 2441 bene
357 2412 547 2453 quandoque
558 2414 709 2444 constitui
719 2423 823 2455 posse,
835 2414 896 2445 nisi
908 2415 949 2445 sit
957 2415 1069 2456 aliquis
1083 2425 1155 2446 cum
1167 2414 1355 2445 auctoritate
1365 2413 1536 2454 praesidens
1547 2412 1656 2442 civita-

189 2463 223 2499 ti,
241 2464 432 2505 quotidianae
456 2466 596 2497 omnium
607 2466 680 2498 vitae
696 2467 884 2504 moderator,
902 2469 982 2499 adeo
998 2474 1033 2500 ut
1047 2469 1087 2499 sit
1101 2473 1275 2510 temperata
1290 2473 1323 2498 et
1336 2467 1423 2498 fortis
1437 2472 1500 2498 tam
1511 2467 1546 2498 in
1560 2467 1659 2497 servis

189 2527 285 2558 quam
303 2519 333 2548 in
350 2519 464 2555 liberis,
480 2530 544 2551 non
560 2526 644 2551 recte
660 2526 784 2562 putant.
809 2523 951 2563 proinde,
974 2523 1003 2553 si
1015 2523 1078 2554 sint
1089 2522 1157 2564 jam
1171 2523 1256 2564 apud
1271 2531 1326 2552 vos
1342 2521 1397 2551 viri
1414 2521 1472 2552 liae
1501 2525 1657 2562 potestate

191 2569 290 2611 digni,
307 2571 339 2602 id
352 2572 452 2604 fieret.
475 2574 523 2604 sin
547 2579 653 2605 autem
669 2575 709 2605 ad
724 2575 922 2617 disciplinam
936 2587 1015 2618 opus
1032 2577 1072 2607 sit
1088 2577 1206 2618 aliquo,
1222 2585 1326 2617 neque
1342 2575 1396 2616 qui
1417 2575 1533 2605 doceat
1554 2584 1657 2615 neque

189 2624 242 2666 qui
258 2626 443 2663 doceantur,
457 2634 492 2658 ut
508 2628 632 2669 opinor,
645 2629 730 2670 apud
745 2640 800 2660 vos
816 2636 904 2660 sunt:
929 2631 1088 2671 reliquum
1103 2637 1152 2660 est
1170 2630 1257 2660 Deos
1271 2629 1403 2670 precari.
1417 2638 1492 2659 nam
1504 2628 1570 2658 sere
1585 2637 1656 2668 quae

191 2680 338 2710 antehoc
356 2685 480 2721 tempus
493 2681 621 2713 suerunt
635 2683 792 2718 civitates,
822 2684 866 2714 sic
888 2684 926 2714 ab
950 2684 1043 2715 initio
1065 2684 1243 2715 coustitutae
1263 2688 1346 2719 sunt,
1371 2692 1408 2714 ac
1436 2687 1551 2723 postea
1575 2681 1656 2711 bene

191 2733 334 2769 excultae,
352 2744 406 2775 pro
421 2735 636 2776 contingentia
648 2747 829 2776 magnarum
846 2749 955 2774 rerum,
972 2744 1038 2769 tum
1051 2738 1134 2768 bello
1149 2743 1215 2768 tum
1232 2747 1320 2778 pace,
1345 2737 1472 2778 quando
1495 2735 1528 2766 in
1548 2734 1656 2775 hujus-

191 2787 277 2818 modi
293 2788 483 2828 temporibus
505 2790 552 2819 vir
570 2790 669 2820 clarus
695 2797 727 2822 et
759 2791 871 2832 probus
894 2802 1038 2833 magnam
1066 2792 1199 2833 adeptus
1229 2790 1326 2821 fuerit
1349 2794 1549 2830 potestatem.
1573 2789 1658 2828 prius

192 2848 295 2871 autem
313 2841 381 2882 ipsa
395 2843 628 2883 promptissime
645 2854 750 2875 curare
767 2851 902 2886 oportet,
919 2851 1012 2887 atque
1028 2855 1157 2877 necesse
1174 2850 1221 2876 est
1235 2856 1241 2874 :
1266 2843 1463 2876 considerare
1479 2847 1585 2873 tamen
1608 2851 1657 2876 ea,

192 2895 300 2934 qualia
327 2895 418 2933 dico;
445 2906 547 2938 neque
568 2902 684 2928 temere
701 2899 840 2940 aggredi,
858 2900 946 2942 quasi
963 2901 1073 2932 lcviter
1088 2903 1296 2942 peragantur5
1319 2897 1457 2939 cogitare
1478 2905 1561 2934 vero»
1581 2894 1657 2936 qnid

193 2949 355 2980 commode
372 2949 438 2982 lieri
454 2951 566 2992 possit.
590 2951 658 2982 vale
673 2952 756 2983 felix.
