1840 3225
146 194 242 246 811]
582 194 655 233 DE
684 193 911 232 LEGIBUS
943 194 1041 234 LIB.
1071 194 1160 233 VlI.
1517 191 1593 230 375

141 301 206 327 tum
222 302 271 328 est
284 309 290 327 :
309 308 378 339 quae
394 298 552 340 eligenda,
568 297 760 340 corrigenda,
775 297 951 328 dedicanda
965 298 1014 328 sit.
1031 297 1070 327 de
1081 299 1204 339 scriptis
1219 303 1324 329 autem
1337 295 1475 328 oratione
1492 296 1592 326 soluta

140 350 280 382 nondum
298 351 440 388 diximus,
457 362 600 393 quaenam
613 353 719 383 horum
735 357 766 382 et
777 362 840 392 quo
853 351 975 388 ordine,
989 362 1006 381 ο
1025 352 1142 392 optime
1166 352 1305 392 pueritiae
1324 351 1436 390 cultor,
1458 349 1591 381 alumnis

141 405 203 435 tuis
224 405 376 436 tradenda
398 406 480 436 sint:
504 406 644 447 quamvis
668 416 736 447 quae
764 405 799 435 in
820 415 853 435 re
876 405 991 435 bellica
1007 404 1156 435 discenda
1172 405 1404 446 exercendaque
1419 404 1493 445 ipsis
1508 407 1593 444 sunt,

135 457 204 498 jam
231 459 357 490 habeas.
379 460 495 490 etenim
524 459 609 500 quod
638 459 843 500 percipienda
871 459 944 493 sint,
974 469 1043 499 quae
1075 458 1115 488 ad
1145 458 1248 489 literas
1273 459 1430 499 pertinent
1445 457 1592 499 primum,

139 511 254 543 deinde
269 523 339 554 quae
365 513 406 544 ad
435 513 544 555 lyrani,
559 524 578 544 a
594 514 770 553 legislatore
799 512 920 543 dictum
936 518 1001 543 est:
1026 517 1178 553 praeterea
1193 522 1262 552 quae
1275 511 1315 541 ad
1330 511 1592 552 computationem

141 576 341 597 numerorum
355 572 510 608 spectant,
522 567 635 606 quibus
645 577 724 608 opus
739 577 806 597 esse
820 566 952 597 diximus
966 578 972 595 ε
998 571 1030 596 et
1052 566 1178 596 omnino
1201 575 1394 606 quaecunque
1417 565 1455 594 ad
1475 565 1592 594 bellum

140 630 176 650 ae
192 629 254 650 rem
269 620 452 650 familiarem
466 620 682 660 publicamque
699 621 889 650 conducunt.
910 620 985 649 item
1003 630 1070 660 quae
1085 619 1125 649 ad
1141 618 1326 653 divinorum,
1343 623 1502 654 astrorum,
1519 618 1593 648 solis

142 674 284 715 lunaeque
298 673 460 704 circuitum
474 674 713 715 perquirendum
728 685 734 702 :
758 679 794 703 ut
814 673 960 703 universa
983 673 1093 703 civitas
1108 683 1170 702 non
1185 673 1306 713 ignoret
1319 671 1458 702 ordinem
1474 671 1591 702 dierum

142 728 176 758 in
198 737 334 759 mensem
357 728 573 768 mensiumque
600 727 632 757 in
649 737 780 757 annum:
806 732 900 768 atque
917 727 960 756 ita
975 732 1127 767 tempora,
1144 727 1370 762 solemnitates,
1385 726 1547 762 sacrificia,
1560 731 1594 756 ut

139 781 241 818 decet,
268 780 419 821 disposita
438 781 571 812 naturali
599 780 732 822 quodam
747 781 843 811 ductu
857 781 956 810 vivam
971 781 1128 811 civitatem
1147 780 1387 821 vigilantemque
1403 779 1546 815 reddant,
1561 785 1593 810 et

141 835 212 866 Diis
238 835 388 865 honorem
414 835 550 865 tribuant
575 839 608 865 et
634 835 774 865 homines
802 834 842 865 ad
866 835 932 865 haec
956 835 1172 876 prudentiores
1193 834 1338 864 efficiant.
1352 835 1418 864 haec
1430 834 1488 863 tibi
1504 834 1560 870 sic,
1573 843 1592 864 ο

141 889 252 924 amice,
275 898 294 919 a
319 889 494 930 legislatore
522 889 708 919 sufficienter
731 889 878 919 distincta
893 895 964 919 sunt
980 901 985 918 :
1011 889 1078 923 sed,
1094 898 1163 929 quae
1175 893 1356 928 sequuntur,
1372 887 1594 918 animadverte.

139 952 213 972 nam
228 943 268 972 de
284 943 383 972 literis
396 943 537 973 nondum
551 944 626 973 satis
641 943 820 974 distinctum
836 943 931 973 fuisse
947 942 1079 973 diximus
1092 954 1097 971 :
1123 943 1281 983 quoniam,
1304 949 1455 983 quatenus
1476 941 1524 972 his
1538 952 1593 972 va·

141 997 278 1026 candum
297 996 349 1032 sit,
363 1007 425 1027 non
432 1002 480 1027 est
491 997 699 1028 declaratum:
716 1004 820 1027 utrum
831 997 980 1027 videlicet
991 1002 1098 1027 exacte
1112 1006 1164 1026 eas
1175 997 1438 1037 comprehendere
1447 996 1592 1031 debeant,

141 1050 195 1090 qui
221 1049 392 1080 mediocres
414 1051 506 1081 futuri
532 1058 605 1081 sunt
630 1052 713 1081 cives
728 1061 736 1088 3
760 1061 799 1081 an
827 1051 902 1081 nihil
928 1051 1064 1081 omnino.
1089 1051 1231 1080 similiter
1256 1060 1378 1091 quoque
1405 1049 1444 1080 de
1460 1050 1535 1091 lyra.
1550 1049 1591 1080 ad

138 1103 245 1134 literas
257 1113 330 1144 ergo
343 1103 501 1135 decennes
514 1106 601 1146 pueri
614 1105 858 1146 proficiscantur,
868 1105 1065 1145 triennioque
1078 1105 1232 1134 insistant.
1246 1109 1278 1134 et
1290 1105 1344 1145 qui
1360 1109 1422 1134 tres
1433 1114 1469 1134 ac
1482 1104 1593 1134 decem

142 1163 275 1199 egerunt
290 1168 399 1196 annos,
413 1159 489 1200 lyrae
505 1160 644 1189 similiter
655 1164 716 1189 tres
733 1170 830 1189 annos
843 1159 1036 1189 incumbant.
1067 1158 1163 1206 [810]
1182 1169 1239 1188 nec
1255 1159 1349 1189 liceat
1363 1164 1416 1189 aut
1430 1159 1510 1199 patri
1523 1159 1594 1199 plus

140 1211 189 1242 vel
213 1212 313 1242 minus
334 1213 368 1242 in
390 1214 439 1242 his
461 1213 571 1243 liberos
592 1213 753 1252 detinere3
776 1220 829 1243 aut
851 1213 968 1249 liberis,
992 1214 1055 1243 sive
1082 1212 1176 1243 taedio
1191 1212 1310 1243 affectis
1324 1213 1399 1242 citra
1414 1212 1445 1242 id
1461 1218 1595 1253 tempus,

139 1267 204 1296 sive
232 1265 385 1297 desiderio
401 1268 567 1308 compulsis
582 1268 671 1303 ultra,
687 1269 734 1298 his
749 1268 849 1303 rebus,
863 1273 1039 1307 contempta
1052 1267 1133 1307 lege,
1148 1276 1269 1297 vacare.
1294 1266 1319 1296 si
1341 1267 1409 1307 quis
1423 1277 1486 1297 non
1501 1277 1594 1307 paru-

142 1321 213 1356 erit,
232 1321 372 1355 honores,
389 1322 443 1362 qui
458 1321 622 1362 disciplina
637 1322 774 1362 praeditis
787 1321 910 1357 dantur,
926 1331 1001 1361 quos
1014 1326 1124 1360 postea
1136 1321 1338 1356 narrabimus,
1350 1331 1413 1350 non
1423 1330 1593 1361 consequa-

141 1380 201 1404 tur.
225 1375 280 1404 sed
305 1375 380 1415 quid
403 1375 437 1405 in
464 1376 511 1406 his
535 1376 623 1406 annis
640 1375 751 1406 docere
774 1376 909 1416 magistri
922 1374 1199 1415 adolescentesque
1215 1374 1335 1404 discere
1351 1374 1494 1409 debeant,
1510 1374 1594 1404 audi.

140 1428 256 1469 literas,
272 1427 373 1458 donec
389 1428 491 1469 legere
508 1430 701 1471 scribereque
716 1430 848 1471 possint,
865 1428 1052 1470 perdiscant.
1069 1429 1216 1459 velociter
1230 1433 1332 1458 autem
1348 1433 1401 1458 aut
1412 1429 1594 1469 perpulchre

140 1481 259 1511 saciant
274 1492 383 1518 necne,
400 1483 461 1512 nisi
475 1488 586 1513 natura
600 1484 633 1514 in
649 1484 708 1514 hoc
722 1484 870 1524 temporis
885 1483 985 1523 spatio
997 1483 1124 1523 juverit,
1140 1493 1200 1512 non
1220 1486 1267 1512 est
1282 1482 1461 1512 curandum.
1485 1492 1595 1511 monu-

143 1540 250 1565 menta
274 1546 347 1566 vero
375 1539 546 1577 poetarum,
576 1537 608 1567 in
631 1538 743 1578 quibus
768 1538 835 1579 lyra
848 1547 910 1568 non
926 1541 1064 1571 utuntur,
1079 1536 1193 1577 partim
1207 1536 1334 1566 metrice
1350 1535 1465 1576 scripta
1479 1535 1593 1576 partim

143 1589 211 1619 sine
237 1594 350 1628 metro,
367 1600 435 1630 quae
452 1591 579 1631 quidem
593 1593 736 1633 rhythmo
753 1591 973 1632 harmoniaque
990 1591 1128 1622 carentia
1140 1590 1265 1621 fallacia
1277 1590 1392 1631 scripta
1405 1596 1488 1625 sunt,
1503 1589 1595 1619 nobis

145 1652 164 1672 a
177 1643 340 1673 nonnullis
355 1643 531 1684 hujusmodi
545 1645 721 1675 hominibus
734 1645 859 1681 tradita,
872 1655 934 1685 qua
947 1646 1063 1675 ratione
1078 1645 1146 1675 usui
1162 1644 1286 1680 dabitis,
1298 1654 1316 1674 o
1331 1644 1471 1674 omnium
1484 1643 1595 1684 optimi

144 1697 290 1726 custodes
317 1697 444 1738 legum?
472 1699 576 1739 logum
602 1709 725 1739 quoque
741 1700 882 1735 latorem,
900 1700 1025 1740 qualem
1041 1699 1166 1729 istorum
1182 1708 1270 1728 usum
1283 1697 1369 1728 vobis
1382 1702 1467 1727 recte
1482 1697 1595 1732 tradat,

145 1750 356 1780 dubitaturum
385 1753 524 1783 arbitror.
569 1752 645 1783 Cu.
671 1753 769 1794 Quid,
796 1754 919 1794 hospes,
936 1758 1042 1783 tecum
1056 1753 1099 1782 ita
1114 1751 1287 1782 dubitasti?
1333 1751 1470 1781 Arnim.
1492 1749 1595 1780 Recte

145 1809 188 1839 tu,
219 1804 340 1836 Clinia:
364 1806 421 1836 sed
450 1808 488 1836 ad
517 1817 582 1842 vos,
609 1807 663 1848 qui
694 1807 733 1837 de
749 1808 872 1847 legibus
884 1806 1091 1837 communiter
1106 1816 1227 1836 mecum
1239 1804 1452 1840 consideratis,
1466 1814 1596 1834 necesse

144 1863 202 1893 est,
220 1864 266 1894 ut,
282 1865 315 1889 et
330 1870 398 1900 quae
415 1866 499 1890 certa
512 1866 545 1890 et
560 1871 628 1901 quae
646 1861 739 1891 dubia
754 1862 832 1891 mihi
847 1861 1004 1896 videntur,
1020 1860 1168 1899 apen'am.
1212 1859 1288 1890 Cm.
1311 1858 1395 1894 Quid
1409 1868 1481 1898 ergo
1493 1858 1532 1887 de
1548 1858 1597 1887 his

145 1911 238 1942 modo
252 1912 330 1943 dicis
347 1913 358 1942 ?
381 1914 459 1954 quid
473 1923 505 1944 te
522 1915 618 1945 movit
632 1915 642 1944 ?
687 1914 824 1945 Arnim.
849 1915 966 1945 Dicam
979 1913 1136 1954 equidem.
1160 1912 1298 1953 profecto
1311 1911 1482 1941 innumeris
1496 1912 1596 1941 homi-

146 1965 235 1996 nibus
262 1977 326 1996 non
353 1972 400 1997 est
424 1968 515 1998 facile
544 1968 766 1999 contradicere.
811 1969 886 2000 CLr.
910 1966 1063 2008 Nunquid
1079 1977 1174 2007 parva
1189 1971 1221 1996 et
1237 1976 1335 2006 pauca
1348 1965 1387 1995 de
1403 1965 1522 2005 legibus
1531 1965 1596 2006 jam

146 2018 231 2049 dicta
260 2025 350 2060 putas
374 2021 478 2050 multis
507 2022 658 2052 contraria
673 2023 683 2051 ?
729 2022 868 2052 Arnen.
901 2021 984 2052 Vere
1015 2031 1137 2062 prorsus
1162 2020 1196 2051 id
1218 2020 1307 2050 dicis.
1323 2019 1433 2060 jubere
1461 2029 1596 2060 namque

148 2071 272 2108 videris,
292 2079 337 2110 ut,
365 2075 506 2114 quamvis
520 2075 626 2105 multis
648 2076 705 2106 hoc
720 2076 778 2106 iter
792 2076 922 2106 arduum
936 2075 1136 2115 odiosumque
1151 2075 1202 2110 sit,
1218 2083 1366 2115 peragam
1380 2079 1484 2103 tamen
1499 2073 1595 2104 confi-

147 2125 267 2163 denter,
292 2137 410 2168 perque
432 2129 536 2169 legum
550 2130 703 2164 semitam,
720 2130 924 2170 praesentibus
939 2129 1132 2160 sermonibus
1145 2128 1343 2169 patefactam,
1359 2127 1457 2157 nihilo
1469 2131 1596 2167 praeter—

147 2179 241 2211 misso
269 2181 469 2222 progrediar:
495 2193 562 2213 cuin
593 2183 651 2213 iter
677 2183 854 2225 hujusmodi
879 2184 983 2214 forsan
1001 2194 1061 2213 non
1076 2182 1283 2223 paucioribus,
1299 2186 1331 2211 et
1347 2181 1373 2210 si
1387 2181 1596 2221 paucioribus,

147 2244 211 2264 uon
235 2235 435 2266 deterioribus
460 2237 594 2277 placeat.
639 2236 715 2268 Cm.
741 2237 845 2268 Certe.
889 2236 1026 2267 Arnim.
1049 2236 1138 2267 Nihil
1150 2236 1247 2276 igitur
1261 2235 1502 2275 praetermittam.
1525 2235 1596 2265 dico

147 2287 290 2328 equidem
314 2289 426 2330 poetas
447 2291 563 2320 multos
585 2292 766 2321 hexametro
791 2292 938 2326 carmine,
965 2291 1078 2321 multos
1109 2291 1246 2320 trimetro
1273 2288 1405 2329 aliisque
1431 2287 1597 2328 generibus

148 2347 315 2372 metrorum
339 2343 497 2383 scripsisse
513 2356 520 2372 2
545 2354 581 2375 ac
609 2345 687 2375 alios
716 2346 806 2381 seria,
836 2345 911 2375 alios
935 2345 1043 2387 jocosa
1068 2345 1163 2374 fuisse
1187 2342 1377 2383 complexos.
1399 2352 1468 2382 quae
1484 2346 1597 2372 cuncta

148 2394 238 2424 multi
250 2394 407 2425 facultatis
419 2396 598 2437 hujusmodi
613 2398 802 2438 professores
817 2404 959 2428 asserunt
969 2404 1050 2428 recte
1061 2396 1406 2437 educandisjuvenibus
1418 2394 1601 2426 ediscenda.

149 2454 182 2477 nt
205 2459 240 2478 ex
266 2449 417 2479 variorum
441 2450 601 2490 poetarum
626 2453 737 2492 peritia
752 2452 878 2483 facundi
892 2454 1072 2483 reddantur.
1097 2451 1192 2492 [811]
1218 2450 1270 2480 alii
1285 2449 1389 2489 capita
1403 2448 1546 2489 quaedam
1558 2460 1595 2479 ex

145 2503 288 2532 omnibus
302 2503 403 2533 electa
416 2510 446 2534 et
460 2505 494 2533 in
510 2503 593 2534 idem
606 2505 762 2536 conducta
780 2507 939 2537 memoriae
955 2504 1203 2537 commendanda
1218 2502 1414 2533 contendunt
1427 2514 1432 2531 :
1458 2502 1484 2532 si
1500 2501 1596 2533 modo

145 2556 216 2596 quis
230 2562 370 2587 nostrum
385 2567 425 2588 ex
440 2558 608 2588 multorum
624 2559 734 2599 peritia
748 2565 842 2601 atque
857 2561 967 2590 notitia
982 2560 1096 2601 probus
1111 2559 1158 2588 vir
1173 2564 1203 2588 et
1217 2556 1343 2596 sapiens
1355 2560 1403 2585 est
1413 2555 1544 2586 futurus.
1562 2561 1596 2586 tu

148 2619 230 2645 vero,
247 2610 323 2651 quid
339 2610 376 2641 ab
393 2611 438 2641 his
452 2617 536 2642 recte
555 2611 685 2648 dicatur,
699 2613 776 2653 quid
790 2619 908 2649 contra,
923 2614 1019 2643 libere
1036 2624 1054 2643 a
1067 2623 1116 2643 me
1127 2622 1209 2642 nunc
1223 2609 1470 2650 explicarijubes
1484 2609 1494 2638 ἓ
1519 2608 1596 2640 Cu.

148 2662 267 2699 Quidni
285 2664 295 2693 ?
342 2665 477 2695 Aruns.
501 2665 568 2706 Ego
584 2666 678 2706 igitur
692 2667 765 2707 quid
784 2668 942 2707 potissime
960 2669 999 2697 de
1016 2668 1062 2697 liis
1075 2665 1217 2697 omnibus
1231 2674 1291 2694 uno
1305 2663 1397 2694 verbo
1407 2663 1596 2694 sufficienter

147 2716 249 2747 dicam
265 2717 275 2748 ?
300 2719 357 2749 hoc
383 2718 528 2759 equidem
557 2719 698 2758 arbitror,
722 2721 804 2762 quod
831 2721 907 2751 mihi
920 2721 958 2751 ab
970 2721 1113 2751 omnibus
1128 2718 1326 2753 concedetur,
1341 2717 1448 2747 Multa
1462 2726 1480 2747 a
1494 2716 1597 2758 poetis

145 2769 253 2810 probe,
278 2773 374 2802 multa
388 2773 483 2803 etiam
494 2778 603 2804 contra
614 2783 682 2803 esse
699 2773 794 2803 dieta.
817 2775 899 2814 quod
917 2775 941 2804 si
959 2775 1004 2804 ita
1019 2785 1050 2805 se
1066 2772 1351 2809 liabenmultorum
1359 2770 1596 2801 ediscendorum

148 2822 285 2854 studium
296 2824 464 2866 juvenibus
476 2827 683 2867 periculosum
697 2837 766 2858 esse
783 2837 896 2858 assero.
941 2827 1015 2858 Cri.
1041 2826 1205 2864 Quomodo
1227 2836 1310 2866 erge,
1337 2830 1369 2855 et
1386 2824 1459 2866 quid
1475 2822 1596 2854 custodi

151 2876 254 2917 legum
283 2879 424 2921 praecipis
438 2881 449 2909 ?
494 2881 629 2912 Aruns.
654 2882 725 2918 Qua
751 2881 790 2911 de
818 2892 849 2911 re
876 2881 975 2912 dicis?
1023 2881 1097 2912 em.
1121 2883 1264 2918 Quonam
1294 2878 1352 2909 sibi
1366 2875 1595 2919 respiciendum
