1840 3225
200 200 297 249 990]
805 201 1092 241 EPINOMlS.
1597 207 1679 243 4:39

199 303 368 343 ignoraret,
385 306 412 336 si
429 305 611 347 potentibus
628 304 749 336 discere
765 304 920 336 invideret
948 306 1047 346 magis
1077 317 1170 348 quam
1202 310 1421 348 gratularetur,
1439 311 1523 351 quod
1546 317 1675 352 propter

200 356 306 390 Deum
332 358 406 390 boni
433 359 619 392 efficiantur.
643 359 783 402 profecto
810 358 979 390 verisimile
1006 367 1064 395 est,
1092 363 1219 402 quando
1234 363 1370 404 primum
1387 365 1528 395 homines
1546 364 1584 395 de
1601 364 1676 395 Diis

197 412 338 454 cogitare
354 420 526 456 coeperunt,
539 414 623 456 quod
640 418 747 445 essent
761 418 795 444 et
805 413 915 455 quales
927 412 1043 455 quidve
1054 421 1183 456 agerent
1197 426 1206 454 ;
1231 427 1295 448 non
1308 424 1342 448 ut
1355 418 1524 460 prudentes
1534 419 1674 461 quidem,

197 475 257 496 nec
287 471 323 497 ut
345 468 478 498 secundi
495 466 705 508 judicavisse,
727 467 784 509 qui
805 466 1028 510 antiquissima
1053 478 1122 500 esse
1137 475 1328 510 putaverunt
1342 472 1451 513 ignem
1466 478 1497 504 et
1515 483 1626 514 aquarn
1642 479 1676 504 et

197 525 306 551 cetera.
330 531 471 562 corpora,
500 521 675 552 mirabilem
700 526 808 552 autem
834 520 970 552 animam
986 523 1202 563 posteriorem.
1226 525 1309 555 unde
1337 532 1369 555 et
1397 526 1537 566 corporis
1550 532 1670 558 motum

195 574 409 615 potentiorem
424 574 747 616 honorabilioremque
766 574 934 607 ducebant.
960 586 1073 617 ncmpe
1088 587 1122 607 se
1139 577 1239 618 ipsum
1253 579 1355 609 calore
1370 584 1402 609 et
1418 580 1530 621 frigore
1544 582 1674 611 ceteris-

194 637 258 668 que
273 627 453 669 hujusmodi
467 629 583 670 agitare
600 640 607 658 ε
629 628 765 660 animam
792 639 868 660 vero
894 640 1000 671 neque
1015 641 1129 672 corpus
1144 642 1248 672 neque
1262 643 1295 663 se
1312 633 1413 674 ipsam
1429 644 1566 665 movere.
1589 645 1673 666 nunc

195 691 270 713 vero
286 693 360 713 cum
374 682 527 720 dicamus,
544 683 571 714 si
586 683 690 714 anima
706 683 827 725 corpori
843 683 936 720 adsit,
953 684 1032 715 nihil
1049 684 1162 716 mirum
1184 697 1266 723 esse,
1283 693 1319 718 ut
1332 693 1365 718 et
1381 698 1413 718 se
1430 688 1532 730 ipsam
1549 698 1674 720 moveat

194 741 229 767 et
253 745 366 777 corpus
391 736 610 768 circumferat:
636 737 770 769 dubium
797 738 889 769 nobis
915 739 1036 770 nullum
1060 746 1121 776 est,
1138 740 1212 781 quin
1230 743 1355 783 pondus
1371 743 1409 773 ab
1425 753 1463 774 ea
1480 743 1673 775 circumferri

195 790 302 831 possit.
321 799 395 821 cum
421 796 529 823 autem
552 791 693 823 universi
724 801 820 823 causa
841 792 946 824 anima
961 793 1012 829 sit,
1037 799 1067 824 et
1084 804 1187 825 rerum
1203 795 1273 826 aliae
1289 796 1379 827 bonae
1395 797 1471 833 sint,
1487 797 1556 828 aliae
1571 798 1676 835 malae,

192 843 319 875 lationis
346 845 478 885 quidem
504 845 607 876 omnis
631 851 796 887 motusque
821 857 947 878 causam
976 848 1113 878 animam
1135 859 1204 879 esse
1230 848 1399 881 dicendum
1415 862 1422 880 ε
1448 852 1503 882 sed
1520 851 1672 883 lationem

196 907 376 940 morumque
406 899 447 930 ad
476 899 593 931 bonum
622 901 661 931 ab
691 901 811 942 optima
837 900 942 931 anima
972 901 1150 943 proficisci3
1189 908 1312 934 motum
1339 915 1414 935 vero
1445 905 1484 936 ad
1517 906 1674 937 contraria

193 953 396 985 contrarium.
418 954 503 986 mala
517 959 619 986 autem
636 965 655 986 a
670 954 761 985 bonis
777 954 860 985 victa
875 965 943 986 esse
962 955 1107 997 vincique
1129 962 1267 998 oportet.
1290 959 1357 990 haec
1380 959 1472 989 nobis
1495 959 1671 991 secundum

187 1006 360 1050 judicium,
383 1008 503 1050 impios
527 1009 674 1050 puniens,
704 1010 789 1040 dicta
815 1014 889 1040 sunt
913 1009 1028 1040 omnia.
1053 1016 1207 1050 quantum
1238 1022 1311 1043 vero
1338 1013 1452 1043 attinet
1469 1013 1569 1050 adid,
1586 1014 1672 1055 quod

194 1061 290 1093 modo
305 1063 466 1103 probatur,
483 1063 690 1094 dubitandum
706 1072 770 1093 non
786 1067 844 1098 est,
864 1062 940 1103 quin
968 1064 1067 1094 bonus
1089 1064 1136 1094 vir
1160 1065 1288 1106 sapiens
1311 1067 1351 1097 sit
1378 1066 1546 1098 dicendus.
1572 1067 1672 1110 [989]

191 1116 245 1147 sed
258 1115 435 1153 videamus,
451 1117 594 1157 nunquid
614 1117 695 1147 hanc
712 1116 913 1158 sapientiam,
940 1127 1036 1158 quam
1057 1117 1182 1158 jamdiu
1198 1120 1379 1160 quaerimus,
1396 1131 1452 1162 per
1467 1122 1672 1163 disciplinam

190 1170 242 1201 vel
259 1175 359 1201 artem
370 1170 507 1212 aliquam
525 1180 728 1212 assequamur
743 1183 749 1201 :
775 1170 861 1212 quod
879 1171 903 1202 si
919 1172 1179 1212 ignoraverimus,
1196 1179 1342 1214 expertes
1357 1175 1524 1217 ignarique
1537 1175 1671 1216 justitiae

190 1223 288 1255 futuri
311 1225 418 1255 simus.
441 1224 486 1255 ita
512 1224 656 1266 profecto
681 1225 760 1256 mihi
784 1226 929 1256 videtur:
955 1235 1051 1266 quare
1068 1227 1241 1258 dicendum
1257 1233 1317 1259 est.
1340 1230 1424 1270 quod
1442 1229 1536 1270 igitur
1551 1241 1671 1262 sursum

191 1277 402 1321 deorsumque
429 1278 652 1320 investigando
680 1279 834 1319 cognovi:
860 1280 1001 1310 oratione
1026 1280 1116 1311 vobis
1130 1282 1254 1322 aperire
1277 1284 1424 1314 conabor.
1446 1294 1521 1314 nam
1536 1284 1673 1317 maxima.

191 1333 293 1364 virtus
307 1334 457 1374 neglecta.
470 1333 660 1374 ignorantiae
676 1344 771 1364 causa
786 1333 856 1370 fuit,
873 1339 908 1364 ut
921 1333 1075 1375 praedicta
1099 1336 1190 1366 nobis
1217 1337 1395 1378 significare
1421 1337 1578 1369 videntur.
1605 1349 1671 1370 ma-

186 1386 290 1427 jorem
318 1397 391 1418 vero
419 1387 569 1418 virtutem
594 1388 747 1428 religione
777 1388 962 1430 pietateque
989 1389 1024 1419 in
1054 1388 1162 1420 Deum
1186 1390 1309 1421 nullam
1333 1391 1366 1421 in
1393 1392 1531 1422 humano
1555 1402 1672 1433 genere

188 1441 324 1472 inveniri
349 1441 517 1483 quisquam
542 1441 599 1472 sibi
626 1441 830 1483 persuadeat.
854 1441 887 1472 id
917 1452 954 1472 ex
980 1443 1114 1474 maxima
1139 1443 1317 1484 ignorantia
1341 1445 1374 1476 in
1397 1446 1522 1487 optimis
1550 1446 1673 1477 naturis

189 1494 309 1526 factum
324 1505 387 1526 non
405 1500 464 1527 est.
487 1496 614 1537 optimae
631 1500 737 1526 autem
753 1501 872 1527 naturae
884 1501 971 1533 sunt,
987 1507 1057 1538 quae
1072 1497 1227 1528 rarissime
1240 1499 1449 1540 repedantur,
1461 1505 1492 1531 et
1504 1501 1528 1530 si
1542 1500 1671 1542 quando

187 1550 395 1591 reperiantur,
408 1550 541 1581 maxime
556 1555 700 1592 prosunt.
723 1551 849 1581 animus
870 1555 954 1582 certe
971 1552 1073 1582 facilis
1090 1551 1145 1582 ille
1158 1557 1217 1588 est,
1232 1553 1288 1594 qui
1305 1553 1426 1584 tardam
1441 1555 1671 1587 contrariamve

189 1608 334 1635 naturam
347 1609 514 1635 mansuete
528 1609 561 1635 et
576 1603 775 1635 mediocriter
791 1604 946 1646 possidet,
958 1605 1175 1636 fortitudinem
1190 1607 1370 1644 admiratur,
1381 1613 1414 1638 et
1427 1609 1669 1650 temperantiam

189 1657 304 1699 diligit,
320 1663 363 1695 et,
379 1657 469 1700 quod
483 1659 653 1689 maximum
671 1658 762 1689 estin
777 1659 825 1689 his
839 1659 970 1697 naturis,
985 1660 1024 1690 ad
1042 1660 1230 1692 discendum
1246 1667 1411 1703 promptus
1427 1668 1476 1693 est
1488 1672 1525 1694 ac
1537 1673 1670 1701 memor,

187 1716 221 1742 et
247 1711 427 1753 hujusmodi
447 1713 544 1744 rebus
569 1711 701 1743 maxime
728 1712 916 1750 delectatur,
942 1713 1086 1745 discendi
1114 1714 1221 1746 studio
1245 1715 1382 1746 deditus.
1404 1717 1471 1747 haec
1488 1717 1596 1757 utique
1610 1728 1670 1749 nec

187 1765 282 1797 facile
297 1766 518 1803 innascuntur,
535 1772 568 1797 et
583 1777 655 1799 cum
677 1767 786 1798 innata
808 1767 939 1804 fuerint,
956 1768 981 1798 si
998 1769 1218 1800 educationem
1234 1769 1502 1812 disciplinamque
1519 1771 1669 1804 idoneam

188 1827 433 1861 consequantur,
459 1821 614 1863 plurimos
638 1821 802 1853 inferiores
816 1822 863 1853 ita
878 1822 1033 1854 moderari
1047 1828 1078 1854 et
1094 1824 1257 1854 continere
1273 1830 1421 1865 possunt,
1437 1831 1474 1856 ut
1485 1825 1670 1867 cogitando,

187 1873 347 1916 loquendo
363 1879 457 1917 atque
473 1876 599 1916 agendo
613 1876 738 1917 singula
752 1887 827 1917 erga
842 1876 947 1912 Deos,
960 1882 994 1908 ut
1009 1883 1137 1918 oportet
1151 1884 1184 1909 et
1197 1878 1324 1919 quando
1347 1884 1482 1920 oportet,
1499 1880 1532 1911 in
1550 1881 1670 1912 sacrifi·

186 1928 244 1960 ciis
257 1928 594 1971 purificationibusque
609 1940 728 1966 eorum,
747 1940 817 1971 quae
832 1931 867 1962 in
882 1930 974 1962 Deos
989 1937 1021 1962 et
1037 1933 1181 1965 homines
1196 1933 1280 1964 facta
1292 1938 1377 1969 sunt,
1389 1944 1452 1964 non
1464 1934 1669 1966 simulatione

187 1983 244 2014 sed
259 1983 402 2020 veritate,
420 1983 569 2015 virtutem
585 1985 718 2016 maxime
734 1985 841 2016 colant
855 1997 861 2014 :
887 1985 973 2026 quod
997 1986 1119 2017 civitati
1135 1987 1277 2018 omnium
1293 1988 1492 2018 utilissimum
1509 1993 1567 2019 est.
1583 1989 1664 2021 hanc

186 2036 281 2078 igitur
306 2042 427 2079 partem
453 2044 566 2069 natura
588 2039 890 2080 principalissimam
917 2049 987 2070 esse
1014 2041 1197 2077 asserimus,
1219 2051 1374 2082 posseque
1409 2052 1505 2083 quam
1529 2042 1666 2074 maxime

186 2095 282 2132 atque
294 2092 427 2132 optime,
443 2092 471 2123 si
485 2093 555 2133 quis
571 2092 696 2129 doceat,
711 2094 845 2124 discere.
868 2104 962 2125 nemo
978 2099 1083 2125 autem
1100 2094 1238 2131 docebit,
1254 2095 1317 2126 nisi
1333 2095 1427 2127 Deus
1442 2095 1608 2137 adjuverit.
1625 2099 1666 2129 ab

186 2154 225 2176 eo
241 2155 326 2181 vero,
342 2146 397 2187 qui
411 2147 482 2177 mod
489 2157 541 2177 um
555 2147 589 2178 in
605 2146 750 2179 docendo
764 2158 826 2178 non
840 2153 954 2185 servat,
965 2154 1094 2190 praestat
1105 2159 1168 2180 non
1181 2148 1314 2180 discere.
1335 2151 1547 2181 necessarium
1559 2157 1666 2183 tamen

185 2208 223 2230 ex
238 2199 298 2235 his,
315 2211 385 2241 quae
397 2200 492 2231 modo
507 2199 594 2232 dicta
609 2207 692 2238 sunt,
709 2201 834 2233 videtur
846 2203 913 2234 haec
929 2202 1050 2234 discere
1067 2207 1100 2234 et
1114 2214 1131 2233 a
1146 2199 1240 2234 nobis
1256 2209 1398 2235 naturam
1415 2205 1496 2235 hanc
1512 2206 1665 2246 optimam

186 2252 262 2285 diei.
284 2263 380 2295 quare
395 2264 543 2286 conemur
555 2265 722 2296 exponere,
739 2266 809 2297 quae
831 2261 865 2286 et
888 2256 996 2298 qualia
1013 2257 1077 2287 sint
1090 2263 1121 2287 et
1138 2258 1295 2298 quomodo
1311 2257 1521 2298 perdiscenda
1535 2270 1542 2288 z
1567 2258 1667 2300 idque

186 2317 244 2349 pro
269 2307 387 2340 viribus
413 2313 446 2340 et
470 2309 530 2339 mei
555 2309 741 2341 disserentis
763 2315 884 2351 agatur,
903 2315 936 2342 et
948 2321 1067 2347 eorum,
1085 2311 1139 2352 qui
1154 2312 1301 2342 exaudire
1319 2316 1476 2352 poterunt,
1494 2322 1556 2353 quo
1572 2321 1668 2355 pacto

185 2361 288 2392 cultus
314 2361 414 2393 divini
437 2363 591 2394 nonnulla
617 2364 790 2395 discantur.
815 2364 913 2406 [990]
937 2365 1120 2396 inusitatum
1149 2365 1226 2406 quid
1249 2365 1350 2396 forsan
1369 2365 1525 2397 audietis:
1550 2377 1668 2399 nornen

187 2419 293 2446 tamen
318 2416 363 2447 rei
390 2415 542 2453 dicamus,
569 2418 652 2458 quod
678 2418 784 2449 nullus
810 2424 938 2460 propter
953 2418 1049 2460 hujus
1063 2419 1111 2450 rei
1127 2418 1318 2460 imperitiam
1334 2419 1544 2451 arbitraretur.
1567 2421 1668 2453 nolite

184 2469 330 2511 ignorare
355 2470 579 2502 astronomiam
605 2471 872 2513 sapientissimum
900 2472 1051 2515 quiddam
1078 2483 1158 2504 esse.
1189 2483 1304 2514 nempe
1331 2483 1463 2505 necesse
1491 2479 1543 2505 est
1558 2485 1665 2507 verum

186 2529 398 2556 astronomum
414 2535 485 2556 esse
499 2535 562 2556 non
579 2536 662 2563 eum,
677 2526 731 2567 qui
747 2526 923 2558 secundum
939 2527 1118 2563 Hesiodum
1133 2537 1304 2569 omnesque
1321 2527 1497 2569 hujusmodi
1519 2539 1664 2561 occasum

185 2583 354 2620 ortumque
372 2579 551 2612 consideret
565 2591 575 2618 3
598 2581 653 2611 sed
670 2591 742 2612 eum
757 2582 875 2623 potius,
891 2582 945 2624 qui
960 2582 1110 2613 circuitus
1126 2588 1209 2618 octo,
1236 2587 1270 2612 et
1295 2581 1453 2623 quomodo
1469 2588 1594 2624 septem
1608 2583 1665 2614 sub

186 2632 290 2674 primo
311 2638 487 2671 versantur,
511 2644 615 2676 quove
641 2635 752 2667 ordine
767 2636 903 2668 circinos
925 2646 1000 2668 suos
1013 2636 1130 2678 singuli
1147 2641 1308 2678 peragant.
1334 2635 1420 2678 quod
1433 2637 1523 2667 nulla
1540 2642 1666 2674 natura,

185 2685 247 2718 nisi
262 2687 416 2720 mirabilis
432 2688 482 2724 sit,
497 2687 592 2719 facile
606 2699 744 2730 unquam
759 2689 921 2731 inspiciet.
943 2695 979 2722 ut
990 2689 1085 2721 modo
1097 2689 1234 2721 diximus
1244 2694 1278 2720 et
1288 2688 1443 2726 dicemus,
1453 2690 1667 2727 declarantes,

183 2741 260 2782 quid
280 2746 426 2784 oporteat
451 2747 484 2773 et
506 2744 663 2784 quomodo
689 2748 834 2785 oporteat
862 2743 994 2775 discere.
1017 2743 1118 2786 primo
1141 2743 1240 2786 igitur
1265 2743 1298 2774 id
1329 2743 1463 2780 dicatur,
1490 2743 1575 2785 quod
1590 2744 1667 2775 luna

187 2795 350 2828 celerrime
361 2797 511 2828 circulum
527 2807 620 2828 suurn
635 2797 768 2837 evolvit,
782 2803 880 2840 atque
895 2797 941 2829 ita
956 2797 1163 2840 plenilunium
1179 2797 1314 2840 primum
1328 2803 1362 2829 et
1375 2807 1519 2829 mensem
1530 2798 1666 2840 peragit.

184 2849 233 2880 sol
247 2848 364 2881 deinde
378 2850 594 2893 inspiciendus
612 2856 671 2890 est,
685 2852 737 2893 qui
751 2851 889 2887 solstitia
904 2852 1129 2894 versionesque
1145 2856 1321 2894 temporum
1337 2851 1471 2884 circuitu
1483 2850 1579 2882 efficit
1589 2860 1667 2894 suo3

185 2909 340 2944 praeterea
367 2910 411 2943 et,
437 2905 491 2947 qui
520 2915 583 2937 una
614 2916 685 2937 cum
716 2906 780 2938 sole
810 2911 948 2943 currunt,
977 2905 1212 2938 considerandi.
1235 2905 1386 2947 donique,
1416 2914 1456 2936 ne
1487 2902 1599 2936 eadem
1625 2905 1666 2936 de
