1840 3225
191 201 269 240 332
771 193 1032 235 PLATONrs
1543 199 1640 250 [718

194 306 268 346 post
287 301 377 332 Deos
393 299 468 331 istos
482 296 676 329 daemonibus
691 296 736 329 vir
750 297 866 330 mentis
889 308 1018 341 compos
1031 297 1221 330 sacrificabit
1236 311 1243 329 :
1266 298 1475 341 heroibusque
1495 305 1568 341 post
1581 300 1649 332 dae-

193 365 313 388 mones.
335 358 506 395 sequuntur
516 357 628 383 statuae
642 351 809 394 patriorum
825 352 965 384 Deorum
980 354 1125 395 propriae,
1137 352 1310 384 secundum
1324 354 1428 395 legem
1447 360 1650 387 consecratae.

194 410 321 441 demum
336 407 509 438 viventium
523 407 624 437 cultus
639 411 814 447 parentum,
829 408 941 448 quibus
953 408 999 438 sas
1013 414 1062 438 est
1075 408 1174 450 prima
1185 413 1218 438 et
1234 408 1368 438 maxima
1378 407 1498 444 debita,
1512 409 1649 440 omniurn

191 462 408 505 antiquissima
419 461 603 497 debitorum,
613 462 800 502 persolvere.
811 467 921 503 putare
933 462 1018 493 enim
1028 463 1161 504 quisque
1175 462 1271 493 debet
1287 462 1403 497 omnia,
1417 472 1489 503 quae
1499 463 1652 504 possidet,

191 527 301 548 eorum
315 526 383 548 esse
398 516 451 558 qui
467 521 642 557 genuerunt
655 521 688 546 et
701 514 883 553 educarunt,
898 516 943 546 ita
957 522 990 547 ut
1003 516 1064 546 illis
1081 517 1146 548 haec
1159 517 1265 547 omnia
1278 527 1332 558 pro
1347 516 1469 547 viribus
1481 517 1653 547 ministrare

194 571 321 610 debeat,
335 570 470 613 primum
492 570 617 612 quidem
639 575 769 601 externa
791 570 884 606 bona,
906 571 1022 602 deinde
1045 571 1139 602 etiam
1162 571 1324 612 corporis:
1347 577 1505 612 postremo
1528 581 1598 612 qnae
1613 570 1656 602 ad

194 626 331 657 animum
346 625 522 667 pertinent:
546 625 614 656 haec
630 624 735 655 omnia
749 624 899 656 videlicet
914 630 1025 656 mutuo
1039 625 1114 656 data
1126 625 1319 666 persolvens,
1327 631 1361 656 et
1373 635 1431 667 pro
1442 625 1526 656 curis
1539 624 1656 656 dolori-

194 680 313 722 busque
331 679 442 721 priscis
460 684 634 722 parentum,
647 679 680 709 in
695 684 823 709 senecta
839 685 977 710 recentes
992 679 1138 716 reddens,
1153 679 1278 721 quando
1292 679 1426 711 maxime
1442 679 1601 720 indigent.
1619 678 1654 710 in

193 733 294 765 verbis
315 733 392 775 quin
414 734 511 764 etiam
531 743 588 775 per
610 738 706 764 totam
730 733 825 763 vitam
849 738 994 774 parentes
1006 733 1145 765 venerari
1160 734 1295 764 maxime
1308 734 1414 765 decet.
1433 733 1548 764 levium
1569 733 1656 764 enim

192 788 428 830 volatiliumque
456 788 620 819 verborum
650 787 831 828 gravissima
858 788 1007 818 imminet
1027 797 1134 829 poena.
1155 797 1229 818 nam
1251 787 1393 819 omnibus
1415 787 1584 829 praeposita
1607 791 1658 818 est

194 841 342 874 Nemesis
360 842 471 884 judicii
487 842 635 883 angelus:
659 841 872 883 hujuscemodi
887 842 1024 872 omnium
1044 842 1279 873 consideratrix.
1302 846 1426 883 oportet
1451 842 1557 882 itaque
1569 841 1660 872 iratis

192 897 394 937 animumque
416 896 617 937 explentibus
637 895 762 931 cedere,
785 905 841 925 seu
865 896 966 926 verbis
988 896 1054 926 sive
1076 896 1170 926 rebus
1193 895 1226 925 id
1247 895 1376 932 faciant,
1397 905 1459 926 non
1474 895 1658 937 ignorantes

191 956 316 992 patrem
333 950 405 992 jure
421 950 589 981 admodum
602 949 667 981 filio
678 949 770 980 valde
786 959 982 987 succensere,
997 949 1024 980 si
1039 949 1166 991 quando
1181 949 1220 980 ab
1232 959 1271 980 eo
1283 949 1432 991 injuriam
1447 949 1506 980 sibi
1526 949 1591 979 fieri
1609 958 1657 979 nr-

193 1005 336 1036 bitretur.
356 1005 483 1035 mortuis
512 1014 588 1036 vero
616 1003 795 1045 parentibus
816 1009 1019 1035 monumenta
1045 1003 1276 1041 decentissima,
1303 1014 1373 1046 quae
1398 1003 1657 1045 temperatissime

192 1064 328 1090 structa:
343 1069 447 1100 neque
462 1064 641 1090 consuetam
653 1057 901 1100 magnitudinem
915 1063 1036 1099 oportet
1048 1059 1213 1095 excedere,
1221 1068 1325 1100 neque
1337 1059 1460 1089 minora
1467 1057 1529 1089 illis
1540 1057 1663 1091 facere,

191 1124 263 1156 quae
274 1112 411 1155 majores
422 1113 610 1154 genitoribus
622 1113 687 1144 suis
701 1112 874 1144 struebant.
893 1122 1013 1144 annuas
1024 1123 1149 1155 quoque
1160 1123 1250 1145 curas
1263 1112 1492 1148 defunctorum,
1518 1122 1589 1154 qum
1608 1121 1659 1142 or-

192 1176 377 1199 namentum
398 1167 544 1204 afferunt,
566 1168 740 1199 instaurare
767 1167 872 1203 decet,
896 1165 994 1208 [718]
1024 1171 1058 1197 et
1078 1176 1160 1198 nova
1181 1167 1328 1209 quotidie
1351 1167 1484 1208 repetita
1505 1165 1658 1197 memoria

190 1231 315 1263 semper
336 1226 484 1263 parentes
505 1231 702 1264 summopere
726 1222 889 1258 honorare,
912 1220 1079 1262 impendio
1098 1221 1260 1253 moderate
1272 1232 1329 1263 pro
1343 1221 1469 1252 fortuna
1481 1224 1616 1252 mentes.
1629 1219 1660 1250 si

190 1276 259 1306 haec
272 1275 461 1306 servabimus
476 1276 634 1317 vitamque
649 1285 777 1317 semper
786 1275 832 1306 ita
845 1285 974 1316 agemus
987 1275 1114 1317 singuli,
1127 1275 1224 1317 digna
1238 1285 1257 1306 a
1269 1275 1346 1307 Diis
1357 1276 1534 1316 ceterisque
1549 1279 1661 1305 namra

188 1335 297 1360 nostra
310 1330 522 1371 superioribus
536 1330 680 1361 omnibus
694 1329 822 1371 praemia
834 1329 1077 1371 reportabimus,
1091 1329 1261 1371 plurimum
1273 1330 1356 1361 bona
1378 1340 1449 1361 cum
1473 1338 1530 1370 spe
1550 1328 1661 1359 viven-

190 1388 252 1415 tes.
270 1394 340 1425 quae
359 1394 433 1415 vero
448 1393 522 1425 erga
535 1384 617 1415 filios
630 1389 662 1415 et
676 1389 819 1426 nepotes,
835 1384 1098 1424 consanguineos,
1113 1384 1241 1420 amicos,
1256 1384 1354 1420 cives,
1362 1382 1555 1425 peregrinos,
1574 1381 1664 1413 Deos

190 1447 318 1479 semper
341 1438 488 1475 colendo,
510 1438 544 1468 in
567 1448 770 1479 congressum
795 1438 906 1469 horum
920 1438 1060 1469 omnium
1073 1438 1194 1479 operari
1209 1438 1340 1479 quisque
1356 1437 1482 1473 debeat,
1497 1441 1592 1477 atque
1616 1435 1664 1466 ita

190 1492 289 1522 vitam
313 1501 398 1522 suam
414 1493 587 1523 secundum
601 1492 707 1533 legem
719 1492 890 1528 illustrare,
905 1492 1011 1533 legum
1024 1492 1160 1533 ipsarum
1175 1492 1322 1523 tractatio
1338 1490 1575 1527 demonstrabit,
1592 1499 1664 1530 par-

190 1545 246 1578 tim
262 1545 389 1587 quidem
404 1545 577 1582 suadendo,
599 1546 714 1587 partim
727 1555 800 1576 vero
817 1545 959 1575 duriores
972 1555 1072 1576 mores
1087 1545 1117 1576 vi
1140 1545 1359 1587 supplicioque
1383 1545 1547 1586 cogendo:
1570 1548 1666 1585 atque

187 1598 235 1630 ita
249 1599 406 1630 civitatem
422 1605 571 1634 nostram,
583 1599 762 1629 faventibus
777 1598 865 1635 Diis,
875 1598 1000 1630 felicem
1014 1600 1202 1639 beatamque
1213 1599 1341 1629 efficiet.
1362 1609 1435 1641 quae
1455 1608 1529 1629 vero
1541 1601 1668 1640 oportet

190 1663 295 1685 rursus
307 1659 341 1683 et
354 1652 565 1683 necessarium
578 1656 643 1688 est,
653 1657 689 1682 ut
703 1652 875 1693 legislator,
891 1653 945 1692 qui
961 1652 1071 1682 eadem
1088 1652 1226 1692 exagitet
1235 1656 1279 1688 et,
1291 1662 1361 1693 quae
1373 1658 1485 1694 etego,
1497 1651 1659 1688 edisserat,

191 1717 297 1749 neque
320 1712 425 1738 tamen
447 1706 505 1736 sub
530 1706 601 1747 ipsa
614 1705 695 1746 legis
709 1706 807 1735 forma
820 1706 984 1735 commode
1001 1705 1065 1736 dici
1079 1715 1172 1746 posse
1186 1705 1343 1743 videntur,
1359 1707 1469 1737 horum
1482 1706 1663 1748 exemplum

189 1759 414 1803 inprimis-tam
428 1760 489 1801 ipsi
505 1759 702 1801 legumlatori
717 1769 809 1800 quam
826 1759 896 1801 lege
921 1758 1123 1790 instituendis
1147 1760 1278 1791 arbitror
1309 1760 1524 1791 afferendum:
1549 1759 1667 1791 deinde

191 1816 296 1857 leg-um
321 1814 508 1856 positionem
533 1813 761 1855 incipiendam,
782 1813 907 1854 reliqua
931 1814 1035 1845 omnia
1051 1823 1108 1855 pro
1132 1813 1249 1844 viribus
1263 1813 1474 1845 discutiendo.
1494 1813 1573 1844 talia
1592 1822 1669 1844 vero

193 1880 290 1912 quam
303 1869 437 1900 maxime
453 1868 584 1909 figuram
607 1867 755 1904 habeant,
771 1867 855 1898 haud
869 1877 946 1898 sane
959 1867 1054 1899 facile
1070 1877 1133 1899 una
1147 1868 1284 1909 quadam
1299 1867 1433 1898 formula
1443 1864 1667 1909 comprehendi

193 1928 309 1965 potest.
323 1922 380 1954 sed
394 1923 438 1954 ita
452 1923 492 1954 de
507 1922 583 1964 ipsis
598 1922 725 1953 modum
741 1921 881 1963 aliquam
895 1922 1067 1964 capiamus,
1084 1922 1111 1952 si
1127 1922 1202 1963 quid
1218 1921 1258 1953 de
1274 1921 1350 1963 ipsis
1364 1931 1542 1952 asseverare
1557 1930 1669 1962 possu-

194 1987 277 2008 mus.
321 1976 399 2008 Cm.
420 1976 496 2013 Dic,
522 1986 593 2017 age,
615 1986 710 2018 quem
735 1976 887 2008 modum?
934 1976 1074 2007 Arnim.
1096 1976 1225 2007 Vellem
1247 1975 1396 2018 equidem
1409 1985 1464 2007 eos
1478 1975 1521 2007 ad
1542 1975 1668 2006 virtutis

196 2031 299 2062 officia
324 2040 488 2073 persuasos
503 2030 634 2061 maxime
650 2036 682 2061 et
697 2030 946 2072 obtemperantes
961 2040 1029 2061 esse
1076 2029 1173 2071 idque
1193 2029 1354 2072 legislator
1367 2030 1468 2061 facere
1482 2029 1600 2070 ubique
1615 2038 1671 2060 co-

196 2085 331 2116 nabitur.
367 2084 442 2116 CLr.
467 2084 609 2121 Quidni?
640 2084 777 2115 Aruns.
793 2084 871 2121 Quae
887 2084 982 2125 igitur
995 2084 1080 2115 dicta
1095 2090 1179 2120 sunt,
1193 2085 1337 2115 nonnihil
1350 2084 1391 2115 ad
1404 2083 1484 2115 illud
1493 2083 1669 2115 conducere

198 2139 276 2170 mihi
292 2138 446 2174 videntur,
473 2143 518 2173 ut.
535 2138 560 2168 si
586 2148 653 2169 non
680 2138 795 2169 crudus
817 2138 944 2169 omnino
959 2138 1117 2169 audientis
1131 2139 1253 2169 animus
1268 2139 1320 2174 sit,
1346 2138 1452 2168 mmor
1473 2137 1668 2168 benevolen-

198 2193 321 2235 tiorque
340 2193 374 2223 in
400 2191 567 2223 audiendis
580 2193 744 2233 praeceptis
758 2192 919 2229 efficiatur,
929 2192 1163 2224 benevolentior
1173 2202 1244 2223 vero
1257 2192 1358 2223 factus
1367 2191 1490 2222 facilius
1502 2190 1673 2232 perdiscat.

198 2246 284 2289 quod
298 2246 324 2277 si
338 2256 401 2277 non
417 2247 545 2277 omnino
563 2252 737 2288 peragatur,
754 2246 859 2288 aliquo
872 2247 982 2277 saltem
1000 2245 1092 2277 modo
1106 2246 1234 2282 factum,
1250 2246 1326 2277 satis
1340 2255 1408 2278 esse
1424 2245 1598 2288 putandum
1609 2250 1674 2276 est.

199 2311 264 2332 non
286 2301 369 2332 enirn
395 2310 509 2342 magna
534 2305 582 2331 est
603 2310 710 2331 eorum
724 2302 826 2342 copia,
842 2301 896 2342 qui
911 2300 1020 2341 optimi
1036 2310 1132 2342 quam
1147 2300 1279 2331 maxime
1294 2306 1327 2331 et
1340 2299 1501 2331 celerrime
1514 2303 1666 2330 conentur

201 2355 347 2386 evadere.
392 2354 565 2386 Hesiodum
581 2363 654 2386 vero
669 2355 844 2396 sapientem
859 2355 953 2386 multi
966 2355 1151 2396 praedicnnt,
1167 2365 1236 2386 cum
1252 2354 1338 2386 dicat
1351 2355 1436 2385 viam
1450 2353 1492 2384 ad
1506 2352 1584 2384 vitia
1595 2352 1670 2393 pla-

199 2419 275 2440 nam
290 2419 358 2440 esse
377 2419 413 2440 ac
428 2409 496 2440 sine
514 2408 626 2440 sudore
641 2409 761 2451 peragi,
777 2420 845 2440 cum
860 2409 1040 2441 brevissima
1068 2410 1119 2441 sit.
1164 2411 1249 2442 Ante
1273 2410 1423 2441 virtutem
1445 2418 1530 2445 vero,
1555 2406 1672 2448 inquit,

199 2465 344 2495 sudorem
360 2464 419 2495 Dii
431 2463 620 2495 immortales
631 2467 814 2504 posuerunt.
827 2475 863 2496 ac
877 2465 942 2503 via,
958 2474 1027 2506 quae
1039 2465 1081 2495 ad
1100 2474 1167 2495 eam
1188 2463 1290 2502 ducit,
1319 2463 1549 2504 longamrdrur,
1567 2458 1667 2502 [119]

198 2520 232 2549 et
256 2526 365 2557 amera
376 2517 512 2558 primum
525 2526 537 2548 .
559 2518 613 2550 sed
633 2521 795 2559 postquam
809 2519 849 2549 ad
864 2527 981 2549 summa
989 2517 1131 2558 fastigia
1142 2521 1325 2559 per-tentum
1336 2520 1396 2553 est,
1411 2526 1482 2558 quoe
1495 2516 1596 2547 ardua
1610 2514 1664 2545 via

191 2574 319 2610 flerat,
327 2570 458 2610 facilem
471 2575 605 2612 proestat
619 2572 740 2604 canem.
786 2571 863 2604 Cu.
888 2572 977 2602 Bene
994 2571 1099 2603 dicere
1115 2571 1250 2602 videtur.
1294 2570 1432 2602 Arnen.
1447 2569 1497 2600 lta
1507 2572 1592 2600 corte
1604 2572 1666 2598 est.

202 2634 310 2655 verum
332 2634 394 2666 quo
418 2626 569 2656 sermonis
591 2625 754 2667 spectabat
778 2626 962 2667 progressio,
988 2626 1060 2657 volo
1085 2625 1117 2656 in
1142 2624 1244 2656 medio
1259 2624 1345 2656 vobis
1359 2631 1545 2665 proponere.
1589 2621 1669 2653 Cu.

202 2677 317 2709 Ponas.
361 2678 498 2709 Arnen.
528 2679 711 2710 Orationem
733 2680 772 2710 ad
795 2679 1006 2721 legislatorem
1020 2680 1064 2711 sic
1078 2685 1231 2711 vertamus
1247 2691 1254 2710 =
1278 2678 1329 2709 dic
1343 2677 1444 2713 nobis,
1460 2687 1480 2707 o
1495 2675 1667 2718 legislator,

202 2731 229 2762 si
251 2731 358 2768 scires,
373 2732 447 2773 quid
463 2733 620 2774 agendum
634 2733 864 2776 dicendumque
879 2734 966 2765 nobis
983 2734 1033 2770 sit,
1057 2743 1160 2765 nonne
1186 2732 1328 2765 diceres?
1373 2731 1449 2763 Cu.
1471 2729 1673 2762 Necessario.

204 2785 344 2817 Arusn-
368 2785 417 2816 An
445 2796 509 2816 non
525 2788 619 2828 paulo
634 2795 705 2819 ante
723 2794 752 2818 te
768 2787 924 2820 dicentem
942 2789 1127 2823 audivimus,
1141 2797 1205 2819 non
1221 2787 1335 2818 debere
1350 2785 1560 2827 legislatorem
1568 2783 1675 2826 poetis

204 2840 398 2880 permittere,
423 2846 467 2876 ut,
486 2851 678 2883 quaecunque
690 2843 748 2873 sibi
764 2843 902 2884 placent,
917 2843 1088 2884 effingam?
1113 2853 1175 2873 non
1191 2842 1277 2880 enirn
1291 2839 1482 2881 intelligunt,
1498 2848 1568 2880 quae
1583 2837 1670 2868 dicta

205 2899 312 2926 contra
328 2894 414 2936 leges
426 2900 561 2926 noceant
575 2896 704 2927 civitati.
752 2896 828 2928 Cm.
852 2897 936 2928 Vera
947 2897 1094 2939 loqueris.
1138 2896 1276 2928 Arum.
1298 2895 1332 2926 Si
1354 2893 1393 2925 de
1417 2892 1519 2936 poetis
1534 2892 1602 2924 haec
1629 2889 1672 2922 ad
