1840 3225
230 244 310 283 402
816 245 1079 284 PLATONIS
1597 247 1697 298 [870

236 347 414 388 hujusmodi
441 349 562 380 facere:
587 349 745 390 quomodo
771 348 861 380 aliter
883 349 967 391 juste
999 348 1108 390 punire
1133 349 1215 380 hunc
1239 349 1419 390 oportebit?
1443 350 1514 391 lege
1542 350 1636 391 igitur
1657 350 1703 380 ira

236 401 393 434 concitato
408 402 449 433 ad
463 402 662 444 parricidium
679 413 760 434 mors
774 403 943 434 sanciatur.
965 403 993 433 si
1020 408 1087 434 orta
1110 402 1276 439 seditione.
1292 403 1343 433 vel
1359 403 1473 444 quovis
1486 402 1592 440 modo,
1606 403 1702 434 frater

235 455 358 487 fratrem
374 459 405 488 in
421 467 454 488 se
470 457 622 498 impetum
631 457 800 489 facientem
811 467 868 499 pro
879 456 1064 488 defensione
1079 467 1135 488 sua
1148 456 1318 493 interimat,
1329 457 1420 498 quasi
1433 457 1522 489 hoste
1535 463 1701 499 perempto

235 520 331 551 purus
355 510 406 541 sit.
429 511 504 552 quin
531 511 628 542 etiam
657 512 683 542 si
707 511 785 542 civis
811 512 912 543 civem
939 517 993 542 aut
1018 511 1202 552 peregrinus
1223 511 1422 552 peregrinum
1439 511 1489 542 vel
1505 511 1703 553 peregrinum

238 564 328 601 civis,
344 565 394 596 vel
411 575 429 596 e
444 575 608 601 converso,
622 565 825 597 defendendo
843 575 877 596 se
891 564 1096 602 interfecerit,
1112 564 1256 596 similiter
1268 564 1402 596 mundus
1417 565 1469 597 sit.
1492 564 1603 597 eodem
1615 565 1709 596 modo

237 618 264 648 si
286 629 394 649 servus
422 629 557 650 servum.
580 620 628 650 sin
654 630 727 650 vero
752 630 858 651 servus
875 619 1004 651 liberum
1020 629 1054 650 se
1071 619 1248 650 defendens
1261 619 1430 656 interimat,
1445 618 1557 650 iisdem
1572 618 1706 661 legibus,

236 672 350 713 quibus
364 678 397 704 et
410 673 575 715 parricida,
590 673 632 705 sit
646 674 812 716 subjectus.
828 674 915 716 quod
929 685 1001 705 vero
1017 675 1056 705 de
1072 674 1255 704 liberatione
1271 683 1291 704 a
1303 674 1391 705 caede
1405 673 1544 715 parentis
1560 673 1708 712 diximus,

236 726 324 757 idem
353 737 478 768 quoque
506 727 546 758 de
577 727 760 760 liberatione
786 728 926 759 omnium
953 728 1072 759 dictum
1097 727 1304 769 intelligatur.
1325 729 1353 759 si
1378 728 1447 769 quis
1476 737 1550 769 ergo
1574 727 1706 758 aliorum

237 781 378 812 omnium
403 782 497 813 alicui
523 788 635 823 sponte
664 783 828 820 dimiserit,
851 783 941 824 quasi
967 793 1030 813 non
1057 786 1170 823 sponte
1186 783 1273 812 caede
1288 783 1464 817 commissa,
1479 786 1637 823 purgetur,
1653 781 1708 823 qui

235 835 403 872 interfecit,
428 841 461 866 et
487 846 605 867 annum
631 838 755 867 exsulet
780 847 886 868 unum.
909 836 964 867 sed
992 837 1130 867 violenta
1150 835 1220 877 jam
1234 841 1267 866 et
1280 836 1492 867 involuntaria
1506 845 1542 866 ac
1557 845 1614 877 per
1628 835 1705 866 iram

235 889 404 920 commissa
426 890 466 920 de
491 889 579 921 caede
606 891 810 922 mediocriter
835 890 979 932 exposita
1005 896 1089 921 sunt.
1113 900 1184 931 quae
1208 900 1282 920 vero
1297 895 1407 931 sponte
1422 890 1455 920 in
1471 890 1518 920 his
1533 889 1706 920 secundum

235 953 362 973 omnem
389 943 573 984 injustitiam
611 954 650 975 ex
680 944 802 975 insidiis
830 949 957 985 propter
988 945 1185 985 voluptatum
1214 943 1485 985 cupiditatumque
1514 942 1705 985 invidiaeque

238 996 435 1038 tyrannidem
452 998 702 1035 committuntur,
720 998 872 1039 deinceps
887 997 1040 1029 dicamus.
1079 997 1155 1029 Cm.
1170 997 1272 1029 Recte
1289 998 1380 1028 dicis.
1415 997 1553 1028 Awmr.
1567 997 1708 1028 Primum

239 1050 335 1090 igitur
349 1052 432 1092 quod
451 1052 632 1082 voluntariae
646 1052 741 1083 caedis
757 1062 860 1083 causae
889 1052 963 1088 sint,
991 1063 1046 1093 pro
1074 1051 1192 1082 viribus
1217 1052 1425 1083 declaremus.
1448 1051 1545 1094 [870]
1568 1051 1705 1082 maxima

236 1115 308 1135 vero
332 1105 426 1146 hujus
455 1116 551 1137 causa
572 1112 619 1137 est
644 1106 799 1148 cupiditas
815 1106 929 1137 animae
946 1105 1128 1137 libidinibus
1145 1107 1311 1148 exagitatae
1327 1105 1510 1137 dominans:
1535 1116 1605 1146 quae
1620 1105 1653 1136 in
1670 1116 1708 1136 eo

236 1159 346 1189 ardore
361 1159 507 1190 consistit
522 1160 668 1197 maxime,
686 1160 739 1202 qui
754 1162 926 1192 multorum
942 1160 1062 1191 animos
1075 1161 1280 1191 veliementer
1293 1160 1477 1191 inflammat.
1498 1160 1567 1191 haec
1582 1170 1656 1190 sane
1671 1170 1710 1190 ea

235 1212 283 1243 vis
299 1218 358 1250 est,
373 1224 444 1254 quae
457 1220 584 1255 propter
597 1220 738 1245 naturam
755 1220 787 1246 et
802 1214 1014 1256 ignorantiam
1027 1214 1202 1245 divitiarum
1218 1213 1443 1255 inexplebilem
1459 1213 1560 1255 gignit
1573 1213 1706 1244 avidita-

235 1271 310 1298 tem.
354 1268 548 1309 Ignorantiae
577 1279 648 1299 vero
677 1279 773 1299 causa
797 1274 857 1305 est,
883 1270 967 1310 quod
992 1279 1056 1299 non
1076 1274 1161 1299 recte
1177 1267 1343 1299 laudantur
1358 1268 1487 1299 divitiae.
1508 1268 1628 1310 quippe
1643 1274 1706 1299 tarn

236 1319 343 1351 Graeci
368 1331 461 1362 quam
493 1321 615 1353 barbari
641 1322 777 1359 divitias,
805 1334 874 1354 cum
903 1322 1029 1354 tertium
1058 1322 1211 1354 bonorum
1237 1327 1367 1353 teneant
1398 1321 1512 1359 locum,
1542 1324 1573 1352 in
1603 1323 1706 1363 primo

234 1379 356 1415 ponunt
374 1387 380 1404 :
407 1380 500 1417 atque
528 1377 586 1407 hac
614 1377 770 1408 sententia
787 1387 820 1408 se
836 1377 921 1418 ipsos
936 1377 1027 1408 simul
1044 1383 1078 1407 et
1090 1383 1230 1418 posteros
1244 1376 1392 1417 perdunt.
1437 1375 1566 1417 Optime
1582 1386 1657 1407 sane
1675 1382 1707 1407 et

231 1429 440 1469 pulcherrime
465 1431 650 1467 viveremus,
680 1431 706 1462 si
729 1441 805 1462 vera
831 1431 872 1463 de
897 1431 1016 1462 divitiis
1031 1430 1188 1462 sententia
1203 1431 1319 1472 ubique
1333 1430 1567 1472 praedicaretur.
1589 1440 1629 1461 ea
1643 1436 1703 1467 est,

233 1483 318 1523 quod
335 1483 454 1514 divitiae
470 1485 606 1526 corporis
623 1485 722 1526 gratia
736 1486 811 1521 sint,
826 1496 938 1527 corpus
951 1491 1055 1516 autem
1077 1485 1175 1516 animi
1200 1486 1311 1526 gratia.
1341 1495 1437 1527 quare
1462 1495 1535 1516 cum
1559 1485 1643 1516 bona
1667 1495 1706 1516 ea

231 1536 307 1572 sint,
332 1547 464 1578 quorum
488 1539 588 1579 gratia
612 1539 812 1580 possidendae
830 1539 947 1570 divitiae
963 1545 1047 1576 sunt,
1072 1539 1202 1570 tertium
1217 1538 1346 1580 gradum
1361 1544 1432 1581 post
1447 1539 1594 1570 virtutem
1608 1539 1705 1570 animi

233 1590 434 1632 corporisque
452 1592 612 1623 tenebunt.
636 1594 702 1624 haec
731 1604 806 1635 ergo
832 1594 911 1625 ratio
937 1605 993 1625 nos
1018 1600 1166 1635 tanquam
1184 1593 1331 1634 magistra
1343 1592 1469 1624 docebit
1483 1603 1545 1624 non
1561 1599 1706 1635 oportere

231 1644 401 1686 hominem,
416 1646 468 1686 qui
484 1646 559 1676 felix
577 1646 616 1677 sit
634 1647 768 1683 sutums,
785 1647 913 1678 divitias
929 1647 1226 1689 quomodocunque,
1245 1648 1298 1678 sed
1316 1658 1388 1678 cum
1399 1647 1520 1690 justitia
1534 1652 1567 1678 et
1582 1652 1705 1689 tempe-

232 1699 349 1735 rantia,
371 1709 523 1740 quaerere.
549 1701 592 1732 sic
617 1701 700 1732 enim
718 1702 820 1732 caedes
835 1701 975 1733 caedibus
990 1702 1159 1743 puniendae
1176 1703 1207 1732 in
1224 1701 1402 1733 civitatibus
1417 1701 1514 1732 nullae
1527 1701 1704 1732 committe-

228 1757 347 1783 rentur.
370 1763 454 1784 nunc
481 1765 566 1791 vero,
594 1754 857 1796 quemadmodum
873 1756 907 1787 in
924 1756 1015 1799 liujus
1031 1756 1252 1798 disputationis
1263 1755 1420 1797 principio
1437 1754 1584 1792 diximus,
1604 1765 1701 1787 unum

229 1806 289 1837 hoc
316 1811 366 1843 est
392 1813 425 1838 et
455 1808 635 1845 maximum,
663 1810 747 1851 quod
763 1810 946 1841 voluntariae
963 1810 1059 1841 caedis
1073 1811 1209 1841 maxima
1225 1810 1383 1851 supplicia
1396 1809 1485 1842 facit.
1508 1810 1641 1841 alterum
1653 1814 1702 1841 est

229 1861 385 1892 ambitiosi
410 1862 506 1893 animi
529 1863 678 1893 habitus:
702 1864 786 1895 unde
816 1864 942 1896 invidiae
972 1870 1152 1900 nascuntur,
1180 1865 1314 1905 primum
1343 1863 1470 1906 quidem
1499 1864 1562 1905 ipsi
1590 1864 1702 1895 invido

229 1915 423 1952 truculentae,
439 1915 555 1947 deinde
571 1917 664 1948 ctiam
693 1918 898 1959 optimatibus
923 1919 1069 1950 civitatis.
1093 1918 1216 1950 tertium
1232 1919 1335 1949 locum
1351 1918 1499 1959 ingentes
1512 1917 1699 1960 injustaequc

228 1968 413 2000 formidines
438 1971 599 2011 possident
614 1983 623 2010 ;
647 1982 717 2013 quae
744 1972 849 2003 caedes
873 1972 986 2003 multas
1001 1973 1140 2015 pariunt,
1156 1973 1283 2014 quando
1299 1982 1337 2003 ca
1350 1978 1422 2003 sunt
1438 1972 1532 2003 alicui
1547 1978 1637 2014 gesta
1649 1972 1700 2003 vel

230 2022 271 2051 ad
285 2033 422 2063 praescns
446 2030 605 2065 geruntur,
622 2036 756 2067 quorum
771 2026 929 2057 neminem
946 2027 1043 2058 vellet
1058 2038 1126 2058 esse
1142 2027 1316 2058 conscium.
1340 2037 1436 2068 quare
1453 2026 1534 2063 illos,
1551 2025 1606 2067 qui
1621 2025 1701 2056 talia

230 2076 395 2108 indicaturi
427 2078 605 2115 videantur,
630 2080 655 2110 si
682 2090 744 2111 non
772 2081 864 2111 aliter
890 2086 1003 2121 potest,
1033 2086 1132 2113 morte
1157 2092 1174 2112 e
1200 2080 1304 2112 medio
1330 2080 1423 2112 tollit.
1446 2079 1486 2111 ad
1507 2080 1574 2111 haec
1594 2079 1700 2111 omnia

227 2131 374 2170 prooemia
396 2132 469 2168 sint,
494 2143 564 2173 quae
591 2133 751 2164 diximus:
778 2145 813 2165 ac
841 2140 993 2176 praeterea
1019 2145 1133 2170 sermo,
1162 2145 1257 2176 quem
1282 2134 1372 2165 multi
1388 2145 1426 2165 ex
1439 2133 1499 2171 his,
1523 2133 1577 2175 qui
1603 2134 1699 2165 sacris

225 2185 355 2215 student
398 2185 653 2223 solemnitatibus,
684 2193 717 2218 et
755 2188 887 2218 audiunt
916 2194 948 2219 et
979 2188 1121 2224 credunt,
1153 2188 1239 2230 quod
1269 2188 1434 2219 homicidae
1465 2187 1551 2228 apud
1579 2187 1699 2218 inferos

227 2238 408 2278 puniuntur,
436 2245 468 2270 et
495 2250 598 2271 rursus
626 2241 687 2272 huc
714 2242 830 2272 reversi
859 2238 969 2283 poenas
998 2242 1174 2273 necessario
1205 2243 1377 2273 secundum
1405 2247 1549 2272 naturam
1575 2241 1698 2273 debitas

226 2292 381 2331 pendunt.
403 2293 523 2335 quippe
540 2304 608 2335 quae
625 2294 695 2324 aliis
710 2295 863 2331 fecerunt,
892 2297 931 2326 ab
957 2296 1026 2326 aliis
1051 2306 1175 2337 quoque
1204 2296 1328 2337 perpeti
1356 2295 1448 2326 simili
1473 2300 1558 2326 sorte
1583 2295 1616 2326 in
1639 2296 1697 2327 hac

225 2345 291 2376 vita
317 2352 479 2388 coguntur.
504 2348 548 2378 illi
578 2348 681 2389 igitur,
704 2349 755 2389 qui
773 2359 940 2390 persuasus
955 2350 1048 2380 fucrit
1063 2355 1094 2380 et
1111 2349 1290 2391 hujusmodi
1305 2349 1456 2391 prooemio
1470 2350 1608 2380 monitus
1622 2350 1699 2381 talia

224 2400 380 2441 supplicia
406 2401 600 2439 extimuerit,
627 2402 744 2433 nullam
772 2402 811 2433 ad
839 2404 904 2434 haec
921 2414 999 2445 opus
1016 2409 1065 2434 est
1081 2405 1182 2445 legem
1209 2413 1346 2445 ponere:
1374 2403 1472 2446 [S'a'l]
1496 2404 1552 2434 sed
1576 2404 1698 2436 homini

224 2459 332 2485 contra
358 2455 472 2486 affecto
503 2456 551 2486 lex
578 2456 638 2487 ista
663 2456 833 2488 scribatur:
860 2458 924 2494 Qui
954 2458 1096 2488 consulto
1123 2458 1222 2488 civem
1249 2468 1340 2488 suum
1368 2467 1462 2488 manu
1484 2457 1612 2500 propria
1636 2469 1695 2500 per

222 2507 366 2549 injuriam
380 2509 583 2546 interfecerit,
595 2511 730 2552 primum
743 2521 761 2541 a
774 2511 911 2552 templis,
926 2522 944 2542 a
959 2511 1035 2548 foro,
1049 2523 1066 2542 a
1077 2512 1228 2554 portubus
1240 2517 1273 2542 et
1287 2511 1325 2542 ab
1339 2512 1422 2542 omni
1436 2519 1518 2543 coetu
1531 2514 1691 2544 communi

221 2572 261 2591 ne
288 2563 458 2603 praesentia
484 2575 540 2595 sua
566 2565 633 2595 haec
665 2565 810 2601 maculet,
836 2566 945 2606 procul
967 2565 1060 2602 absit,
1088 2566 1155 2597 sive
1182 2567 1253 2608 quis
1275 2565 1388 2596 adesse
1410 2565 1609 2598 interdixerit
1622 2567 1690 2598 sive

222 2615 337 2648 nullus.
361 2617 409 2647 lex
425 2618 508 2648 enim
526 2618 592 2659 ipsa
606 2618 781 2655 interdicit,
797 2624 891 2660 atque
908 2619 953 2650 ita
968 2619 1000 2650 id
1016 2625 1113 2657 vetat,
1130 2626 1165 2650 ut
1178 2631 1235 2661 pro
1250 2620 1396 2651 universa
1410 2620 1539 2650 civitate
1559 2619 1692 2652 interdi-

220 2678 292 2700 cere
315 2681 439 2711 semper
462 2677 495 2702 et
519 2672 729 2704 interdictum
755 2683 825 2704 esse
849 2673 1003 2704 videatur.
1027 2673 1155 2710 deinde,
1183 2675 1239 2716 qui
1259 2684 1329 2705 eum
1349 2684 1412 2704 non
1427 2673 1638 2714 persequitur,
1652 2679 1688 2705 ut

219 2722 324 2758 (lecet.
341 2734 399 2755 nec
415 2725 454 2755 ab
472 2725 520 2755 his
537 2731 632 2763 arcet,
647 2727 686 2757 dc
703 2726 892 2768 cognatione
908 2728 1063 2759 interfecti
1081 2739 1179 2770 usque
1195 2729 1235 2759 ad
1252 2727 1413 2770 patrueles
1428 2733 1461 2757 et
1470 2727 1687 2767 consobrinos,

220 2776 355 2816 primum
371 2778 474 2808 scelus
488 2778 691 2821 Deorumque
707 2781 781 2812 odia
795 2781 827 2812 in
842 2782 944 2823 ipsum
960 2788 1132 2818 vertantur,
1147 2783 1228 2814 sicut
1242 2782 1336 2824 vulgo
1353 2781 1433 2823 legis
1447 2781 1635 2822 imprecatio
1650 2788 1683 2813 et

217 2830 400 2862 maledictio
424 2831 546 2863 dictat:
573 2834 688 2866 deinde
713 2845 785 2866 rcus
815 2835 855 2866 sit
879 2836 1005 2877 cuique,
1021 2836 1219 2868 interfectum
1236 2835 1344 2867 ulcisci
1360 2834 1488 2866 volenti.
1511 2835 1566 2876 qui
1580 2840 1683 2867 autem

216 2886 360 2925 persequi
385 2885 480 2922 volet,
505 2897 576 2917 cum
602 2888 707 2919 omnia
722 2889 842 2925 fecerit,
859 2901 927 2931 qua>
943 2891 993 2920 vel
1010 2891 1049 2921 de
1066 2891 1173 2922 luendi
1189 2889 1327 2922 criminis
1341 2888 1558 2920 observatione
1575 2890 1624 2920 vel
1641 2889 1680 2921 de

217 2938 287 2970 aliis
314 2940 550 2984 quibuscunque
577 2942 722 2974 facienda
750 2943 837 2975 Deus
865 2944 1010 2984 instituit,
1025 2950 1067 2983 et,
1083 2955 1152 2987 quae
1169 2943 1368 2987 proediccnda
1385 2948 1468 2982 sunt,
1486 2943 1680 2985 praedixerit,
