1840 3225
154 227 250 278 897]
617 227 689 266 DE
721 226 950 265 LEGIBUS
988 227 1085 266 ΜΒ.
1118 229 1166 265 x.
1532 228 1611 266 415

155 341 299 373 quaenam
311 332 390 363 ratio
406 332 475 363 est?
501 331 598 375 [896]
623 341 698 363 num
714 331 866 362 habemus
879 330 975 361 aliam
987 331 1141 362 rationem
1154 333 1267 373 praeter
1290 341 1372 369 eam,
1397 341 1491 373 quam
1518 330 1615 362 modo

155 385 315 424 diximus;
339 386 424 428 quod
450 387 521 428 ipsa
546 386 646 428 possit
674 397 707 417 se
735 386 835 427 ipsam
860 385 1010 416 movere?
1057 385 1133 417 ΟΜ.
1158 384 1188 415 Α
1215 396 1249 416 se
1265 386 1333 427 ipso
1361 386 1475 417 moveri
1503 384 1616 417 asseris

157 441 314 472 rationem
329 451 399 472 esse
416 442 498 472 illius
513 440 704 477 substantiae,
717 450 812 482 quam
825 439 953 471 nomine
964 450 1075 471 omnes
1089 440 1225 470 animam
1237 439 1453 481 appellamus?
1477 439 1615 471 Arum.

159 495 277 526 Assero
293 495 453 536 equidem.
477 494 564 537 quod
577 494 605 525 si
619 495 663 525 ita
678 499 738 530 est,
753 504 794 525 an
806 492 909 524 adhuc
933 493 1150 524 desideramus
1173 493 1377 524 sufficientius
1401 493 1618 530 demonstrari,

157 548 244 580 idem
255 559 325 580 esse
337 550 470 580 animam
483 554 517 580 et
527 549 658 591 primam
676 548 910 590 generationem
925 558 962 578 ac
978 553 1094 579 motum
1106 559 1220 584 rerum,
1231 558 1301 589 quae
1309 554 1391 584 suut,
1404 559 1472 589 qua-³
1480 549 1618 584 fuerunt,

157 614 290 646 quaeque
304 603 418 634 futurae
433 609 518 643 sunt,
532 603 732 644 omniumque
745 613 849 634 rursus
863 602 933 633 istis
959 603 1180 634 contrariorum
1194 603 1206 633 ?
1237 603 1494 644 quandoquidem
1519 607 1619 633 trans-

160 658 343 689 mutationis
362 662 528 699 motusque
558 657 661 687 omnis
682 657 826 687 omnibus
849 666 942 687 causa
964 667 1031 688 esse
1055 655 1211 698 apparuit.
1258 655 1334 687 Cur.
1369 656 1515 686 Minime.
1547 666 1619 686 nam

158 712 420 743 sufficientissime
445 717 650 742 monstratum
676 716 736 747 est,
766 711 900 742 animam
925 711 1070 742 omnibus
1085 710 1295 752 antiquiorem
1323 721 1402 747 esse,
1432 721 1504 742 cum
1520 715 1620 741 motus

162 766 349 808 principium
363 766 414 798 sit.
457 766 597 798 Arnen.
621 766 736 797 Nonne
752 766 847 807 igitur
861 770 974 803 motus,
991 767 1043 808 qui
1059 767 1098 797 ab
1120 765 1183 796 alio
1204 766 1237 796 in
1263 765 1326 796 alio
1350 766 1395 801 fit,
1424 776 1526 807 quove
1542 765 1620 795 nihil

159 831 297 861 unquam
313 831 347 852 se
361 821 468 862 ipsum
484 826 600 857 movet,
611 821 768 852 secundus
779 826 839 857 est,
854 826 888 851 et
911 826 1007 863 quoto
1030 821 1100 862 quis
1126 821 1201 851 velit
1215 830 1418 851 numerorum
1442 820 1623 856 intervallo,

158 874 312 916 superiori
325 876 426 906 motui
441 874 700 917 postponendus?
724 875 878 916 siquidem
890 876 1029 916 corporis
1044 886 1115 906 vere
1131 875 1295 906 inanimati
1309 875 1442 906 mutatio
1457 879 1516 905 cst.
1545 873 1623 905 Cu.

159 929 273 960 Probe.
319 929 459 960 Arnen.
491 929 594 961 Recte
621 930 717 971 igitur
746 935 778 961 et
806 930 943 972 proprie,
972 940 1108 971 vereque
1139 935 1173 960 et
1201 929 1344 960 absolute
1372 929 1508 960 diximus
1538 928 1624 970 plius

159 993 288 1025 corpore
305 984 442 1014 animam
456 984 571 1016 factam
586 984 695 1020 fuisse,
711 995 823 1026 corpus
839 994 910 1015 vero
924 985 1076 1024 posterius
1091 990 1187 1026 atque
1202 983 1354 1020 secundo,
1375 984 1488 1014 animae
1514 993 1627 1013 secun-

162 1037 235 1069 dum
250 1044 395 1069 naturam
409 1038 585 1070 dominanti
600 1039 786 1081 subjectum.
811 1038 1069 1070 CmNerissima
1090 1039 1159 1069 haec
1183 1043 1265 1069 sunt.
1302 1038 1442 1070 Arnim.
1465 1037 1628 1068 Recorda-

161 1102 230 1122 mur
243 1102 300 1123 nos
307 1093 342 1123 in
356 1093 567 1133 superioribus
580 1093 784 1129 concessisse,
796 1093 824 1123 si
835 1093 992 1134 antiquior
1003 1102 1131 1133 corpore
1144 1093 1247 1123 anima
1257 1093 1443 1128 declaretur,
1455 1092 1510 1122 illa
1522 1092 1631 1128 etiam,

161 1157 232 1188 quae
248 1146 360 1177 animae
375 1152 569 1189 competunt,
586 1147 635 1184 iis,
651 1157 721 1189 quae
738 1147 877 1187 corporis
890 1147 1015 1187 propria
1029 1152 1113 1182 sunt,
1129 1147 1232 1188 priora
1246 1157 1314 1177 esse
1337 1147 1428 1177 simul
1451 1146 1606 1177 declarari
1619 1146 1631 1177 ?

164 1202 242 1233 Cu.
264 1201 418 1233 Maxime.
463 1202 600 1233 Aram.
625 1201 774 1232 Affectus
786 1211 873 1242 ergo,
890 1211 1002 1236 mores,
1018 1201 1207 1237 voluntates,
1223 1201 1441 1242 cogitationes,
1455 1211 1538 1231 verae
1561 1201 1630 1242 opi—

164 1256 288 1292 niones,
309 1266 403 1292 curae,
417 1256 585 1290 memoriae.
601 1256 707 1286 omnia
719 1255 786 1285 haec
803 1255 1001 1296 longitudine
1017 1265 1191 1296 corporum,
1207 1255 1388 1292 latitudine,
1403 1255 1633 1297 profunditate,

165 1310 287 1346 robore,
297 1311 382 1352 prius
393 1310 477 1341 facta
492 1314 565 1340 sunt
579 1322 585 1339 :
604 1310 686 1341 sicut
700 1316 733 1340 et
747 1311 854 1340 anima
861 1319 1001 1350 corpore.
1048 1309 1126 1340 Cu.
1137 1309 1277 1340 Necesse
1295 1315 1353 1340 est.
1391 1311 1530 1341 ATHEN.
1546 1309 1633 1340 Num

165 1364 264 1395 etiam
280 1364 451 1396 concedere
467 1365 619 1406 cogimur,
637 1366 786 1396 bonorum
801 1370 833 1394 et
848 1364 1008 1399 malorum,
1024 1364 1227 1394 honestorum
1241 1369 1274 1394 et
1302 1364 1452 1405 turpium,
1474 1364 1634 1406 justorum

166 1423 200 1450 et
213 1419 413 1461 injustorum,
425 1426 664 1460 ceterorumque
676 1418 902 1450 contrariorum
913 1427 1043 1449 causam
1054 1427 1123 1448 esse
1135 1418 1145 1448 ?
1175 1418 1201 1448 si
1214 1418 1341 1459 quidem
1355 1429 1482 1449 causam
1493 1418 1634 1449 omnium

165 1473 271 1515 ipsam
286 1475 461 1505 asserimus.
507 1472 586 1505 CLI.
610 1473 672 1505 Cur
685 1473 774 1503 non?
820 1472 959 1504 Arnim.
981 1471 1131 1503 Animam
1152 1478 1268 1504 cuncta
1293 1473 1521 1514 gubernantem
1545 1478 1578 1504 et
1601 1473 1636 1504 in

169 1528 326 1565 omnibus,
341 1539 411 1570 quae
425 1533 601 1564 moventur,
617 1528 823 1563 habitantem,
837 1536 943 1558 nonne
959 1530 990 1557 et
1006 1527 1117 1558 coelum
1140 1527 1312 1568 gubernare
1336 1528 1513 1559 necessario
1537 1528 1638 1559 confi-

168 1582 325 1614 tebimur?
372 1582 449 1615 Cu.
484 1582 634 1614 Omnino.
679 1582 817 1613 Arum.
852 1581 958 1613 Unam
982 1581 1079 1623 igitur
1100 1592 1142 1612 an
1166 1582 1298 1623 plures?
1345 1583 1454 1614 Plures
1478 1588 1575 1620 certe,
1602 1587 1639 1613 ut

171 1647 230 1678 ego
247 1648 302 1678 pro
315 1637 404 1668 vobis
423 1639 642 1678 respondeam.
686 1636 758 1668 Nec
782 1637 950 1678 pauciores
973 1646 1066 1678 quam
1090 1637 1171 1667 duas
1191 1646 1310 1677 ponere
1338 1637 1511 1668 debemus:
1540 1647 1637 1668 unam

172 1691 357 1728 beneficam,
373 1692 556 1723 contrariam
573 1692 716 1722 alteram.
760 1691 837 1723 Cn.
860 1690 961 1721 Recte
984 1689 1166 1721 admodum.
1211 1690 1351 1722 Arnim.
1374 1691 1530 1722 Universa
1551 1701 1637 1732 ergo,

173 1755 244 1787 quae
265 1745 298 1776 in
315 1746 393 1777 coelo
409 1752 491 1782 sunt,
508 1756 578 1787 quae
594 1746 627 1776 in
641 1751 734 1781 terra,
752 1756 822 1786 quae
845 1745 877 1775 in
900 1745 990 1781 mari,
1015 1745 1079 1775 suis
1099 1746 1237 1776 motibus
1258 1746 1362 1777 anima
1387 1746 1495 1777 ducit:
1527 1746 1639 1788 quibus

172 1800 303 1831 nomina
314 1807 395 1837 sunt,
405 1801 499 1837 velle,
515 1801 725 1836 considerare,
743 1810 861 1835 curare,
878 1800 1068 1835 consultare,
1079 1799 1175 1842 [897]
1188 1805 1273 1831 recte
1288 1806 1321 1831 et
1333 1811 1393 1831 non
1406 1806 1494 1832 recte
1506 1801 1640 1843 opinari,

172 1854 284 1892 laetari,
308 1854 428 1891 dolere,
457 1856 583 1892 audere,
615 1860 764 1891 metuere,
789 1854 904 1890 odisse,
934 1854 1095 1894 deligere3
1126 1860 1159 1885 et
1185 1855 1297 1885 ceteris
1329 1861 1476 1896 praeterea
1503 1855 1639 1886 motibus

174 1909 329 1945 omnibus,
362 1910 416 1951 qui
442 1910 550 1941 horum
583 1910 691 1940 affines
730 1909 882 1950 primique
909 1913 990 1945 sunt,
1022 1909 1075 1949 qui
1101 1914 1134 1939 et
1156 1909 1313 1939 secundos
1343 1919 1509 1950 corporum
1535 1915 1641 1940 motus

175 1964 394 2005 suscipientes,
406 1956 511 1995 omnia
523 1965 558 1994 in
575 1969 776 2005 augmentum
795 1964 1092 2004 decrementumque
1120 1964 1310 2004 perducunt,
1338 1966 1567 1995 concretionem
1590 1965 1640 1995 vel

176 2017 467 2055 condensationem‚
482 2023 515 2050 et
529 2018 751 2049 discretionem
767 2018 818 2048 vel
833 2018 1085 2055 raresco-tionem,
1099 2023 1133 2048 et
1146 2018 1180 2048 in
1206 2029 1253 2055 ea,
1277 2028 1347 2060 quae
1372 2019 1433 2049 ista
1457 2023 1642 2061 sequuntur,

177 2071 366 2109 calitlirates¹
382 2073 582 2113 frigiditates‚
598 2073 776 2114 gravitates,
789 2072 947 2110 levitates,
965 2072 1091 2108 durum,
1106 2073 1210 2109 molle,
1233 2073 1350 2109 album,
1375 2073 1510 2114 nigrum,
1538 2079 1642 2104 auste—

178 2137 256 2163 rum,
271 2126 374 2163 dulce,
392 2136 551 2157 amarum:
579 2134 611 2158 ct
623 2127 761 2169 denique
780 2128 935 2164 omnibus,
953 2127 1065 2169 quibus
1090 2128 1195 2158 anima
1212 2138 1277 2164 usa,
1294 2128 1319 2158 si
1344 2128 1540 2160 intellectum
1566 2139 1644 2170 quo-

180 2190 242 2222 que
259 2191 383 2222 semper
398 2181 539 2212 divinum
555 2182 722 2224 accept-rit,
738 2188 823 2213 recte
837 2187 952 2212 cuncta
964 2181 1026 2212 diis
1037 2187 1122 2212 recta
1138 2182 1306 2222 feliciaque
1318 2183 1465 2223 perducit
1485 2194 1492 2212 ι
1508 2183 1557 2213 sin
1572 2192 1644 2213 vcro

182 2236 323 2266 amentia
337 2236 504 2278 conjuncta
516 2236 621 2273 suerit,
638 2237 742 2267 omnia
755 2237 804 2267 his
820 2236 975 2268 contraria
985 2236 1071 2267 facit.
1098 2236 1250 2267 damusne
1266 2237 1325 2267 ista
1338 2238 1381 2267 sic
1398 2248 1430 2267 se
1445 2237 1577 2267 habere?
1603 2246 1644 2267 an

182 2289 284 2321 adhuc
301 2290 440 2331 ambigui
454 2291 580 2321 sumus?
616 2292 692 2322 Cu.
706 2291 803 2322 Nullo
820 2292 913 2322 modo
929 2291 1125 2332 ambigimus,
1173 2293 1307 2321 Arnus.
1320 2291 1432 2322 Utrum
1445 2301 1518 2332 ergo
1532 2291 1645 2321 animae

184 2354 295 2385 genus,
309 2344 431 2381 coelum,
446 2350 561 2376 terram
573 2351 738 2387 totumque
763 2347 867 2376 orbem
885 2356 992 2386 regere
1019 2346 1212 2381 amittamur,
1232 2347 1313 2386 quod
1342 2351 1445 2376 mente
1466 2345 1645 2386 virtuteque

183 2397 333 2428 refertum
349 2405 398 2428 est
411 2399 421 2428 ?
446 2409 486 2429 an
501 2399 586 2440 quod
606 2405 692 2431 caret
706 2401 846 2441 utrisque
860 2401 870 2431 ?
895 2401 1041 2436 vultisne,
1059 2406 1094 2430 ut
1108 2401 1150 2430 ita
1165 2400 1434 2441 respondeamus?
1480 2400 1556 2431 Cm.
1573 2400 1647 2436 Quo

183 2457 277 2494 pacto
291 2453 302 2482 ?
350 2453 485 2483 Arnen.
507 2454 559 2484 lta
571 2453 724 2491 dicamus,
737 2465 755 2485 o
768 2455 898 2485 mirifice
914 2455 970 2491 vir,
984 2456 1008 2485 si
1025 2455 1189 2485 universus
1203 2455 1273 2484 coeli
1284 2454 1431 2485 circuitus
1446 2459 1479 2484 et
1494 2455 1647 2490 omnium,

185 2517 255 2548 quae
271 2507 302 2536 in
320 2517 357 2537 eo
375 2512 457 2543 sunt,
471 2509 648 2549 progressio
666 2509 776 2539 mentis
802 2510 902 2540 motui
922 2515 953 2540 ct
979 2510 1171 2540 circulationi
1199 2514 1230 2539 et
1254 2509 1368 2541 rationi
1391 2509 1527 2539 similem
1552 2509 1649 2539 habet

185 2566 341 2598 naturam,
367 2570 399 2592 et
420 2562 514 2592 simili
540 2563 677 2603 quadam
700 2565 819 2593 ratione
853 2564 1032 2604 peragitur;
1060 2569 1183 2594 constat
1208 2564 1358 2605 optimam
1387 2563 1520 2593 animam
1551 2563 1650 2593 totius

187 2615 297 2646 mundi
321 2616 433 2646 curam*
449 2616 563 2647 habere
580 2617 819 2648 concedendum
833 2628 912 2654 esse,
928 2619 1012 2648 unde
1031 2619 1085 2648 tali
1111 2619 1229 2648 ratione
1255 2618 1525 2649 circumvolvatur.
1571 2617 1650 2649 Cm.

188 2668 305 2701 Recte.
351 2669 488 2702 Arnen.
509 2671 563 2701 Sin
588 2682 661 2702 vero
685 2671 800 2703 furiose
839 2678 872 2703 et
895 2673 962 2703 sine
986 2672 1095 2703 ordine
1118 2679 1273 2709 movetur,
1296 2673 1423 2703 malam.
1469 2672 1546 2704 CLI.
1569 2672 1648 2702 Haec

187 2734 312 2766 quoque
329 2729 425 2756 recte.
475 2724 608 2756 Arum.
632 2726 736 2763 Quam
749 2725 842 2767 igitur
859 2728 972 2758 mentis
984 2734 1086 2758 motus
1107 2733 1250 2758 naturam
1277 2727 1392 2758 habet?
1424 2728 1477 2758 sed
1503 2727 1543 2757 ad
1567 2727 1649 2756 hanc

190 2779 410 2818 quaestionem‚
441 2790 459 2811 o
485 2780 589 2816 amici,
613 2781 783 2822 prudenter
806 2784 992 2823 respondere
1015 2782 1143 2812 difficile
1170 2787 1229 2814 est.
1251 2792 1346 2824 quare
1368 2791 1425 2822 par
1449 2786 1509 2818 est,
1533 2786 1568 2811 ut
1589 2789 1649 2820 ego

176 2832 349 2864 <vobiscum
377 2835 594 2876 respondeam.
640 2834 718 2867 CL1.
741 2835 842 2866 Probe
867 2837 1015 2878 loqueris.
1059 2836 1198 2867 Arnim.
1221 2835 1342 2868 Cavere
1357 2836 1462 2878 itaque
1485 2835 1649 2870 debemus,

190 2896 232 2917 ne
245 2887 333 2928 quasi
347 2898 385 2919 ex
406 2890 553 2931 opposito
577 2891 617 2920 ad
641 2891 742 2921 solem
764 2892 906 2922 conversi
931 2898 962 2922 et
991 2891 1023 2921 in
1054 2891 1186 2922 meridie
1209 2896 1332 2922 noctem
1359 2895 1491 2932 agentes
1518 2886 1650 2929 perinde

191 2942 449 2983 respondeamus,
478 2954 514 2976 ac
539 2945 567 2976 si
593 2945 779 2978 mortalibus
805 2945 904 2977 oculis
933 2955 1024 2977 mens
1051 2946 1242 2978 sufficienter
1271 2944 1413 2986 conspici
1440 2942 1650 2985 cognoscique
