1840 3225
218 258 313 312 319]
767 256 1026 298 EPISTOLA
1072 258 1143 297 111.
1597 258 1676 295 475

213 361 383 403 perspicio,
399 372 477 405 opes
491 367 557 394 tam
574 362 766 405 privatorum
781 372 876 404 quam
900 362 1094 404 principum,
1104 367 1224 403 quanto
1235 360 1370 403 majores
1383 365 1467 398 sunt,
1477 364 1566 392 tanto
1578 360 1678 402 magis

211 415 412 448 insidiatores
437 422 470 448 et
495 418 633 459 turpium
657 418 884 457 noxiarumque
900 416 1094 456 voluptatum
1111 416 1339 446 machinatores
1353 416 1472 446 nutrire
1488 428 1495 445 ε
1519 426 1582 457 quo
1599 415 1679 444 nihil

212 471 418 510 perniciosius
441 471 543 513 gignit
567 471 731 513 opulentia
757 476 850 511 atque
870 475 1023 511 potestas.
1059 475 1277 500 verumtamen
1303 470 1428 500 omissis
1458 469 1506 500 his
1532 468 1678 500 omnibus

212 524 320 555 venire
335 524 472 562 decrevi,
489 536 527 556 ne
543 526 678 566 querelae
694 525 858 556 materiam
873 524 970 554 alicui
982 522 1183 554 familiarium
1198 533 1338 553 meorum
1351 524 1576 565 relinquerem,
1588 522 1676 564 quod

214 588 287 609 cum
308 584 439 619 possent
462 578 532 620 ejus
556 589 607 610 res
620 580 715 610 salvae
730 589 809 614 esse,
826 578 866 609 ob
882 577 1108 618 negligentiam
1124 587 1228 607 meam
1242 577 1411 616 perissent.
1434 587 1504 618 quae
1518 587 1592 607 vero
1606 581 1679 617 post

212 632 385 663 adventum
415 643 519 664 meum
548 638 657 665 secuta
678 634 753 669 sint,
779 638 814 663 tu
837 631 957 673 optime
980 631 1075 662 nosti.
1099 631 1266 662 censebam
1281 631 1441 671 equidem,
1454 636 1490 661 ut
1504 630 1680 661 secundum

211 687 366 726 promissa
380 687 587 728 epistolarum
601 693 721 718 tuarum
737 697 833 728 quam
849 686 982 728 primum
1000 685 1140 715 Dionem
1154 695 1319 715 revocares
1334 690 1367 715 et
1375 684 1510 726 pristina
1520 684 1681 715 familiari·

212 745 278 771 tate
306 741 485 782 reciperes:
525 740 613 782 cujus
643 751 700 782 ego
725 739 880 771 rationem
909 738 1088 770 habendam
1115 749 1183 769 esse
1209 739 1373 780 putabam·
1394 739 1428 769 in
1459 749 1520 780 quo
1549 738 1575 769 si
1606 738 1681 769 mihi

210 794 380 835 paruisses,
392 795 471 825 forte
486 795 600 826 melius
616 799 676 825 tuae
693 800 726 825 et
747 795 1014 836 Syracusanorum
1030 798 1270 834 ceterorumque
1286 792 1468 823 Graecorum
1482 802 1546 828 res,
1563 797 1598 822 ut
1610 802 1683 823 mea

210 848 402 879 vaticinatur
428 848 548 890 opinio,
579 859 646 879 sese
673 848 835 879 haberent.
859 847 1028 878 arbitrabar
1056 846 1186 888 deinde,
1214 847 1298 877 bona
1324 846 1439 877 Dionis
1469 846 1532 876 suis
1558 845 1682 876 restitui

212 900 348 932 debere:
376 901 474 944 [318]
497 913 558 933 nec
584 903 647 933 illis
672 902 869 939 divisoribus,
897 912 977 943 quos
992 906 1025 932 tu
1043 901 1240 942 praefeceras,
1256 911 1361 931 eorum
1378 900 1681 931 administrationem

212 956 350 996 amplius
363 956 507 997 relinqui.
525 956 711 998 judicabam
725 962 879 998 praeterea
893 954 1070 997 pecuniam,
1086 955 1221 995 singulis
1236 955 1328 985 annis
1342 954 1440 985 Dioni
1451 954 1575 984 solitam
1585 953 1683 990 mitti,

211 1018 280 1040 esse
305 1010 503 1046 mittendam,
519 1021 583 1041 non
598 1011 782 1041 diminutam
808 1011 849 1040 ob
870 1010 1073 1052 praesentiam
1087 1019 1202 1045 meam,
1218 1008 1275 1039 sed
1290 1008 1392 1049 magis
1408 1008 1584 1038 adauctam.
1607 1017 1682 1038 curn

212 1068 319 1093 autem
347 1065 453 1095 horum
476 1064 556 1094 nihil
581 1065 637 1095 abs
663 1070 693 1095 te
716 1064 884 1106 impetrare
912 1074 1046 1105 possem,
1071 1063 1155 1093 abire
1171 1063 1332 1093 constitui.
1354 1068 1389 1092 tu
1412 1072 1484 1092 vero
1499 1072 1614 1092 annum
1633 1071 1683 1092 me

211 1122 395 1157 exspectare
417 1119 546 1159 rogasti,
571 1118 727 1149 affirmans
752 1123 784 1148 te
809 1118 924 1148 Dionis
939 1117 1023 1148 bona
1040 1117 1147 1147 omnia
1160 1116 1368 1152 redditurum,
1385 1116 1431 1147 ita
1444 1124 1481 1146 ut
1491 1115 1596 1146 media
1610 1125 1685 1157 pars

216 1170 403 1202 Corinthum
433 1172 474 1203 ad
501 1172 640 1204 Dionem
668 1173 771 1214 ipsum
801 1173 993 1208 mitteretur,
1021 1171 1141 1213 reliqua
1166 1181 1240 1202 vero
1268 1181 1326 1212 pro
1353 1171 1421 1212 ejus
1435 1170 1498 1200 filio
1518 1169 1684 1211 Syracusis

212 1231 365 1256 maneret.
387 1226 488 1257 multa
504 1232 656 1268 praeterea
667 1228 781 1258 referre
797 1237 938 1268 possum,
955 1237 1024 1268 quae
1040 1226 1191 1266 promissa
1206 1235 1225 1255 a
1242 1230 1272 1255 te
1286 1229 1408 1255 servata
1434 1234 1497 1254 non
1520 1229 1606 1254 sunt.
1628 1224 1685 1254 sed

212 1288 252 1309 ea
277 1280 318 1310 ob
345 1280 578 1311 multitudinem
607 1281 730 1312 omitto.
752 1292 824 1312 cum
853 1281 939 1311 enim
967 1280 1119 1311 bonorum
1152 1279 1266 1309 Dionis
1296 1278 1436 1309 omnium
1467 1277 1685 1308 venditionem

212 1331 334 1363 faceres
349 1333 466 1376 absque
480 1335 546 1365 ullo
561 1334 630 1375 ejus
645 1345 813 1372 consensu,
830 1345 1020 1376 quamquam
1034 1335 1080 1364 ita
1095 1335 1219 1364 demum
1235 1333 1295 1363 hoc
1310 1331 1490 1363 faciendum
1507 1331 1642 1368 dixeras,
1658 1331 1686 1361 si

211 1386 268 1417 ille
298 1389 522 1428 assentiretur3
556 1389 714 1429 promissis
749 1389 906 1425 omnibus,
941 1400 960 1419 o
989 1389 1036 1419 vir
1063 1387 1227 1424 mirabilis,
1259 1386 1493 1428 colophonium,
1520 1391 1558 1416 ut
1585 1385 1686 1422 aiunt,

214 1441 397 1482 suffragium
413 1442 570 1484 finemque
586 1443 844 1484 gloriosissimum
857 1442 1046 1484 imposuistI.
1058 1452 1124 1473 rem
1137 1441 1280 1483 profecto
1290 1451 1395 1481 neque
1409 1441 1573 1471 honestam
1583 1449 1687 1480 neque

213 1495 416 1526 honorificam
432 1507 535 1537 neque
546 1496 668 1538 justam
682 1507 788 1538 neque
804 1497 916 1528 utilem
931 1497 1139 1532 machinatus,
1156 1505 1207 1526 me
1223 1495 1382 1526 deterrere
1398 1499 1530 1525 conatus
1545 1504 1591 1530 es,
1617 1499 1687 1524 tan-

214 1558 310 1590 quam
335 1559 442 1581 rerum
466 1551 592 1581 illarum
619 1551 761 1582 nescium
777 1563 786 1590 3
810 1561 872 1592 quo
887 1561 946 1592 ego
960 1550 1113 1592 pecunias
1129 1549 1170 1580 ad
1187 1549 1327 1580 Dionem
1342 1548 1514 1579 mittendas
1528 1548 1687 1589 postulare

210 1602 409 1634 desisterem.
431 1614 506 1634 nam
536 1615 605 1635 cum
632 1605 834 1637 Heraclidem
860 1605 1006 1646 pelleres,
1033 1604 1120 1646 quod
1141 1614 1245 1645 neque
1269 1603 1470 1645 Syracusanis
1485 1612 1590 1644 neque
1605 1602 1685 1633 mihi

210 1655 332 1696 justum
348 1657 524 1699 videbatur,
537 1668 659 1700 egoque
673 1669 736 1690 una
758 1670 828 1690 cum
844 1659 1009 1690 Theodote
1023 1664 1056 1690 et
1072 1658 1213 1700 Eurybio
1226 1668 1282 1698 pro
1301 1657 1469 1688 Heraclide
1487 1657 1686 1696 deprecarer,

213 1716 347 1752 accepta
377 1712 450 1742 hinc
479 1713 570 1753 quasi
597 1713 767 1744 sufficienti
793 1713 930 1754 quadam
957 1713 1134 1748 occasione,
1157 1711 1347 1754 jampridem
1378 1717 1410 1742 te
1441 1710 1706 1752 deprehendisse-

186 1800 191 1806 ,
214 1764 321 1795 dixisti
335 1765 454 1796 nullam
472 1767 550 1797 mihi
564 1777 673 1797 curam
687 1778 756 1798 esse
770 1777 876 1798 rerum
891 1772 1027 1803 tuarum,
1043 1766 1100 1797 sed
1124 1765 1239 1797 Dionis
1252 1766 1355 1796 solum
1370 1765 1499 1807 ejusque
1513 1764 1688 1796 amicorum

214 1823 249 1849 et
273 1820 515 1861 propinquorum
530 1832 537 1850 z
560 1821 682 1862 itaque,
709 1832 780 1852 cum
796 1821 984 1851 Heraclides
999 1826 1031 1851 et
1046 1819 1240 1856 Theodotes,
1256 1819 1374 1851 Dionis
1389 1819 1492 1854 amici,
1506 1818 1688 1859 suspicione

214 1872 354 1904 criminis
383 1884 445 1904 non
471 1880 623 1911 carerent,
650 1885 702 1905 me
728 1875 834 1905 omnia
862 1875 979 1911 facere,
1008 1885 1071 1916 quo
1101 1874 1227 1906 meritas
1252 1883 1363 1915 peenas
1388 1883 1452 1903 non
1479 1873 1600 1903 darent.
1619 1873 1688 1904 haec

214 1926 347 1967 quidem
369 1927 519 1959 innostra
546 1929 602 1959 illa
623 1929 726 1959 civilis
752 1929 1031 1959 administrationis
1058 1928 1277 1959 communione
1299 1932 1331 1958 et
1355 1937 1577 1968 quamcunque
1591 1926 1687 1956 aliam

215 1980 448 2012 dissensionem
465 1982 553 2013 nobis
569 1983 722 2013 accidisse
740 1983 820 2024 quid
833 1983 946 2013 mirum
963 1984 975 2013 ?
1000 1993 1111 2024 pravus
1128 1983 1214 2013 enim
1230 1992 1249 2012 a
1265 1981 1472 2023 prudentibus
1485 1980 1562 2010 viris
1575 1980 1686 2010 merito

215 2034 387 2065 existimari
400 2045 537 2075 possem,
554 2036 580 2066 si
596 2037 747 2077 potentiae
763 2042 826 2067 ture
843 2036 1060 2077 magnitudine
1077 2036 1230 2067 adductus
1247 2041 1381 2066 veterem
1403 2034 1539 2065 amicum
1561 2040 1594 2064 et
1616 2035 1688 2064 hos·

213 2087 318 2128 pitem
343 2098 460 2125 meum,
488 2100 506 2120 a
532 2095 563 2120 te
589 2091 690 2131 patria
714 2091 850 2131 pulsum,
880 2091 968 2121 nulla
994 2091 1026 2120 in
1051 2096 1153 2131 parte,
1179 2096 1215 2120 ut
1239 2090 1284 2120 ita
1298 2090 1418 2130 loquar,
1436 2093 1466 2119 te
1489 2087 1688 2124 deteriorem,

215 2142 423 2182 prodidissem
450 2148 545 2184 atque
567 2144 791 2180 destituissem,
814 2150 846 2175 te
877 2155 950 2176 vero
979 2144 1185 2185 injuriantem
1201 2143 1250 2174 illi
1266 2143 1519 2185 praeposuissem‚
1536 2147 1568 2172 et
1584 2143 1691 2173 omnia

215 2194 376 2232 fecissem,
393 2206 464 2237 quae
490 2197 670 2238 imperares,
684 2204 807 2229 tuarum
831 2199 954 2229 scilicet
981 2209 1074 2239 opum
1103 2197 1213 2239 gratia.
1237 2202 1321 2229 certe
1346 2197 1372 2227 si
1399 2197 1490 2227 illurn
1514 2197 1558 2226 tui
1589 2197 1690 2237 gratia

216 2248 437 2290 prodidissem,
464 2261 558 2282 nemo
584 2252 680 2282 aliam
706 2253 888 2283 mutationis
911 2262 991 2283 meae
1009 2262 1134 2283 causam
1161 2252 1258 2282 fuisse
1284 2250 1424 2281 dixisset.
1447 2252 1513 2280 haec
1539 2250 1634 2291 igitur
1645 2251 1691 2281 ita

218 2308 306 2344 gesta
335 2314 428 2335 causa
453 2305 580 2336 suerunt
605 2307 814 2338 succensendi
834 2306 917 2337 inter
940 2316 999 2337 nos
1023 2311 1055 2337 et
1074 2306 1152 2336 nihil
1169 2300 1433 2336 cbmmunicandi.
1460 2303 1556 2346 [319]
1581 2314 1690 2334 verum

217 2356 298 2387 mihi
314 2362 489 2398 opportune
499 2359 566 2400 jam
579 2370 682 2390 sermo
699 2361 732 2391 in
747 2371 815 2391 earn
828 2361 940 2391 transit
954 2366 1087 2402 partem,
1103 2359 1142 2390 de
1158 2370 1219 2401 qua
1235 2358 1373 2390 secundo
1399 2358 1475 2388 mihi
1496 2358 1566 2389 loco
1582 2358 1690 2389 dicen-

219 2409 295 2441 dum
321 2413 483 2452 proposui.
505 2413 647 2450 attende,
674 2415 814 2451 obsecro,
842 2414 1018 2456 diligenter,
1045 2413 1072 2445 si
1096 2424 1201 2444 verum
1228 2412 1287 2444 tibi
1305 2412 1410 2443 dicere
1434 2412 1550 2443 videor.
1574 2411 1646 2442 dico
1659 2417 1692 2443 te

219 2464 414 2495 Archidamo
439 2472 595 2506 praesente
633 2472 665 2497 et
692 2467 890 2504 Aristocrito,
914 2478 987 2499 cum
1017 2478 1103 2499 esses
1129 2467 1161 2498 in
1178 2467 1284 2504 hortis,
1301 2466 1411 2508 viginti
1426 2466 1522 2496 ferme
1537 2465 1605 2496 dies
1617 2471 1690 2496 ante

217 2529 379 2549 recessum
393 2528 501 2550 meum
517 2530 534 2550 e
549 2520 711 2562 Syracusis
726 2521 881 2558 Athenas,
897 2522 1015 2552 dixisse
1030 2522 1108 2552 mihi
1123 2523 1189 2557 illa,
1206 2532 1274 2562 quae
1288 2531 1372 2552 nime
1386 2520 1483 2551 etiam
1498 2519 1588 2555 dicis,
1605 2520 1691 2561 quod

220 2572 401 2603 Heraclidis
424 2578 458 2604 et
483 2574 615 2605 aliorum
640 2576 782 2606 omnium
810 2576 912 2617 magis
941 2586 1037 2616 quam
1060 2576 1104 2606 tui
1120 2585 1228 2606 curam
1244 2575 1400 2605 haberem.
1424 2578 1578 2615 praeterea
1592 2574 1690 2604 mein

221 2627 390 2667 praesentia
406 2626 531 2657 illorum
546 2629 671 2669 rogasti,
699 2639 739 2660 an
759 2630 988 2666 meminissem,
1004 2639 1076 2661 cum
1091 2629 1192 2671 primo
1208 2629 1377 2670 Syracusas
1391 2628 1474 2663 veni,
1491 2626 1622 2658 suasisse
1640 2637 1690 2658 me

221 2679 281 2711 tibi
307 2681 452 2711 civitates
469 2681 598 2712 Graecas
611 2683 790 2715 restituere.
815 2695 938 2725 egoque
955 2684 1100 2715 concessi
1114 2683 1298 2714 meminisse
1320 2692 1371 2713 me
1389 2694 1395 2711 :
1421 2687 1453 2712 et
1468 2680 1576 2711 addidi
1593 2680 1690 2710 etiam

219 2740 295 2765 tunc
322 2735 475 2775 optimum
505 2735 578 2765 mihi
608 2736 716 2767 videri.
740 2737 904 2768 fatendum
930 2744 988 2773 est,
1022 2749 1040 2768 o
1070 2737 1217 2779 Dionysi,
1241 2736 1329 2778 quod
1345 2735 1479 2767 subinde
1495 2736 1693 2766 dictumest.

221 2788 301 2828 petii
327 2787 486 2829 equidem,
513 2793 613 2820 utrum
644 2790 677 2820 id
701 2791 804 2822 solum
833 2791 890 2823 tibi
916 2791 1309 2827 consuluissem,analiud
1330 2795 1493 2831 praeterea.
1519 2787 1559 2818 ad
1576 2788 1690 2817 liaectu

220 2840 371 2872 iracunde
389 2843 519 2874 nimium
534 2848 566 2874 et
581 2845 806 2875 contumeliose
819 2845 1022 2886 respondisti,
1040 2850 1073 2875 et
1088 2844 1151 2875 alia
1166 2845 1262 2875 etiam
1277 2854 1328 2874 me
1355 2842 1558 2884 praecepisse.
1582 2842 1688 2881 itaque

223 2895 417 2926 contumelia
439 2901 514 2927 tunc
542 2897 574 2927 in
591 2908 638 2927 me
656 2897 687 2927 id
704 2898 773 2934 suit,
791 2904 825 2928 ut
843 2899 971 2940 putasti,
987 2909 1071 2929 nunc
1088 2903 1193 2929 autem
1208 2898 1398 2929 asseveratio
1417 2906 1470 2936 pro
1486 2894 1605 2924 somnio
1633 2901 1692 2924 est.

222 2950 338 2987 rogasti
369 2955 471 2982 autem
500 2962 549 2983 mc
578 2960 686 2993 aperte
713 2952 856 2985 nimium.
885 2954 910 2984 si
934 2954 1013 2984 bone
1046 2953 1119 2994 quid
1150 2953 1287 2984 memini.
1319 2962 1367 2982 me
1401 2949 1554 2982 derisione,
1574 2958 1611 2978 an
1630 2948 1688 2978 ista
