1840 3225
182 197 278 247 781]
644 196 716 234 DE
748 195 978 234 LEGIBUS
1011 196 1107 235 ΗΒ.
1140 197 1209 235 vi.
1572 200 1643 237 361

178 306 241 337 tur,
254 301 309 342 qui
321 301 436 336 caveis,
452 301 552 332 foveis
567 299 770 342 aediftciisque
785 300 936 331 confectis
947 301 1039 342 longe
1056 302 1162 332 hostes
1177 311 1196 331 a
1211 300 1322 331 finibus
1338 306 1476 331 arceant.
1498 306 1532 330 et
1543 310 1646 331 muros

177 355 308 396 quidem
323 354 606 386 circumducimus:
623 353 708 395 quod
725 355 856 395 primum
868 353 909 384 ad
919 354 1084 386 sanitatem
1095 355 1274 386 civitatibus
1283 355 1362 386 nihil
1375 354 1514 385 confert:
1531 353 1647 385 deinde

176 410 300 441 animos
310 410 426 441 civium
442 409 604 440 demollire
615 415 646 439 et
655 418 804 439 enervare
814 409 989 440 consuevit.
1011 408 1108 451 [779]
1133 410 1272 440 efficiunt
1293 409 1390 445 enim,
1406 406 1440 440 ut
1455 409 1551 440 facile
1563 408 1647 440 intra

178 474 234 495 eos
250 475 281 495 se
294 465 483 505 recipientes
495 464 600 494 hostes
614 463 742 493 minime
760 463 879 503 fugent,
896 468 1069 503 putentque
1088 474 1119 493 se
1135 474 1199 494 non
1214 464 1327 493 diurna
1342 469 1558 504 nocturnaque
1575 471 1648 493 cus·

177 517 264 549 todia
279 518 455 559 vigilantes,
472 516 528 548 sed
545 527 699 547 murorum
715 522 805 558 septo
817 523 850 548 et
863 517 944 548 vallo
958 516 1150 548 dunnientes
1160 518 1262 548 salvos
1278 518 1354 554 sore,
1371 517 1461 558 quasi
1472 518 1510 548 ad
1528 516 1646 548 desidi-

177 582 225 602 am
243 572 309 603 nati
322 572 402 603 sint:
426 571 605 612 ignorantes
629 578 714 601 certe
740 571 879 612 quietem
899 582 919 602 a
934 571 1090 602 laboribus
1104 572 1257 613 originem
1274 572 1406 606 trahere,
1424 578 1517 613 atque
1529 582 1545 602 e
1560 572 1647 613 turpi

177 626 246 658 otio
275 632 311 657 et
346 625 538 667 negligentia
566 625 653 657 nasci
685 626 807 657 labores
836 626 948 657 solere.
979 628 1087 657 verum
1117 627 1143 657 si
1172 627 1267 657 muris
1297 625 1453 666 aliquibus
1481 625 1645 657 muniendi

177 681 318 712 homines
333 686 414 716 sunt,
433 680 478 711 sic
495 681 535 710 ab
558 679 650 710 initio
676 680 805 721 privata:
832 680 942 711 domus
969 691 1101 722 quaeque
1126 679 1310 715 condantur,
1325 686 1360 710 ut
1374 685 1440 710 tota
1452 680 1525 710 urbs
1541 689 1645 720 aequa-

173 734 263 765 litate
279 741 312 764 et
326 734 531 765 similitudine
548 745 626 765 unus
642 735 683 765 sit
709 746 825 771 murus,
841 735 1041 776 habeamque
1069 734 1179 765 domus
1206 745 1316 765 omnes
1346 734 1391 764 sic
1408 741 1509 764 tutum
1525 733 1565 764 ad
1581 734 1649 764 vias

175 787 306 819 aditum.
330 799 400 829 quae
416 794 502 819 certe
529 788 692 829 dispositio
717 799 749 819 et
775 790 972 820 intuentibus
995 790 1056 821 erit
1079 794 1178 831 grata,
1194 799 1266 820 cum
1279 788 1392 820 domus
1409 788 1500 818 unius
1515 789 1647 829 figuram

172 847 241 873 tota
255 842 364 873 civitas
380 843 504 879 habeat,
521 851 553 874 et
579 844 618 874 ad
645 844 797 875 custodiae
823 845 1011 875 facilitatem
1033 846 1092 875 erit
1116 845 1210 885 louge
1226 844 1366 874 omnium
1381 842 1647 874 commodissima.

172 897 241 928 haec
267 896 313 928 ita
342 908 361 928 a
389 897 545 938 principio
575 898 724 938 construi,
739 899 791 939 qui
819 899 991 929 habitaturi
1020 905 1104 934 sunt,
1119 899 1204 929 cives
1230 898 1364 929 maxime
1396 903 1516 928 curent.
1540 896 1650 927 aediles

172 961 298 992 quoque
314 951 515 993 provideant,
531 959 563 982 et
584 962 648 988 eos,
665 952 719 994 qui
745 953 920 994 negligunt,
937 954 1056 984 mulcta
1082 954 1285 994 compellant.
1311 952 1506 993 Curentque,
1525 957 1556 982 ut
1574 951 1649 982 urbs

174 1015 269 1046 quam
285 1005 493 1038 mundissima
510 1007 550 1037 sit
567 1018 573 1035 :
597 1017 658 1037 nec
674 1018 692 1036 a
718 1007 846 1048 privatis
872 1017 1011 1048 unquam
1037 1009 1196 1049 patiantur
1222 1013 1275 1037 aut
1291 1006 1477 1038 aedificando
1494 1012 1547 1036 aut
1561 1005 1647 1037 fodi-

173 1059 259 1091 endo
277 1060 437 1101 publicum
463 1061 584 1102 aliquid
607 1062 765 1102 occupari.
789 1072 941 1104 aquarum
968 1063 1061 1093 etiam
1091 1062 1286 1103 pluvialium,
1303 1068 1338 1091 ut
1362 1060 1488 1092 abunde.
1505 1067 1537 1091 et
1552 1060 1648 1092 facile

174 1114 325 1151 defluant,
356 1125 461 1146 curam
491 1115 628 1146 habeant
647 1128 652 1145 ε
677 1117 755 1147 item
785 1116 935 1153 omnium,
950 1127 1145 1157 quaecunque
1178 1117 1227 1146 vel
1257 1118 1291 1147 in
1321 1116 1448 1146 civitate
1478 1115 1527 1145 vel
1558 1120 1647 1145 extra

173 1177 248 1199 sunt
277 1169 458 1200 habitanda.
481 1169 538 1201 sed
570 1171 637 1201 liaec
667 1170 783 1206 omnia,
813 1177 847 1201 et
877 1178 994 1205 cetera,
1023 1181 1093 1211 quat²
1124 1180 1155 1209 a,
1175 1170 1295 1212 legibus
1327 1169 1534 1210 praetermissa
1560 1175 1647 1206 sunt,

173 1223 279 1264 legum
295 1223 442 1255 custodes
472 1235 530 1255 usu
560 1224 644 1255 docti
673 1226 829 1256 ordinent.
853 1231 1018 1267 postquam
1046 1236 1117 1255 vero
1148 1225 1226 1260 haec,
1243 1231 1275 1255 et
1299 1224 1382 1254 circa
1395 1223 1497 1254 forum
1512 1223 1648 1255 aedificia

171 1283 204 1307 et
220 1279 394 1320 gymnasia,
419 1284 452 1309 et
479 1279 602 1310 theatra
617 1279 849 1321 spectantium,
866 1285 898 1310 et
924 1279 1103 1310 docentium
1131 1278 1383 1319 discentiumqne
1401 1278 1559 1309 domicilia
1581 1277 1646 1308 dis-

171 1332 275 1372 posita
287 1338 374 1369 sunt,
390 1333 429 1363 ad
446 1343 485 1363 ea
501 1343 570 1374 quae
587 1334 713 1375 nuptias
735 1339 922 1374 sequuntur,
938 1333 970 1363 in
998 1332 1136 1365 serendis
1164 1332 1286 1374 legibus
1301 1332 1452 1374 deinceps
1470 1342 1646 1374 pergamus.

170 1385 252 1416 Cu.
274 1386 326 1417 Sic
355 1392 403 1417 est
427 1387 620 1418 faciendum.
666 1387 804 1418 Arum«.
829 1388 881 1419 De
910 1388 1031 1430 nuptiis
1060 1387 1153 1427 igitur
1180 1387 1235 1423 ita,
1251 1392 1287 1418 ut
1316 1386 1463 1424 diximus,
1479 1397 1498 1417 o
1524 1385 1643 1424 Clinia,

169 1450 220 1471 res
235 1449 269 1470 se
284 1440 421 1471 habeat:
447 1446 518 1482 post
544 1452 620 1482 quas
645 1440 774 1472 vivendi
803 1441 921 1482 regula,
938 1452 1007 1482 quae
1037 1441 1170 1472 filiorum
1200 1441 1448 1483 procreationem
1476 1440 1641 1483 praecedit,

171 1504 235 1525 non
262 1494 384 1525 brevior
406 1505 501 1536 quam
527 1495 622 1526 annui
652 1496 814 1537 temporis,
832 1497 981 1538 sequitur.
1005 1497 1061 1526 sed
1092 1507 1154 1537 qua
1182 1496 1302 1527 ratione
1323 1496 1356 1526 in
1385 1495 1645 1537 praestantissima

170 1548 300 1579 civitate
316 1559 450 1589 sponsus
479 1559 655 1591 sponsaque
686 1550 851 1581 convivere
881 1550 1134 1586 dcbeant,facile
1165 1550 1252 1581 dictu
1274 1561 1337 1580 non
1364 1557 1422 1581 est.
1447 1551 1542 1581 immo
1558 1561 1644 1586 vero,

170 1613 242 1634 cunt
260 1602 357 1634 multa
371 1603 404 1634 in
419 1604 631 1644 superioribus
655 1604 794 1635 difficilia
810 1605 884 1641 sint,
900 1615 970 1647 quae
986 1604 1026 1635 de
1050 1605 1098 1635 his
1124 1604 1262 1635 dicenda
1275 1611 1358 1640 sunt,
1374 1604 1532 1635 difficilius
1548 1615 1645 1636 cunc-

170 1657 213 1687 tis
229 1657 341 1698 vulgus
369 1657 512 1699 accipiet.
536 1658 621 1700 quod
651 1665 755 1689 tamen
786 1670 889 1690 verum
920 1665 1102 1700 rectumque
1134 1659 1268 1694 videtur,
1299 1658 1467 1689 dicendum
1499 1659 1606 1694 etiam,
1623 1669 1643 1690 o

172 1711 288 1743 Clinia.
335 1712 410 1743 Cu.
435 1712 612 1743 Dicendum
631 1714 771 1744 omniuo.
817 1715 955 1744 ATHEN.
977 1713 1169 1755 Quicunque
1201 1715 1310 1755 itaque
1339 1713 1464 1754 publica
1479 1714 1578 1745 solum
1595 1720 1645 1744 at-

171 1776 233 1807 que
259 1767 437 1798 eommunia
465 1773 574 1798 censet
600 1768 721 1809 legibus
749 1769 935 1805 ordinanda,
955 1768 1051 1810 [780]
1078 1769 1201 1809 propria
1228 1778 1303 1798 vero
1319 1768 1429 1803 etiam,
1444 1778 1513 1810 quae
1531 1778 1640 1799 neces-

169 1820 252 1851 saria
281 1829 365 1861 sunt,
389 1832 451 1852 non
478 1828 576 1859 curat,
605 1833 642 1853 ac
674 1823 833 1854 licentiam
863 1823 994 1863 singulis
1020 1823 1161 1864 quotidie
1189 1822 1326 1858 vivendi,
1344 1828 1379 1852 ut
1402 1822 1520 1858 volunt,
1538 1832 1640 1863 neque

171 1881 258 1906 certo
274 1876 382 1907 ordine
398 1882 489 1917 putat
518 1877 623 1908 omnia
652 1878 810 1915 facienda,
834 1879 888 1908 sed
920 1878 1049 1918 privatis
1079 1877 1241 1918 neglectis,
1259 1876 1385 1918 publica
1413 1883 1445 1907 et
1461 1877 1642 1908 communia

170 1929 344 1960 secundum
373 1930 475 1971 legem
492 1937 631 1972 gesturos
661 1932 804 1962 homines
828 1932 984 1973 opinatur,
1000 1943 1061 1961 non
1089 1938 1170 1964 recte
1197 1931 1355 1972 opinatur.
1378 1941 1527 1972 quorsum
1543 1931 1639 1962 haec?

170 1993 288 2024 nempe
305 1984 450 2026 quoniam
473 1992 618 2027 oportere
647 1997 778 2027 sponsos
804 1997 976 2017 asseremus
1003 1987 1086 2027 apud
1113 1997 1170 2017 nos
1197 1997 1259 2017 non
1274 1987 1378 2017 minus
1392 1997 1451 2017 nec
1465 1986 1556 2017 aliter
1571 1986 1640 2018 aliis

170 2037 376 2079 temporibus.
392 2049 484 2080 quam
501 2045 574 2070 ante
591 2041 727 2081 nuptias,
742 2040 771 2070 in
796 2041 1054 2071 commessatione
1070 2039 1185 2072 vivere.
1210 2040 1288 2070 mira
1302 2041 1420 2081 quippe
1435 2049 1497 2075 res,
1512 2040 1640 2080 quando

170 2093 254 2131 apud
272 2102 328 2122 vos
343 2093 475 2133 primum
504 2094 723 2125 commessatio
747 2095 889 2125 instituta
905 2100 963 2130 est,
981 2094 1044 2124 risa
1063 2094 1131 2129 fuit,
1148 2105 1242 2135 quam
1258 2096 1353 2125 vestri
1369 2094 1452 2125 bello
1466 2094 1513 2124 vel
1530 2094 1591 2124 alia
1606 2105 1640 2125 re

169 2145 348 2187 hujusmodi
367 2147 396 2176 in
415 2148 577 2179 hominum
606 2149 784 2180 calamitate
812 2149 912 2180 coacti
943 2149 1154 2185 instituerunt,
1182 2160 1315 2191 cumque
1343 2154 1472 2190 propter
1498 2149 1637 2180 necessi-

170 2206 268 2231 tatem
282 2201 330 2231 usi
345 2201 487 2239 fuissent,
503 2203 701 2244 pluriumque
720 2203 759 2234 ad
788 2204 918 2234 salutem
945 2204 1087 2234 conferre
1117 2214 1168 2234 res
1192 2204 1255 2234 visa
1288 2204 1426 2245 periculo
1451 2210 1544 2239 esset,
1562 2203 1638 2245 legi-

170 2253 229 2285 bus
244 2261 360 2287 statuta
389 2262 448 2287 est.
493 2258 573 2288 CM.
597 2257 742 2289 Videtur.
788 2258 928 2289 Arm-21«.
951 2258 1069 2289 Mirum
1086 2259 1182 2299 igitur
1197 2258 1229 2288 id
1247 2259 1315 2294 sust,
1330 2258 1558 2299 imperantique
1575 2259 1640 2300 pri-

172 2319 223 2353 mo
248 2309 389 2341 arduom.
413 2311 497 2352 quod
523 2322 617 2349 nunc,
634 2313 661 2342 si
685 2313 756 2353 quis
784 2313 829 2343 ita
859 2313 928 2354 lege
957 2314 1077 2344 sancire
1107 2312 1316 2354 aggrediatur,
1334 2313 1435 2343 minus
1467 2319 1551 2343 certe
1578 2312 1639 2343 erit

174 2362 300 2394 difficile
317 2364 412 2395 factu.
435 2375 543 2396 verum
557 2367 642 2407 quod
660 2366 811 2408 deinceps
828 2368 979 2409 sequitur,
995 2375 1027 2398 et
1051 2368 1139 2399 dictu
1155 2374 1187 2398 et
1207 2367 1292 2398 sactu
1309 2367 1438 2397 arduum
1455 2372 1502 2397 est
1519 2378 1525 2396 :
1552 2366 1636 2408 quod

171 2419 313 2458 quamvis
328 2428 480 2460 nusquam
510 2419 574 2456 fiat,
592 2426 707 2456 tamen,
725 2422 750 2452 si
779 2423 893 2453 alicubi
923 2422 1021 2458 fieret,
1036 2428 1121 2453 recte
1150 2422 1259 2463 utique
1287 2422 1375 2452 fieret
1393 2434 1399 2451 z
1425 2422 1480 2452 sed
1497 2422 1559 2452 tale
1577 2429 1637 2458 est,

171 2477 205 2502 ut
220 2471 253 2502 in
270 2471 338 2513 ejus
354 2473 565 2514 descriptione
593 2475 761 2515 legislator,
778 2477 867 2507 sicuti
901 2476 1055 2514 ludentes,
1071 2476 1176 2518 iguem
1203 2476 1382 2517 discerpere
1397 2482 1428 2506 et
1443 2476 1504 2506 alia
1520 2477 1637 2517 quaevis

169 2526 377 2567 impossibilia
400 2527 528 2568 aggredi
556 2528 709 2559 videatur.
754 2530 830 2561 CLt.
854 2531 940 2568 Quid
972 2531 1052 2561 istud
1081 2536 1139 2566 est,
1165 2531 1290 2571 hospes,
1315 2529 1398 2570 quod
1429 2530 1532 2561 dicere
1557 2529 1637 2561 adeo

171 2580 319 2612 formidas
337 2581 346 2610 ?
393 2580 533 2612 Arum<-
558 2581 702 2613 Audiatis
726 2582 804 2624 jam,
820 2594 861 2615 ne
888 2585 1025 2627 longiore
1044 2596 1098 2615 vos
1128 2594 1213 2615 mora
1228 2584 1339 2615 frustra
1354 2584 1526 2615 detineam.
1544 2584 1635 2625 quic-

172 2635 246 2677 quid
262 2635 346 2666 enirn
363 2635 394 2666 in
411 2635 537 2666 civitate
557 2636 632 2678 legis
659 2637 838 2680 ordinisque
866 2645 914 2669 est
928 2639 1100 2681 particepS,
1119 2645 1232 2670 cuncta
1247 2650 1284 2670 ex
1298 2649 1337 2669 eo
1355 2639 1434 2669 bene
1453 2638 1636 2679 procedunt.

172 2699 242 2730 quae
255 2700 330 2720 vero
345 2689 454 2720 ordine
471 2697 590 2726 carent,
606 2691 652 2721 vel
670 2692 752 2723 male
766 2692 909 2724 ordinata
929 2700 1011 2728 sunt,
1028 2703 1067 2724 ea
1088 2694 1193 2730 etiam,
1211 2703 1281 2734 quae
1297 2693 1378 2725 bene
1393 2699 1467 2723 sunt
1481 2693 1635 2728 ordinata,

174 2743 383 2774 confundunt.
407 2743 492 2784 quod
516 2745 586 2775 huic
611 2745 656 2776 rei
685 2746 810 2777 accidit.
832 2757 904 2778 nam
930 2747 1029 2782 vobis,
1047 2759 1065 2777 o
1094 2748 1226 2788 Megille
1243 2753 1275 2777 et
1303 2746 1420 2783 Clinia,
1432 2748 1578 2789 praeclare
1605 2754 1638 2777 et

172 2803 207 2827 ut
223 2796 287 2827 dixi
301 2798 443 2834 mirifice,
459 2808 495 2829 ex
513 2798 620 2830 divina
635 2801 770 2841 quadam
795 2801 990 2837 necessitate,
1009 2803 1138 2832 tir-orum
1161 2801 1332 2832 constituta
1347 2808 1392 2832 est
1409 2802 1634 2836 commessatio,

171 2849 273 2897 [781]
297 2851 479 2883 feminarum
494 2861 600 2884 autem
629 2855 846 2885 commessatio
872 2866 936 2886 non
962 2856 1060 2897 probe
1086 2856 1207 2895 relicta,
1223 2856 1253 2886 in
1282 2856 1417 2886 tenebris
1429 2855 1527 2895 jacet.
1551 2854 1634 2895 quud

172 2903 303 2946 quidem
327 2915 428 2946 genus
457 2906 543 2938 aliud
573 2908 736 2939 hominum
766 2915 858 2940 estet
885 2910 1213 2952 differens,nobisque
1241 2910 1396 2942 occultius
1425 2916 1455 2939 et
1482 2908 1636 2939 versutius

277 2958 365 2992 Plat.
385 2959 440 2993 Tr.
918 2964 965 2997 11.
1457 2966 1476 2995 2
1492 2961 1513 2992 Ζ
