1840 3225
235 245 314 282 404
788 240 1051 280 PLATONIS
1598 242 1696 290 [874

239 347 434 386 magistratus
444 356 500 386 pro
512 345 654 375 universa
665 344 790 375 civitate
807 346 838 375 in
851 346 964 376 mortui
979 350 1073 387 caput
1086 345 1224 386 lapidem
1240 345 1374 381 mittant,
1386 351 1479 387 atque.
1487 345 1696 377 itacivitatem

240 410 362 431 omnem
385 400 560 440 purificent.
583 400 707 430 demum
730 399 811 429 ultra
830 400 965 439 regionis
988 400 1066 430 fines
1087 405 1256 441 portatum,
1271 400 1442 431 secundum
1461 400 1697 441 legesinsepul-

239 460 304 484 tum
329 453 469 494 ejiciant.
515 453 577 484 Sed
601 453 676 494 quid
705 454 743 484 de
768 454 825 483 illo
843 453 1061 494 judicandum,
1091 455 1144 495 qui
1169 454 1344 495 proximum
1359 459 1453 496 atque
1473 453 1695 485 amicissimum

240 507 326 538 caede
343 507 536 548 perdiderit?
561 507 624 548 qui,
641 507 723 543 dico,
741 517 774 538 se
790 508 893 548 ipsum
909 508 973 538 vita
988 516 1021 539 et
1035 514 1116 539 sorte
1133 508 1264 539 satorum
1286 509 1317 538 vi
1344 509 1498 539 scelerata
1506 507 1696 549 privaverit:

236 573 300 592 non
312 562 433 604 judicio
447 562 593 598 civitatis,
614 571 672 592 nec
694 562 775 592 tristi
797 567 830 592 et
851 562 1028 593 inevitabili
1050 562 1184 593 fortunae
1207 573 1282 593 casu
1299 568 1437 599 coactus,
1452 571 1557 602 neque
1574 562 1696 603 pudore

237 616 341 656 aliquo
356 619 495 646 extremo
517 616 716 656 compulsus:
741 615 798 646 sed
821 616 946 657 ignavia
971 622 1002 647 et
1023 616 1214 648 formidolosi
1239 616 1336 647 animi
1351 615 1566 647 imbecillitate
1580 614 1697 656 injuste

237 670 295 700 sibi
324 676 450 700 mortem
473 669 683 700 consciverit?
708 680 776 711 quae
803 671 1006 711 purgationes
1029 677 1062 701 et
1085 681 1154 712 quae
1173 671 1334 712 sepultura
1346 670 1420 701 huic
1432 671 1502 711 lege
1517 669 1696 705 conveniat,

237 724 328 754 Deus
350 724 418 765 ipse
445 724 555 754 novit:
580 724 713 765 proximi
737 730 842 755 tamen
867 725 939 755 huic
962 735 1075 766 genere
1101 725 1139 755 ab
1154 724 1376 765 interpretibus
1391 724 1574 765 legibusque
1588 715 1698 754 harum

235 789 337 810 rerum
352 779 419 809 haec
434 779 613 818 exquirant:
637 784 680 814 et,
696 778 968 820 quemadmodum,
989 779 1027 809 ab
1042 779 1091 809 his
1105 784 1252 809 statutum
1269 779 1373 815 suerit,
1388 780 1433 809 ita
1446 779 1576 809 saciant.
1592 777 1698 819 sepul-

232 839 306 863 tura
314 831 407 873 igitur
418 832 487 862 istis
498 831 638 862 solitaria
649 833 713 869 fiat,
725 833 778 863 ubi
791 833 870 863 alius
882 843 973 864 nemo
983 832 1152 864 condatur:
1170 833 1287 864 deinde
1299 834 1333 863 in
1344 833 1392 864 his
1407 832 1483 864 locis
1496 832 1700 874 sepeliantur,

235 897 305 928 quse
333 886 373 916 de
403 885 572 916 duodecim
595 886 731 926 regionis
761 887 900 927 partibus
927 887 1046 923 ultima,
1083 887 1206 917 deserta
1245 887 1502 928 innominataque
1531 891 1625 917 eunt:
1650 886 1697 916 sie

236 939 369 975 obscuri,
398 945 432 969 ut
451 950 510 970 nec
541 945 657 971 statuta
669 951 728 971 nec
756 941 907 982 inscripto
928 942 1055 971 nomine
1071 942 1214 981 sepulcra
1225 946 1382 972 notentur.
1407 940 1620 981 sijumeutum
1642 945 1699 970 aut

236 995 321 1024 aliud
348 993 462 1024 animal
490 994 648 1024 hominem
670 995 848 1031 interficiat,
872 995 933 1025 nisi
957 994 1082 1035 publico
1105 996 1138 1024 in
1163 995 1333 1025 certamine
1350 994 1382 1024 id
1405 994 1524 1030 fecerit,
1537 993 1698 1025 interfecti

237 1049 370 1079 hominis
384 1049 553 1090 propinqui
566 1049 598 1079 id
611 1048 770 1090 judicibus
786 1049 938 1084 deferant,
964 1057 997 1079 et
1021 1058 1161 1090 agrorum
1187 1053 1345 1079 curatores
1358 1048 1418 1084 illi,
1441 1047 1553 1088 quibus
1567 1047 1698 1088 propin-

235 1112 315 1142 quus
331 1103 398 1144 ipse
414 1103 583 1138 mandavit,
596 1102 756 1144 judicent,
773 1107 805 1133 et
828 1102 1011 1133 damnatum
1035 1108 1122 1132 extra
1145 1102 1280 1143 regionis
1295 1102 1374 1133 fines
1386 1101 1589 1132 interficiant.
1611 1101 1696 1142 quod

234 1157 260 1186 si
287 1158 362 1198 quid
386 1159 533 1193 inanime,
560 1162 672 1198 praeter
698 1156 817 1187 fulmen
842 1162 896 1187 aut
925 1156 1010 1187 aliud
1033 1157 1133 1186 telum
1155 1156 1306 1187 divinitus
1328 1156 1465 1192 missum,
1481 1154 1698 1186 animahomiÎ‡

233 1220 307 1241 nem
331 1213 495 1243 cadentem
510 1212 612 1253 ipsum
628 1216 681 1242 aut
696 1211 797 1252 ipsum
814 1210 931 1241 cadens
945 1211 1114 1252 privaverit
1130 1222 1136 1240 :
1162 1221 1277 1252 genere
1303 1210 1497 1252 propinquus
1519 1208 1699 1245 interfecto,

234 1265 410 1304 proximum
437 1267 470 1296 in
487 1266 602 1297 vicinia
621 1266 660 1296 ad
677 1267 735 1296 hoc
751 1266 920 1296 constituat
935 1264 1091 1306 judicem,
1105 1270 1200 1306 atque
1215 1266 1282 1296 haec
1297 1269 1330 1296 et
1343 1269 1456 1301 cetera,
1483 1263 1580 1305 [874]
1604 1269 1698 1304 prout

233 1328 306 1359 erga
319 1325 471 1350 mortuum
484 1319 588 1361 ipsum
604 1320 760 1355 convenit,
776 1330 833 1361 pro
848 1320 895 1350 sui
912 1319 1010 1361 ipsius
1036 1325 1068 1349 et
1094 1319 1291 1360 cognationis
1306 1319 1402 1350 totius
1416 1318 1595 1360 expiatione
1611 1318 1696 1359 quod

234 1373 386 1412 perficiat,
403 1384 475 1404 vero
491 1375 673 1404 damnatum
688 1374 794 1409 fuerit,
812 1378 845 1404 ut
861 1374 900 1404 de
917 1374 1105 1404 animalibus
1116 1373 1233 1404 dictum
1249 1379 1307 1408 est,
1320 1372 1555 1403 exterminetur.
1571 1371 1605 1402 Si
1614 1372 1698 1412 quis-

233 1426 316 1467 piam
342 1428 403 1457 vita
430 1428 571 1468 privatus
585 1428 769 1468 reperiatur,
786 1434 817 1458 ct
837 1429 964 1469 ignotus
981 1427 1142 1459 homicida
1157 1428 1207 1463 sit,
1225 1437 1283 1458 nec
1299 1426 1468 1468 diligenter
1482 1425 1695 1466 quaerentibus

233 1481 421 1518 inveniatur,
448 1481 682 1522 praedictiones,
708 1488 744 1512 ut
768 1482 798 1511 iu
825 1482 905 1518 aliis,
936 1482 1034 1512 fiant:
1065 1488 1096 1512 et
1123 1483 1156 1511 in
1181 1481 1248 1512 soro
1271 1480 1398 1522 publice
1425 1479 1584 1522 praeconio
1614 1489 1695 1520 prae-

232 1534 366 1572 dicetur,
394 1542 438 1572 ut,
465 1535 520 1577 qui
544 1536 626 1566 hunc
651 1536 702 1566 vel
728 1536 812 1566 hunc
842 1536 977 1572 necavit,
1010 1536 1082 1577 quia
1114 1535 1210 1567 caedis
1236 1545 1309 1566 reus
1339 1535 1389 1570 sit,
1421 1545 1508 1565 sacra
1533 1533 1600 1565 loca
1630 1543 1694 1564 non

229 1589 423 1630 ing-rediatur
447 1594 480 1620 et
499 1589 676 1620 universam
702 1589 825 1620 deserat
847 1590 1028 1630 regionem:
1054 1600 1125 1620 nam
1148 1591 1172 1620 si
1190 1589 1402 1630 deprehensus
1415 1588 1519 1625 suerit,
1533 1587 1696 1618 occidetur

231 1648 325 1684 atque
341 1648 430 1674 extra
443 1644 580 1684 regionis
595 1643 674 1673 fines
688 1643 866 1684 insepultus
880 1644 1032 1685 ejicietur.
1056 1654 1118 1674 una
1146 1654 1220 1685 ergo
1236 1644 1287 1674 lex
1302 1643 1362 1674 ista
1377 1642 1469 1673 nobis
1484 1641 1642 1683 praecipua
1653 1642 1694 1672 de

232 1697 318 1728 caede
334 1697 454 1728 sancita
477 1698 527 1729 sit.
551 1707 587 1728 ac
611 1697 649 1728 de
685 1697 734 1727 his
749 1698 835 1728 satis.
858 1708 941 1728 nunc
962 1698 1114 1735 dicamus,
1132 1699 1166 1728 in
1182 1698 1295 1738 quibus
1309 1702 1394 1728 recte
1414 1695 1550 1727 mundus
1565 1700 1624 1733 est,
1640 1696 1695 1737 qui

230 1751 359 1782 occidit.
385 1752 437 1793 qui
452 1757 548 1783 noctu
574 1751 674 1782 furem
696 1751 823 1782 domum
847 1762 936 1782 suam
964 1753 1139 1793 ingressum
1168 1752 1336 1789 interemit,
1359 1750 1497 1783 m'undus
1515 1750 1567 1782 sit.
1589 1755 1621 1782 et
1637 1750 1693 1791 qui

230 1806 430 1846 spoliatorem
451 1806 484 1836 in
511 1806 728 1837 defensionem
754 1816 852 1841 suam,
867 1806 1021 1837 similiter.
1043 1813 1076 1837 et
1092 1807 1146 1848 qui
1162 1806 1323 1838 mulierem
1346 1805 1476 1838 liberam
1491 1810 1546 1836 aut
1558 1814 1693 1846 puerum

231 1860 270 1890 ad
296 1871 363 1890 rem
393 1870 558 1891 veneream
584 1861 614 1890 vi
642 1860 772 1901 subigit,
795 1861 922 1902 impune
945 1871 1007 1891 non
1030 1861 1068 1891 ab
1091 1872 1128 1892 eo
1152 1861 1261 1898 solum,
1277 1861 1329 1892 cui
1344 1860 1392 1892 vis
1406 1864 1455 1891 est
1468 1859 1568 1895 illata,
1584 1869 1692 1890 verum

233 1914 326 1944 etiam
349 1924 368 1944 a
389 1920 486 1955 patreÂ¹
504 1914 646 1945 fratribus
663 1915 799 1955 filiisque
816 1915 880 1946 vita
895 1915 1046 1956 privetur.
1070 1915 1269 1956 maritusque,
1285 1915 1310 1945 si
1326 1914 1388 1945 vim
1405 1914 1491 1944 uxori
1505 1913 1694 1944 inferentem

229 1967 371 2007 perimat,
397 1969 465 2009 lege
487 1969 621 1999 mundus
647 1969 696 1999 sit.
719 1979 754 1999 ac
769 1970 795 1999 si
810 1969 878 2010 quis
893 1970 986 2000 etiam
1004 1970 1097 2011 patri,
1111 1969 1354 2011 haudquaquam
1370 1979 1426 2010 per
1449 1968 1552 1999 scelus
1573 1967 1693 1999 caedem

231 2022 377 2061 patranti,
394 2028 447 2052 aut
462 2024 550 2053 matri
566 2031 619 2053 aut
634 2023 707 2053 filiis
720 2023 905 2055 fratribusve
921 2030 977 2055 aut
991 2024 1121 2065 conjugi
1137 2034 1232 2065 opem
1248 2023 1354 2054 ferens
1368 2022 1548 2064 quempiam
1562 2021 1691 2053 interfe-

234 2076 322 2111 cen't,
339 2075 475 2106 mundus
498 2077 549 2107 sit.
596 2077 758 2108 Hactenus
783 2077 823 2107 de
847 2078 983 2108 viventis
1008 2078 1120 2108 animae
1144 2077 1330 2108 educatione
1347 2083 1379 2107 et
1393 2076 1571 2118 disciplina,
1589 2085 1653 2117 qua
1668 2076 1695 2106 si

234 2128 366 2168 praedita
388 2134 446 2164 est,
471 2130 638 2160 vivendum
664 2131 709 2160 illi
733 2131 784 2166 sit,
808 2131 855 2161 sin
871 2138 991 2168 contra,
1006 2142 1070 2162 non
1085 2133 1125 2162 sit
1147 2131 1327 2167 vivendum,
1341 2131 1426 2172 leges
1441 2130 1692 2171 conscripsimus.

229 2188 379 2222 praeterea
408 2183 447 2214 de
477 2184 615 2214 caedibus
643 2184 800 2220 violentis,
830 2186 987 2225 quomodo
1017 2185 1186 2225 puniendae
1215 2186 1288 2221 sint,
1303 2195 1340 2216 ac
1355 2185 1450 2214 etiam
1464 2184 1504 2214 de
1519 2183 1691 2214 nutritione

229 2237 459 2278 disciplinaque
480 2248 654 2278 corporum,
682 2238 756 2268 satis
774 2239 805 2268 in
832 2239 1041 2279 superioribus
1054 2238 1174 2269 dictum
1189 2239 1260 2270 fuit.
1283 2238 1444 2278 deinceps,
1459 2247 1528 2278 quae
1542 2237 1691 2268 violentae

227 2296 298 2321 sunt
324 2291 474 2327 actiones,
498 2297 530 2322 et
545 2291 724 2322 voluntariae
741 2298 774 2323 et
786 2293 1015 2329 involuntariae,
1030 2303 1100 2333 qua:
1117 2298 1149 2323 et
1173 2298 1249 2333 quot
1262 2292 1335 2327 sint,
1352 2298 1385 2322 et
1399 2292 1513 2332 quibus
1527 2289 1694 2330 suppliciis

229 2344 390 2376 commode
403 2345 624 2386 reprimendae,
640 2357 696 2387 pro
713 2347 829 2377 viribus
845 2346 1102 2377 determinentur.
1125 2352 1211 2376 recte
1226 2346 1311 2377 enim
1326 2346 1393 2376 haec
1405 2344 1541 2386 postilla
1553 2348 1692 2375 tractan-

228 2404 286 2430 tur.
304 2399 433 2430 vulnera
444 2409 581 2440 namque
595 2400 864 2441 membrorumque
876 2410 932 2441 per
944 2401 1075 2431 vulnera
1089 2401 1303 2431 truncationes
1314 2399 1387 2430 vilis
1399 2399 1493 2430 etiarn
1503 2397 1692 2440 legumlator

226 2459 297 2493 post
331 2452 449 2484 caedem
484 2454 609 2485 locabit.
640 2455 718 2491 haec,
749 2455 830 2485 sicut
858 2455 971 2488 caedes,
1003 2454 1244 2496 distinguuntur.
1279 2463 1354 2484 narn
1383 2453 1446 2483 alia
1474 2462 1538 2483 non
1561 2457 1689 2493 sponte,

226 2506 286 2536 alia
315 2506 370 2543 ira,
403 2507 545 2548 quaedam
573 2508 693 2543 timore,
722 2509 867 2549 quaedam
895 2514 1006 2550 sponte
1036 2509 1243 2550 consultoque
1273 2508 1363 2538 fiunt.
1392 2516 1520 2548 quorum
1548 2505 1689 2537 omnium

226 2560 405 2600 hujusmodi
432 2562 591 2592 exordium
619 2562 671 2592 sit.
692 2572 821 2593 necesse
846 2567 894 2592 est
917 2563 999 2603 leges
1016 2563 1195 2594 hominibus
1210 2572 1343 2604 ponere,
1359 2566 1396 2592 ut
1412 2560 1588 2592 secundum
1602 2560 1689 2600 leges

224 2614 342 2644 vivant.
366 2625 438 2645 nam
454 2616 480 2645 si
496 2615 614 2656 absque
631 2616 678 2646 his
694 2616 846 2653 viverent,
862 2617 964 2647 nihilo
985 2627 1004 2647 a
1023 2617 1096 2647 feris
1120 2617 1321 2647 atrocissimis
1337 2615 1565 2656 discreparent.
1588 2613 1686 2655 [8â·âµ]

225 2667 315 2708 cujus
338 2669 381 2698 rei
408 2679 500 2699 causa
528 2675 585 2705 est,
614 2670 690 2710 quia
715 2670 832 2701 nullius
858 2671 992 2701 hominis
1008 2671 1169 2711 ingenium
1186 2671 1233 2701 ita
1244 2675 1356 2701 natura
1370 2669 1551 2699 institutum
1567 2673 1626 2703 est,
1640 2674 1686 2703 ut,

225 2730 295 2761 quae
321 2721 360 2751 ad
379 2722 541 2763 publicum
564 2724 706 2754 humanae
734 2725 805 2754 vita.Â»
829 2724 945 2754 bonum
972 2725 1147 2760 conferunt,
1173 2725 1365 2756 sufficienter
1393 2726 1581 2764 cognoscat:
1610 2727 1643 2752 et
1660 2722 1686 2752 si

226 2776 386 2815 cognovit,
412 2782 446 2805 ut
472 2777 626 2817 optimum
647 2779 691 2813 id,
720 2778 805 2819 quod
827 2779 924 2814 novit,
940 2788 1062 2820 semper
1076 2789 1169 2820 agere
1182 2778 1280 2820 possit
1295 2787 1331 2808 ac
1349 2777 1435 2807 velit.
1456 2785 1531 2806 nam
1546 2775 1684 2816 primum

226 2828 353 2859 difficile
369 2834 416 2860 est
431 2839 530 2865 nosse,
547 2831 634 2871 quod
645 2831 734 2862 civili
747 2842 892 2873 veraeque
910 2832 969 2862 arti
982 2843 1045 2863 non
1063 2834 1236 2874 proprium,
1260 2832 1314 2863 sed
1329 2830 1492 2873 publicum
1506 2830 1686 2861 necessario

226 2886 276 2912 est
297 2882 490 2913 curandum:
516 2885 677 2924 publicum
705 2887 823 2928 quippe
848 2887 991 2917 civitates
1022 2887 1182 2919 connectit
1205 2892 1300 2928 atque
1326 2884 1501 2926 conjungit,
1520 2883 1684 2926 proprium

223 2935 375 2978 dissipat:
401 2938 525 2981 quodve
553 2944 616 2970 tam
643 2940 768 2980 publice
791 2951 884 2981 quam
911 2936 1054 2982 privatim
1072 2946 1197 2983 praestat
1211 2949 1388 2975 commune,
1403 2949 1497 2980 quam
1510 2938 1684 2981 proprium,
