1840 3225
179 249 275 299 382]
747 248 1106 289 DEMODOCUS.
1566 247 1643 286 513

175 350 210 382 Si
224 361 300 382 vero
313 362 418 383 rursus
440 362 548 383 omnes
575 362 638 383 non
662 352 760 388 scitis,
787 352 946 392 quomodo
970 353 1148 383 consultare
1172 352 1336 393 poteritis?
1363 356 1420 382 aut
1443 350 1526 393 quod
1551 349 1640 380 vobis

173 405 269 446 hujus
297 412 471 437 conventus
501 406 744 447 operaepretium
773 406 880 441 suerit,
904 416 1000 446 quurn
1030 406 1206 436 consultare
1237 417 1302 437 non
1329 405 1477 447 possitis?
1523 404 1556 435 Si
1568 413 1640 434 vcro

173 459 273 500 aliqui
285 460 399 496 sciunt,
412 461 507 502 aliqui
519 466 656 490 vestrum
672 470 734 489 non
751 460 868 494 sciunt,
886 459 915 488 hi
933 469 1007 489 vero
1024 459 1154 488 consilio
1165 470 1243 500 opus
1258 461 1386 495 habent,
1405 460 1431 490 si
1448 470 1522 489 sane
1538 457 1637 499 possi—

175 513 241 543 bile
271 520 320 544 est
346 515 514 544 consilium
536 513 609 544 dare
631 514 820 554 prudentem
843 513 942 542 virum
970 513 1134 553 imperitis,
1152 514 1226 543 satis
1247 519 1331 543 certe
1356 519 1406 543 est
1435 514 1530 543 etiam
1558 521 1638 542 unus

175 567 215 597 ad
233 567 400 598 consilium
415 567 553 598 dandum
569 578 633 597 non
650 567 821 598 scientibus
835 566 936 597 vobis.
982 566 1103 596 Annon
1128 567 1241 596 eadem
1268 577 1377 597 omnes
1398 567 1534 596 scientes
1563 575 1638 596 con-

174 622 307 652 sulunt?
323 632 418 663 quare
431 622 639 653 conveniebat
655 627 690 652 ut
702 632 756 652 vos
773 621 880 651 audito
894 621 952 651 hoc
969 620 1183 651 discederetis.
1194 631 1279 651 nunc
1296 627 1401 651 autem
1418 621 1476 650 hoc
1487 630 1550 649 non
1562 619 1639 649 saci-

175 675 230 711 tis,
247 675 303 706 sed
318 676 432 707 multos
456 676 587 706 consilia
600 676 710 706 dantes
727 675 832 706 audire
849 675 952 706 vultis.
1004 673 1074 704 Non
1089 675 1174 704 enim
1189 675 1305 716 putatis
1318 675 1395 705 scire
1411 685 1464 705 eos
1480 673 1535 715 qui
1551 672 1640 703 vobis

175 729 345 760 consilium
357 729 431 760 dare
440 736 601 766 conantur,
626 731 665 760 de
682 729 730 759 his
741 729 837 760 rebus
858 729 897 759 de
914 729 1027 770 quibus
1042 730 1221 759 consulunt.
1245 729 1272 759 si
1288 729 1374 759 enim
1389 729 1467 759 scire
1484 727 1640 769 putaretis

174 793 229 813 eos
245 783 299 824 qui
314 784 403 814 vobis
418 783 585 814 consilium
611 783 699 820 dant,
722 793 803 814 unus
833 784 920 814 solus
943 782 1072 813 auditus
1098 782 1255 813 sufficeret
1283 783 1383 813 vobis.
1431 781 1526 823 [381]
1553 780 1639 811 Con-

175 836 281 868 venire
306 837 402 878 igitur
427 848 493 879 vos,
519 837 682 869 audituros
711 848 763 869 eos
790 837 846 878 qui
871 847 935 867 non
960 837 1074 872 sciunt,
1099 837 1187 867 velut
1207 837 1262 878 qui
1283 835 1405 878 aliquid
1429 834 1641 877 operaepraetii

173 890 308 928 faciatis,
324 890 482 933 quomodo
507 902 569 923 non
581 893 748 923 absurdum
764 893 835 923 est?
880 891 922 922 Et
938 891 978 921 de
995 896 1152 922 conventu
1177 890 1306 932 quidem
1332 898 1437 921 vestro
1461 891 1520 920 hoc
1543 888 1641 919 modo

176 945 313 986 ambigo.
358 946 479 977 Verum
514 947 553 977 de
569 946 819 988 promptitudine
856 956 964 977 eorum
1001 946 1055 986 qui
1092 945 1260 976 consilium
1289 944 1378 975 vobis
1409 943 1484 974 dare
1515 954 1548 974 se
1579 954 1638 984 pu-

172 1004 252 1036 tant,
278 999 357 1030 illud
384 1001 564 1041 ambiguum
582 1006 641 1032 est.
687 1001 721 1031 Si
737 1001 822 1031 enim
838 1010 901 1030 non
916 999 1026 1030 eadem
1042 1000 1211 1030 consulunt
1225 999 1278 1040 qui
1302 999 1342 1029 de
1369 998 1483 1030 iisdem
1509 998 1641 1029 consilia

175 1052 265 1089 dant,
291 1054 451 1094 quomodo
474 1065 584 1086 ornnes
611 1059 698 1086 recte
722 1054 949 1091 consuluerint,
978 1064 1040 1084 non
1071 1054 1271 1084 consulentes
1295 1063 1334 1083 ea
1357 1063 1426 1094 quae
1450 1057 1536 1083 recte
1564 1061 1639 1082 con-

174 1106 279 1137 sulens
304 1108 459 1138 consulit?
506 1108 574 1139 Aut
603 1108 762 1150 quomodo
789 1119 853 1139 non
871 1108 1004 1138 absurda
1018 1107 1115 1138 fuerit
1139 1107 1356 1149 promptitudo
1381 1116 1488 1136 eorum
1519 1104 1573 1146 qui
1600 1105 1640 1135 ad

172 1161 404 1192 consulendum
418 1163 557 1204 prompti
573 1168 646 1194 sunt
660 1163 699 1193 de
716 1164 765 1193 his
781 1172 910 1203 qnorum
927 1161 1065 1203 imperiti
1080 1162 1177 1192 sunt?
1224 1160 1258 1191 Si
1273 1160 1360 1191 enim
1371 1159 1465 1201 periti
1480 1164 1564 1196 sunt,
1575 1168 1641 1188 non

175 1215 305 1255 cupient
320 1216 487 1247 consilium
506 1218 581 1247 dare
595 1228 658 1248 non
673 1222 760 1248 recte
776 1228 782 1246 :
810 1217 835 1246 si
854 1227 926 1247 vero
949 1226 1055 1246 rursus
1076 1216 1190 1246 eadem
1205 1215 1383 1250 consulunt,
1399 1214 1475 1255 quid
1490 1223 1569 1254 opus
1593 1217 1643 1242 est

172 1267 263 1309 ipsos
278 1279 388 1300 omnes
404 1270 571 1301 consilium
586 1271 658 1302 dare
672 1272 683 1302 ,²
714 1271 806 1302 Unus
817 1271 900 1301 enini
914 1281 951 1301 ex
966 1270 1042 1311 ipsis
1058 1270 1169 1300 eadem
1185 1269 1352 1300 consulens
1364 1268 1438 1298 satis
1453 1267 1522 1298 erit.
1549 1266 1642 1297 Talia

176 1321 272 1363 igitur
286 1330 435 1364 expetere
460 1335 530 1366 quae
556 1326 677 1356 nullum
695 1324 938 1367 operaepretium
960 1325 1106 1360 afferunt,
1122 1322 1278 1365 quomodo
1292 1333 1356 1353 non
1377 1322 1544 1352 ridiculum
1568 1320 1641 1351 est?

178 1375 293 1418 Neque
311 1377 404 1419 igitur
417 1378 631 1420 imperitorum
645 1379 858 1421 promptitudo
875 1389 938 1410 non
961 1379 1097 1409 absurda
1120 1388 1189 1408 esse
1213 1377 1340 1418 poterit,
1360 1385 1457 1418 quum
1478 1375 1550 1406 talis
1575 1374 1639 1404 sit:

174 1439 280 1471 neque
299 1433 472 1472 prudentes
498 1433 571 1463 talia
592 1433 814 1474 expetiverint,
838 1438 872 1464 ut
896 1433 949 1474 qui
979 1432 1080 1463 sciant
1104 1442 1201 1462 unum
1225 1432 1362 1472 aliquem
1386 1441 1426 1461 ex
1452 1430 1528 1471 ipsis
1553 1429 1641 1460 idem

175 1483 280 1515 facere
303 1496 406 1527 posse,
419 1487 445 1517 si
460 1492 496 1518 ut
510 1488 658 1518 convenit
674 1488 822 1519 consulit.
870 1488 976 1525 Quare
992 1487 1135 1517 invenire
1157 1497 1222 1517 non
1247 1496 1376 1527 possum
1398 1484 1553 1525 quomodo
1577 1491 1643 1512 non

175 1538 310 1571 ridicula
326 1541 368 1571 sit
392 1541 606 1582 promptitudo
628 1553 739 1573 eorum
761 1542 816 1583 qui
831 1541 994 1573 consilium
1011 1541 1098 1571 vobis
1115 1541 1191 1571 dare
1213 1551 1246 1571 se
1272 1544 1397 1581 putant.
1442 1539 1487 1569 At
1504 1548 1579 1568 vero
1603 1537 1644 1566 de

177 1593 327 1635 suffragio
343 1595 427 1636 quod
447 1596 528 1626 ferre
544 1596 704 1637 cogitatis,
721 1597 796 1637 quid
813 1596 926 1637 possit,
942 1595 1077 1626 maxime
1100 1595 1238 1635 ambig0.
1283 1594 1400 1625 Utrum
1415 1592 1499 1623 enim
1519 1601 1575 1622 eos
1590 1590 1645 1631 qui

176 1647 347 1678 consilium
373 1649 447 1680 dare
473 1650 577 1680 sciunt
594 1650 769 1691 judicatis?
814 1650 859 1680 At
880 1661 944 1680 non
971 1651 1079 1690 plures
1100 1659 1163 1679 uno
1188 1648 1356 1679 consilium
1383 1647 1515 1681 dabunt,
1539 1654 1644 1686 neque

177 1701 271 1732 aliter
287 1707 380 1744 atque
396 1703 488 1734 aliter
503 1703 542 1734 de
558 1704 682 1734 eodem.
728 1706 834 1741 Quare
851 1704 890 1734 de
918 1704 966 1734 his
985 1703 1170 1744 suffragium
1194 1714 1249 1732 vos
1277 1702 1357 1732 ferre
1385 1711 1446 1731 non
1472 1699 1533 1730 erit
1555 1708 1646 1740 opus.

178 1755 225 1788 At
242 1755 405 1797 imperitos
431 1763 463 1788 et
489 1767 544 1788 eos
572 1758 627 1799 qui
650 1769 715 1788 non
739 1764 775 1789 ut
801 1763 926 1800 oportet
949 1758 1115 1788 consilium
1144 1756 1222 1786 dant
1242 1755 1416 1796 judicatis?
1441 1758 1495 1784 aut
1517 1753 1646 1790 talibus,

178 1810 267 1841 velut
291 1811 418 1848 insanis,
440 1812 619 1853 permittere
649 1818 682 1843 ut
709 1813 873 1844 consilium
902 1813 979 1842 dent
1004 1822 1069 1841 non
1096 1810 1266 1841 convenit?
1313 1810 1347 1840 Si
1367 1819 1440 1839 vero
1462 1817 1567 1849 neque
1588 1817 1644 1847 pe-

177 1863 254 1894 ritos
279 1875 382 1906 neque
402 1865 564 1907 imperitos
580 1867 776 1907 judicabitis,
794 1877 873 1907 quos
898 1866 1027 1896 omnino
1048 1863 1257 1906 judicabitis?
1305 1863 1392 1900 Quid
1415 1872 1489 1892 vero
1517 1862 1646 1892 omnino

178 1918 260 1949 alios
289 1919 378 1950 vobis
408 1921 574 1950 consilium
600 1921 674 1951 dare
704 1931 782 1962 opus
808 1925 866 1956 est,
893 1919 920 1949 si
945 1918 1075 1960 quidem
1106 1918 1184 1948 talia
1213 1916 1286 1948 satis
1315 1916 1459 1957 judicare
1486 1914 1644 1956 potestis?

178 1971 213 2002 Si
240 1983 317 2003 vero
344 1983 407 2003 non
434 1974 509 2004 satis
530 1974 675 2014 judicare
700 1974 842 2015 potestis,
862 1973 938 2014 quid
959 1978 1091 2014 possunt
1108 1972 1198 2002 vobis
1222 1971 1394 2012 suffragia?
1419 1975 1474 2000 aut
1489 1969 1645 2011 quomodo

178 2036 243 2056 non
267 2026 433 2057 ridiculum
457 2035 516 2064 est,
541 2029 708 2058 convenire
736 2028 864 2068 quidem
891 2038 947 2058 vos
973 2027 1137 2058 consillum
1162 2026 1300 2062 daturos,
1326 2026 1412 2055 velut
1438 2024 1492 2066 qui
1514 2023 1647 2055 consilio

179 2090 259 2121 opus
274 2081 425 2117 habeatis,
440 2092 533 2122 quum
551 2082 647 2111 etiam
668 2082 730 2122 ipsi
751 2080 792 2112 ad
815 2083 873 2112 hoc
895 2081 1107 2124 praestandum
1125 2091 1189 2111 non
1213 2079 1394 2111 sufficiatis?
1419 2078 1471 2109 ubi
1484 2088 1555 2108 vero
1570 2087 1645 2108 con-

180 2135 299 2175 gregati
320 2135 408 2171 estis,
429 2140 540 2175 putare
553 2145 608 2165 vos
625 2136 774 2176 suffragia
793 2136 872 2166 ferre
889 2146 924 2167 ae
941 2136 1109 2166 decernere
1125 2140 1282 2176 oportere,
1296 2134 1383 2164 velut
1397 2133 1451 2174 qui
1465 2132 1541 2164 satis
1558 2132 1646 2175 judi·

179 2198 250 2219 care
265 2189 415 2229 possitis?
451 2189 564 2230 Neque
583 2190 664 2220 enim
678 2191 753 2220 dum
769 2189 884 2231 singuli
899 2199 1039 2220 seorsum
1054 2189 1142 2225 estis,
1160 2199 1225 2219 non
1238 2187 1327 2219 scitis
1340 2199 1346 2217 :
1364 2187 1546 2228 congregati
1561 2197 1645 2223 vero,

179 2242 351 2283 prudentes
359 2243 512 2274 evaditis:
530 2254 630 2284 neque
642 2255 747 2275 rursus
758 2245 903 2286 privatim
913 2244 1039 2285 quide-m
1049 2243 1217 2284 ambigitis,
1229 2242 1411 2283 congregati
1420 2251 1495 2272 vero
1504 2241 1536 2271 in
1549 2240 1645 2277 idem,

178 2305 243 2325 non
257 2297 392 2337 amplius
407 2297 579 2338 ambigitiS,
597 2300 650 2328 sed
667 2299 742 2329 satis
754 2299 896 2330 contueri
906 2298 1038 2339 potestis
1053 2308 1122 2338 quae
1137 2296 1382 2340 vobis-facienda
1395 2301 1470 2326 sunt
1482 2300 1531 2326 :et
1542 2296 1613 2331 hoc,
1629 2305 1648 2326 a

182 2349 309 2380 nemine
334 2349 431 2386 docti,
455 2362 558 2392 neque
571 2352 634 2393 ipsi
650 2353 841 2389 inventores,
869 2354 953 2394 quod
982 2352 1122 2382 omnium
1139 2351 1436 2392 praestantissimum
1464 2354 1525 2381 est.
1572 2349 1649 2379 Non

182 2403 279 2439 enim,
302 2413 399 2444 quum
416 2414 478 2434 non
495 2406 637 2436 contueri
653 2407 783 2447 possitis
799 2417 836 2438 ea
868 2407 966 2448 [382]
992 2416 1062 2447 quae
1086 2405 1234 2437 facienda
1261 2410 1345 2441 suut,
1372 2404 1412 2435 ad
1435 2403 1648 2444 judicandum

181 2457 291 2488 idonei
302 2459 391 2488 eritis
405 2469 477 2489 euni
494 2460 547 2500 qui
563 2459 602 2489 de
620 2460 668 2490 his
684 2461 772 2491 vobis
795 2466 881 2492 recte
909 2461 1058 2491 consulit.
1080 2469 1183 2501 neque
1210 2469 1316 2490 rursus
1337 2459 1396 2489 hoc
1422 2458 1509 2488 dicet
1536 2458 1564 2487 is
1593 2458 1650 2498 qui

183 2523 265 2542 unus
281 2519 376 2543 estet
392 2513 482 2543 vobis
507 2514 671 2544 consilium
698 2514 764 2552 dat,
790 2516 836 2546 ita
858 2526 890 2546 se
919 2514 1085 2545 docturum
1110 2523 1178 2544 esse
1203 2523 1261 2544 vos
1287 2523 1358 2554 quae
1387 2512 1477 2543 vobis
1503 2511 1651 2542 facienda

183 2571 268 2602 suut,
285 2570 316 2596 et
325 2565 540 2607 judicaturum
554 2577 608 2597 eos
623 2568 678 2609 qui
690 2568 772 2599 male
788 2574 842 2599 aut
854 2579 946 2599 secus
962 2568 1050 2599 vobis
1066 2568 1246 2603 consulunt,
1259 2567 1293 2597 in
1302 2566 1394 2609 brevi
1407 2567 1486 2596 adeo
1498 2572 1650 2607 tempore,

182 2624 214 2650 et
231 2619 361 2660 quidem
376 2630 474 2660 quum
486 2625 533 2650 tot
547 2621 625 2652 sitis.
670 2622 740 2653 Hoc
754 2629 861 2654 autem
874 2634 936 2653 non
954 2623 1055 2653 minus
1069 2622 1127 2653 illo
1140 2622 1253 2652 mirum
1271 2621 1370 2651 videri
1384 2620 1489 2652 debet.
1528 2620 1561 2650 Si
1576 2629 1650 2649 vero

181 2682 285 2714 neque
298 2680 484 2710 conventuS,
495 2683 599 2716 neque
615 2675 642 2706 is
657 2676 711 2717 qui
727 2676 816 2707 vobis
829 2677 977 2712 consulit,
994 2675 1126 2706 idoneos
1140 2685 1197 2705 vos
1209 2676 1247 2705 ad
1257 2673 1468 2715 judicandum
1480 2673 1566 2708 facit,
1583 2672 1655 2712 quis

184 2737 260 2757 usus
275 2733 324 2757 est
338 2727 430 2758 vobis
444 2727 659 2769 suffragiorum
673 2730 684 2760 ?
708 2735 763 2761 aut
777 2730 936 2772 quomodo
950 2740 1013 2761 non
1031 2729 1213 2760 adversatur
1228 2733 1405 2760 conventus
1421 2733 1524 2758 vester
1542 2726 1653 2757 suffra·

185 2781 259 2823 giis,
274 2786 308 2812 et
323 2781 475 2822 suffragia
489 2783 718 2814 consulentium
734 2784 824 2814 vobis
851 2783 1116 2826 promptitudini?
1163 2783 1348 2814 Conventus
1365 2781 1449 2811 enim
1467 2786 1569 2810 vester
1593 2783 1653 2815 est,

184 2836 273 2865 velut
286 2845 392 2866 eorum
407 2836 458 2876 qui
471 2834 579 2866 idonei
593 2847 657 2867 non
673 2842 756 2874 sunt,
774 2838 827 2869 sed
844 2838 1028 2869 consiliariis
1043 2838 1200 2878 indigent.
1246 2835 1401 2876 Suffragia
1417 2844 1488 2865 vero
1503 2833 1655 2868 feruntur,

167 2889 272 2926 *velut
293 2899 358 2918 non
382 2889 569 2920 consiliariis
592 2890 774 2932 indigeatis,
797 2891 853 2923 sed
878 2899 911 2923 et
926 2891 1071 2933 judicare
1087 2899 1119 2922 et
1142 2890 1308 2922 consilium
1328 2890 1401 2920 dare
1431 2887 1570 2929 possitis.
1615 2886 1658 2916 Et

185 2941 400 2984 promptitudo
429 2942 560 2985 quidem
581 2955 688 2978 eorum
713 2946 766 2987 qui
795 2945 884 2977 vobis
914 2945 1092 2982 consulunt,
1126 2943 1289 2977 est‘velut
1319 2952 1429 2974 eorum
1455 2941 1510 2983 qui
1538 2940 1658 2974 sciant:

276 2996 365 3030 Plal.
385 2996 441 3029 Tr.
933 3000 981 3033 II.
1510 2997 1528 3026 3
1545 2993 1572 3027 Γ
