1840 3225
221 269 296 308 132
825 265 1089 305 PLATONIS
1595 267 1692 319 μιν

225 370 329 403 Grave
359 371 500 402 nimium.
545 370 602 402 So.
635 369 774 401 Omnino
804 369 909 411 itaque
940 369 1030 400 nobis
1061 369 1249 405 cavendum,
1280 379 1321 399 ne
1349 367 1426 409 quid
1460 367 1523 399 tale
1551 369 1697 400 adversus

225 425 307 457 cives
337 424 485 461 efficiant,
515 425 569 466 qui
598 424 776 455 defensores
803 423 1002 459 adhibentur,
1032 433 1102 454 cum
1139 422 1213 464 ipsis
1250 421 1436 453 valentiores
1471 422 1533 453 sint
1549 433 1559 454 ε
1593 433 1697 464 neque

225 478 447 510 benevolorum
477 479 546 510 loco
575 478 728 510 sociorum
759 477 930 518 agrestibus
961 476 1096 507 dominis
1133 487 1164 507 se
1207 476 1323 507 similes
1360 476 1530 517 praebeant.
1583 476 1700 508 Guiu-

230 531 414 563 Cavendum
440 542 527 564 sane.
573 532 629 563 So.
654 531 770 562 Nonne
795 531 927 562 maxima
951 537 1031 561 esset
1057 529 1200 561 adhibita
1226 530 1343 566 cautio,
1369 530 1394 561 si
1421 540 1526 561 revera
1553 530 1698 572 praeclare

229 586 355 616 educati
371 586 455 616 sint?
504 586 618 618 GLAU.
643 586 723 616 Sunt
738 584 877 626 quidem.
923 584 977 616 So.
1002 584 1072 615 Hoc
1099 584 1239 624 quidem,
1257 595 1275 615 o
1298 584 1396 615 amice
1426 584 1561 624 Glauco,
1576 594 1698 615 asseve-

231 649 296 670 rare
313 650 377 670 non
393 640 484 672 decet
503 652 509 670 z
535 641 619 681 quod
637 645 740 671 autem
758 649 857 680 nuper
873 638 1064 673 dicebamus,
1083 638 1225 668 nimirum
1243 639 1346 674 decet,
1363 639 1448 680 quod
1465 644 1590 680 oportet
1615 639 1701 679 ipsos

231 699 358 731 rectam,
375 694 398 725 si
414 705 476 735 qua
492 699 549 730 est,
565 693 716 735 consequi
732 693 945 734 disciplinam,
961 693 986 723 si
1004 693 1096 722 modo
1114 692 1202 723 mites
1219 693 1314 723 futuri
1330 698 1403 723 sunt
1423 699 1454 723 et
1482 692 1539 723 sibi
1565 692 1700 722 invicem

231 752 263 778 et
279 747 336 783 his,
354 758 432 789 quos
447 748 641 779 custodiunt.
688 747 802 778 Gmu.
827 746 865 777 Et
882 752 962 777 recte
978 747 1116 787 quidem.
1161 746 1216 778 So.
1235 747 1285 777 Ad
1300 748 1379 778 hanc
1395 747 1488 788 igitur
1499 745 1700 787 disciplinam

231 803 365 843 quisque
380 812 463 833 sanae
479 802 592 832 mentis
609 802 727 833 diceret
743 801 965 831 habitationem
991 806 1022 832 et
1049 800 1196 842 reliquam
1224 800 1453 841 supellectilem
1480 801 1522 831 ita
1547 800 1700 830 adhiben-

234 855 318 891 dam,
335 865 374 886 ne
389 856 476 897 ipsos
490 866 552 897 quo
569 857 671 886 minus
688 856 796 896 optimi
814 855 869 886 viri
885 861 988 885 essent
1006 855 1193 896 prohiberet,
1210 865 1311 896 neque
1327 865 1381 885 eos
1407 855 1447 885 ad
1473 860 1591 885 ceteros
1617 854 1703 884 cives

235 909 396 940 laedendos
411 909 584 940 induceret.
629 908 745 942 Gmu.
770 909 810 939 Et
825 918 894 939 vere
911 908 1050 949 quidem.
1096 909 1152 939 So.
1174 908 1302 949 Inspice
1318 909 1424 950 igitur,
1439 919 1479 939 an
1496 908 1550 939 tali
1565 908 1702 949 quadam

233 963 354 994 ratione
370 974 422 994 eos
439 969 581 1004 oporteat
594 969 627 994 et
642 963 742 994 vivere
757 968 788 994 et
800 962 951 999 habitare,
965 963 988 993 si
1001 963 1128 1003 quidem
1141 963 1236 993 futuri
1249 963 1310 993 sint
1324 963 1412 993 tales.
1456 963 1561 993 Prirno
1573 962 1702 1002 quidem

234 1027 327 1048 nemo
344 1017 501 1058 proprium
517 1017 683 1058 quicquam
701 1017 871 1058 possideat,
888 1017 948 1046 nisi
963 1023 1117 1058 quatenus
1131 1027 1250 1047 summa
1266 1020 1359 1057 cegat
1384 1016 1563 1047 necessitas.
1586 1015 1703 1046 deinde

236 1081 339 1112 neque
355 1072 480 1102 domum
498 1082 599 1112 neque
615 1081 697 1111 penu
715 1071 863 1107 habeant,
878 1080 941 1111 quo
957 1081 1019 1100 non
1036 1070 1181 1100 omnibus
1199 1076 1305 1111 pateat
1330 1069 1444 1100 aditus.
1468 1079 1538 1110 quae
1564 1079 1636 1099 vero
1661 1069 1704 1099 ad

235 1125 352 1158 victum
370 1126 540 1166 pertinent,
556 1130 642 1155 tanta
657 1125 719 1155 sint
735 1125 818 1165 apud
835 1135 900 1161 eos,
916 1124 1041 1165 quantis
1056 1124 1200 1165 indigent
1217 1124 1362 1154 militares
1387 1122 1513 1153 athletas
1540 1122 1704 1163 temperati

237 1187 273 1209 ac
289 1178 382 1209 fortes
396 1190 402 1209 :
428 1179 649 1220 accipiantque
665 1190 702 1210 ex
717 1179 861 1209 instituto
878 1179 917 1209 ab
932 1179 1002 1209 aliis
1016 1178 1138 1209 civibus
1153 1178 1302 1209 mercedis
1319 1183 1440 1208 tantum
1461 1177 1613 1209 custodiae
1635 1188 1706 1218 gra-

237 1231 294 1267 tia,
310 1237 344 1262 ut
358 1237 467 1263 exacto
483 1242 566 1263 anno
582 1243 684 1274 neque
699 1232 779 1263 desit
795 1232 962 1273 quicquam
978 1242 1080 1273 neque
1097 1232 1240 1273 supersit.
1264 1232 1460 1263 conferentes
1475 1236 1578 1262 autern
1602 1241 1637 1262 se
1662 1231 1703 1261 ad

238 1286 490 1323 comessationes,
509 1287 636 1328 perinde
651 1292 745 1328 atque
773 1287 805 1317 in
831 1287 950 1327 castris,
964 1287 1123 1318 communi
1150 1292 1314 1317 vescantur
1339 1285 1496 1317 convivio.
1519 1285 1706 1317 dicendum-

239 1349 301 1380 que
317 1344 364 1369 est
378 1339 438 1370 illis
453 1350 559 1371 aurum
576 1345 608 1371 et
623 1345 783 1381 argentum
799 1340 939 1371 divinum
956 1351 973 1371 a
988 1340 1058 1370 Diis
1075 1340 1106 1370 in
1122 1340 1225 1370 animo
1242 1350 1295 1370 eos
1311 1341 1434 1376 habere,
1449 1350 1552 1381 neque
1566 1340 1704 1370 humano

240 1402 315 1423 auro
329 1393 468 1434 indigere
483 1405 489 1423 :
515 1405 616 1436 neque
633 1399 774 1425 sanctum
790 1405 857 1426 esse
872 1394 955 1425 illius
972 1394 1199 1436 possessionem
1215 1394 1407 1425 admixtione
1424 1394 1559 1425 mortalis
1575 1394 1642 1424 auri
1658 1393 1706 1423 in·

241 1446 381 1486 quinare.
404 1457 517 1489 nempe
533 1459 570 1479 ex
585 1448 670 1489 vulgi
684 1449 824 1490 pecuniis
841 1449 937 1480 multa
952 1449 1050 1490 impia
1067 1455 1274 1490 provenerunt
1291 1461 1298 1478 :
1323 1449 1419 1491 [417]
1439 1449 1525 1491 quod
1541 1459 1613 1479 vero
1624 1448 1708 1479 inest

242 1499 304 1530 illis
319 1510 438 1538 aurum,
455 1511 575 1543 prorsus
591 1503 836 1535 immaculatum.
861 1503 1001 1544 profecto
1017 1504 1094 1534 solis
1110 1503 1185 1544 ipsis
1200 1514 1236 1534 ex
1254 1504 1409 1540 omnibus,
1425 1503 1479 1544 qui
1495 1508 1568 1534 sunt
1583 1503 1615 1534 in
1631 1502 1707 1534 civi-

241 1558 317 1591 tate,
334 1559 460 1596 tangere
476 1566 582 1587 aurum
599 1563 652 1587 aut
666 1563 827 1598 argentum
843 1563 898 1588 aut
919 1558 975 1588 sub
1003 1563 1086 1588 tecto
1113 1568 1168 1587 suo
1196 1557 1332 1598 recipere
1361 1563 1415 1588 aut
1437 1557 1644 1592 circumferre,
1659 1556 1709 1587 ve}

247 1617 283 1638 ex
301 1619 338 1640 ea
355 1609 481 1641 materie
495 1611 612 1648 bibere,
628 1612 726 1643 nefas.
749 1613 809 1644 hoc
834 1623 906 1653 ergo
931 1617 1022 1653 pacto
1049 1618 1081 1642 et
1104 1612 1164 1643 sibi
1190 1617 1222 1643 et
1247 1612 1367 1642 civitati
1395 1612 1526 1643 salutem
1553 1618 1710 1653 parerent.

243 1662 268 1693 si
284 1664 411 1704 quando
428 1674 498 1695 vero
515 1665 642 1696 domum
658 1666 716 1697 sibi
732 1672 786 1697 aut
811 1677 918 1708 agrum
943 1672 997 1697 aut
1021 1666 1187 1708 pecuniam
1214 1666 1357 1707 privatim
1387 1666 1593 1708 possederint,
1610 1665 1712 1696 admi-

243 1716 422 1750 nistratores
436 1718 561 1750 familiae
588 1725 620 1751 et
645 1720 789 1762 agricolae
815 1732 869 1762 pro
895 1721 1081 1752 custodibus
1108 1726 1209 1758 erunt,
1225 1727 1257 1751 et
1284 1721 1352 1752 vice
1377 1731 1498 1760 eorum,
1513 1720 1568 1762 qui
1591 1719 1712 1751 civibus

244 1771 359 1802 auxili'o
373 1772 447 1808 sint,
462 1773 581 1804 domini
597 1785 702 1806 eorum
719 1775 832 1806 infensi
850 1775 1022 1806 efficientur
1037 1787 1045 1805 ε
1071 1781 1103 1806 et
1118 1775 1177 1816 ipsi
1194 1776 1267 1805 odio
1285 1775 1382 1806 habiti
1401 1774 1538 1816 odioque
1553 1774 1630 1804 alios
1655 1774 1711 1804 ha-

245 1826 366 1863 bentes,
381 1832 412 1857 et
426 1827 553 1859 insidias
569 1834 712 1870 parantes
728 1830 905 1871 pariterque
922 1830 1092 1871 patientes,
1108 1829 1202 1859 vitam
1223 1829 1394 1860 universam
1410 1829 1538 1870 degent.
1563 1828 1617 1858 ubi
1633 1827 1714 1857 mul-

245 1884 278 1912 to
294 1881 392 1922 magis
406 1882 488 1914 cives
503 1893 595 1924 quam
611 1889 753 1915 externos
770 1885 874 1915 hostes
891 1884 1046 1915 timebunt
1061 1895 1068 1914 :
1094 1884 1311 1924 accedentque
1322 1882 1389 1924 jam
1404 1888 1479 1914 tunc
1507 1881 1645 1923 proxime
1671 1882 1713 1912 ad

246 1935 416 1975 perniciem
431 1942 492 1967 tam
510 1937 568 1978 ipsi
595 1948 687 1979 quam
716 1938 834 1979 reliqua
861 1938 983 1971 civitas.
1028 1937 1148 1968 Horum
1174 1937 1268 1978 igitur
1291 1937 1430 1968 omniurn
1455 1946 1548 1967 causa
1574 1936 1714 1967 dicamus

247 1990 392 2021 custodes
407 1990 491 2032 ipsos
507 1992 588 2023 circa
605 1993 731 2023 domum
747 1997 779 2023 et
795 1993 913 2034 reliqua
927 1993 1031 2024 omnia
1047 1992 1090 2022 ita
1105 1992 1271 2024 instructos
1287 2002 1354 2024 esse
1369 1992 1495 2028 debere¹
1509 1991 1640 2032 haecque
1651 1989 1714 2020 lata

249 2042 289 2073 sit
303 2043 362 2075 lex.
385 2054 423 2075 an
441 2045 531 2075 non?
576 2046 689 2077 GLAu.
713 2047 764 2078 Sic
779 2051 858 2078 esto.

805 2259 1031 2308 LIBER
1077 2260 1168 2310 lV.

258 2425 354 2468 [419]
382 2425 464 2457 Am.
489 2425 574 2462 Quid
592 2425 805 2466 respondebis,
821 2424 974 2462 Socrates,
992 2426 1018 2456 si
1045 2426 1114 2466 quis
1140 2425 1225 2456 dicat
1253 2431 1282 2456 te
1309 2435 1371 2456 non
1398 2425 1529 2455 multum
1558 2424 1616 2454 hos
1640 2423 1721 2455 viros

257 2480 363 2513 beatos
378 2480 511 2518 efficere,
527 2490 598 2511 cum
617 2486 718 2510 tamen
735 2479 792 2521 ipsi
810 2480 884 2522 sint,
899 2490 1028 2521 quorum
1046 2490 1150 2510 revera
1166 2486 1212 2511 est
1227 2479 1348 2516 civitas,
1365 2479 1441 2510 nihil
1460 2483 1563 2510 autem
1576 2489 1614 2509 ex
1629 2478 1720 2509 bonis

255 2533 390 2564 civitatis
406 2535 573 2575 accipiant,
589 2534 851 2576 quemadmodum
867 2534 932 2570 alii.
948 2534 1000 2574 qui
1017 2540 1047 2564 et
1064 2544 1153 2574 agros
1170 2539 1202 2564 et
1221 2533 1399 2575 magnificas
1415 2533 1525 2564 doulos
1539 2532 1719 2573 supellecti-

256 2587 379 2628 lemque
394 2587 573 2628 hujusmodi
587 2589 731 2619 duinibns
745 2589 984 2619 convenientem
1003 2588 1176 2628 possident,
1192 2599 1339 2630 sacraque
1356 2587 1428 2619 Diis
1444 2587 1563 2629 privata
1589 2587 1719 2620 faciunt,

256 2642 394 2681 hospites
408 2641 582 2682 excipiunt,
597 2653 667 2683 quae
685 2647 718 2672 tu
735 2652 818 2673 nunc
831 2642 967 2677 dicebas,
985 2652 1090 2672 aurum
1107 2648 1137 2672 et
1154 2649 1314 2683 argentum
1331 2641 1450 2683 adepti,
1465 2646 1497 2671 et
1522 2649 1720 2682 quaecunque

257 2695 297 2725 ad
313 2694 493 2726 felicitatem
509 2697 647 2727 conferre
665 2702 832 2737 putantur:
858 2696 907 2727 isti
926 2707 996 2727 vcro
1014 2702 1160 2737 tanquam
1178 2696 1328 2727 auxiliarii
1346 2696 1472 2737 quidam
1490 2694 1631 2726 mercede
1645 2703 1722 2725 con·

258 2748 346 2780 ducti
375 2749 406 2778 in
433 2750 507 2780 urbe
528 2752 650 2787 sedent,
676 2750 753 2781 nihil
777 2756 905 2792 agentes
930 2749 1027 2792 [420]
1052 2751 1138 2781 aliud
1165 2761 1258 2791 quarn
1285 2750 1458 2782 custodiam
1479 2748 1490 2778 ?
1534 2749 1591 2779 So.
1615 2747 1721 2782 Certe,

260 2807 292 2833 et
307 2802 361 2843 qui
377 2802 492 2834 victum
507 2804 605 2834 solum
623 2806 716 2835 modo
734 2805 899 2847 recipiant,
916 2815 1018 2845 neque
1036 2806 1209 2836 mercedem
1228 2805 1307 2835 ultra
1322 2805 1453 2839 victum,
1469 2807 1503 2833 ut
1528 2802 1581 2832 alii
1607 2801 1722 2832 solent.

260 2857 408 2897 quocirca
423 2867 523 2898 neque
541 2858 564 2901 si
582 2859 731 2899 proticisci
749 2859 891 2900 privatim
908 2859 970 2889 alio
988 2858 1095 2896 velint,
1113 2859 1220 2890 licebit
1235 2859 1326 2900 ipsis,
1341 2867 1443 2898 neque
1459 2856 1624 2898 quicquam
1640 2864 1722 2886 scor·

262 2911 300 2940 tis
317 2910 430 2952 largiri,
445 2913 553 2942 autad
571 2913 688 2953 quaeris
713 2913 773 2944 alia
801 2912 950 2954 pecunias
973 2923 1110 2953 erogare,
1127 2924 1233 2944 eorum
1264 2923 1347 2943 more
1374 2911 1428 2953 qui
1455 2910 1537 2941 beati
1564 2913 1724 2951 putantur.

258 2964 325 2997 hate
342 2965 449 3007 utique
465 2970 497 2997 et
512 2966 572 2997 alia
589 2967 684 2998 inulta
699 2967 879 3009 hujusmodi
894 2967 926 2999 in
943 2968 1181 3009 reprehensione
1207 2966 1476 3009 praetermittebam
1520 2963 1603 2996 Am.
1625 2962 1727 3004 Atqui
