<?xml version="1.0" encoding="UTF-8"?>
<!DOCTYPE html PUBLIC "-//W3C//DTD XHTML 1.0 Transitional//EN"
    "http://www.w3.org/TR/xhtml1/DTD/xhtml1-transitional.dtd">
<html xmlns="http://www.w3.org/1999/xhtml" xml:lang="en" lang="en">
 <head>
  <title>
</title>
<meta http-equiv="Content-Type" content="text/html;charset=utf-8" />
  <meta name='ocr-system' content='tesseract 3.04.00' />
  <meta name='ocr-capabilities' content='ocr_page ocr_carea ocr_par ocr_line ocrx_word'/>
</head>
<body>
  <div class='ocr_page' id='page_1' title='image "./platonisetquaeve11plat_0318.png"; bbox 0 0 1840 3225; ppageno 0'>
   <div class='ocr_carea' id='block_1_1' title="bbox 211 178 1659 236">
    <p class='ocr_par' dir='ltr' id='par_1_1' title="bbox 211 178 1659 236">
     <span class='ocr_line' id='line_1_1' title="bbox 211 178 1659 236; baseline 0.004 -18"><span class='ocrx_word' id='word_1_1' title='bbox 211 182 288 219; x_wconf 80' lang='lat'>302</span> <span class='ocrx_word' id='word_1_2' title='bbox 789 178 1052 220; x_wconf 69' lang='lat' dir='ltr'>PLAToms</span> <span class='ocrx_word' id='word_1_3' title='bbox 1564 185 1659 236; x_wconf 83' lang='lat'>[658</span> 
     </span>
    </p>
   </div>
   <div class='ocr_carea' id='block_1_2' title="bbox 197 283 1662 922">
    <p class='ocr_par' dir='ltr' id='par_1_2' title="bbox 197 283 1662 922">
     <span class='ocr_line' id='line_1_2' title="bbox 207 283 1658 327; baseline 0.001 -13"><span class='ocrx_word' id='word_1_4' title='bbox 207 294 289 315; x_wconf 85' lang='lat' dir='ltr'>nova</span> <span class='ocrx_word' id='word_1_5' title='bbox 314 293 437 325; x_wconf 80' lang='lat' dir='ltr'>semper</span> <span class='ocrx_word' id='word_1_6' title='bbox 456 283 539 315; x_wconf 78' lang='lat' dir='ltr'>circa</span> <span class='ocrx_word' id='word_1_7' title='bbox 561 284 751 324; x_wconf 80' lang='lat' dir='ltr'>voluptatem</span> <span class='ocrx_word' id='word_1_8' title='bbox 779 291 810 315; x_wconf 86' lang='lat' dir='ltr'>et</span> <span class='ocrx_word' id='word_1_9' title='bbox 839 286 978 316; x_wconf 88' lang='lat' dir='ltr'>dolorem</span> <span class='ocrx_word' id='word_1_10' title='bbox 1005 285 1166 327; x_wconf 84' lang='lat' dir='ltr'>appetitus</span> <span class='ocrx_word' id='word_1_11' title='bbox 1185 285 1284 327; x_wconf 78' lang='lat' dir='ltr'>ipsius</span> <span class='ocrx_word' id='word_1_12' title='bbox 1298 285 1434 321; x_wconf 75' lang='lat' dir='ltr'>affectio,</span> <span class='ocrx_word' id='word_1_13' title='bbox 1449 295 1518 327; x_wconf 84' lang='lat' dir='ltr'>quae</span> <span class='ocrx_word' id='word_1_14' title='bbox 1532 286 1658 327; x_wconf 87' lang='lat' dir='ltr'>quidem</span> 
     </span>
     <span class='ocr_line' id='line_1_3' title="bbox 208 339 1660 381; baseline 0.001 -13"><span class='ocrx_word' id='word_1_15' title='bbox 208 343 310 369; x_wconf 85' lang='lat' dir='ltr'>tentat</span> <span class='ocrx_word' id='word_1_16' title='bbox 329 344 365 369; x_wconf 92' lang='lat' dir='ltr'>ut</span> <span class='ocrx_word' id='word_1_17' title='bbox 385 349 467 368; x_wconf 87' lang='lat' dir='ltr'>nova</span> <span class='ocrx_word' id='word_1_18' title='bbox 493 349 614 380; x_wconf 81' lang='lat' dir='ltr'><strong>semper</strong></span> <span class='ocrx_word' id='word_1_19' title='bbox 628 340 746 370; x_wconf 76' lang='lat' dir='ltr'>musica</span> <span class='ocrx_word' id='word_1_20' title='bbox 766 340 811 370; x_wconf 89' lang='lat' dir='ltr'>uti</span> <span class='ocrx_word' id='word_1_21' title='bbox 826 350 1011 380; x_wconf 55' lang='lat' dir='ltr'>quaeramuQ</span> <span class='ocrx_word' id='word_1_22' title='bbox 1028 340 1111 370; x_wconf 83' lang='lat' dir='ltr'>haud</span> <span class='ocrx_word' id='word_1_23' title='bbox 1125 350 1269 381; x_wconf 83' lang='lat' dir='ltr'>mag-nam</span> <span class='ocrx_word' id='word_1_24' title='bbox 1286 341 1416 370; x_wconf 83' lang='lat' dir='ltr'>fortasse</span> <span class='ocrx_word' id='word_1_25' title='bbox 1431 340 1496 370; x_wconf 85' lang='lat' dir='ltr'>vim</span> <span class='ocrx_word' id='word_1_26' title='bbox 1510 339 1605 370; x_wconf 86' lang='lat' dir='ltr'>babet</span> <span class='ocrx_word' id='word_1_27' title='bbox 1618 339 1660 371; x_wconf 87' lang='lat' dir='ltr'>ad</span> 
     </span>
     <span class='ocr_line' id='line_1_4' title="bbox 206 392 1660 435; baseline 0 -13"><span class='ocrx_word' id='word_1_28' title='bbox 206 402 262 422; x_wconf 80' lang='lat' dir='ltr'>cas</span> <span class='ocrx_word' id='word_1_29' title='bbox 282 392 411 422; x_wconf 81' lang='lat' dir='ltr'>choreas</span> <span class='ocrx_word' id='word_1_30' title='bbox 425 393 586 422; x_wconf 83' lang='lat' dir='ltr'>vetustatis</span> <span class='ocrx_word' id='word_1_31' title='bbox 599 392 790 425; x_wconf 74' lang='lat' dir='ltr'>incusatione</span> <span class='ocrx_word' id='word_1_32' title='bbox 806 393 1060 435; x_wconf 83' lang='lat' dir='ltr'>corrumpendas,</span> <span class='ocrx_word' id='word_1_33' title='bbox 1076 404 1146 435; x_wconf 78' lang='lat' dir='ltr'>quae</span> <span class='ocrx_word' id='word_1_34' title='bbox 1162 399 1235 424; x_wconf 88' lang='lat' dir='ltr'>sunt</span> <span class='ocrx_word' id='word_1_35' title='bbox 1248 393 1344 424; x_wconf 85' lang='lat' dir='ltr'>sacris</span> <span class='ocrx_word' id='word_1_36' title='bbox 1359 393 1481 434; x_wconf 79' lang='lat' dir='ltr'>legibus</span> <span class='ocrx_word' id='word_1_37' title='bbox 1497 393 1660 423; x_wconf 65' lang='lat' dir='ltr'>instit-uem.</span> 
     </span>
     <span class='ocr_line' id='line_1_5' title="bbox 205 446 1660 489; baseline 0.001 -14"><span class='ocrx_word' id='word_1_38' title='bbox 205 456 318 486; x_wconf 83' lang='lat' dir='ltr'>nempe</span> <span class='ocrx_word' id='word_1_39' title='bbox 335 446 554 488; x_wconf 82' lang='lat' dir='ltr'>AEgyptiorum</span> <span class='ocrx_word' id='word_1_40' title='bbox 566 447 693 478; x_wconf 77' lang='lat' dir='ltr'>choreas</span> <span class='ocrx_word' id='word_1_41' title='bbox 709 457 906 488; x_wconf 75' lang='lat' dir='ltr'><strong>nequaquam</strong></span> <span class='ocrx_word' id='word_1_42' title='bbox 919 453 1005 477; x_wconf 77' lang='lat' dir='ltr'>tanto</span> <span class='ocrx_word' id='word_1_43' title='bbox 1019 454 1158 489; x_wconf 77' lang='lat' dir='ltr'>tempore</span> <span class='ocrx_word' id='word_1_44' title='bbox 1170 457 1364 488; x_wconf 81' lang='lat' dir='ltr'>corrumpere</span> <span class='ocrx_word' id='word_1_45' title='bbox 1375 447 1513 488; x_wconf 77' lang='lat' dir='ltr'>potuisse</span> <span class='ocrx_word' id='word_1_46' title='bbox 1525 446 1660 481; x_wconf 73' lang='lat' dir='ltr'>videtur.</span> 
     </span>
     <span class='ocr_line' id='line_1_6' title="bbox 203 499 1659 542; baseline 0.001 -13"><span class='ocrx_word' id='word_1_47' title='bbox 203 499 260 530; x_wconf 86' lang='lat' dir='ltr'>sed</span> <span class='ocrx_word' id='word_1_48' title='bbox 284 507 393 531; x_wconf 73' lang='lat' dir='ltr'>contra</span> <span class='ocrx_word' id='word_1_49' title='bbox 415 501 554 532; x_wconf 86' lang='lat' dir='ltr'>omnino.</span> <span class='ocrx_word' id='word_1_50' title='bbox 598 499 674 532; x_wconf 78' lang='lat' dir='ltr'>CLr.</span> <span class='ocrx_word' id='word_1_51' title='bbox 698 501 748 531; x_wconf 90' lang='lat' dir='ltr'>Ita</span> <span class='ocrx_word' id='word_1_52' title='bbox 771 511 804 532; x_wconf 90' lang='lat' dir='ltr'>se</span> <span class='ocrx_word' id='word_1_53' title='bbox 828 512 875 531; x_wconf 85' lang='lat' dir='ltr'>res</span> <span class='ocrx_word' id='word_1_54' title='bbox 889 502 994 542; x_wconf 89' lang='lat' dir='ltr'>habet,</span> <span class='ocrx_word' id='word_1_55' title='bbox 1007 508 1041 531; x_wconf 86' lang='lat' dir='ltr'>ut</span> <span class='ocrx_word' id='word_1_56' title='bbox 1055 512 1094 532; x_wconf 86' lang='lat' dir='ltr'>ex</span> <span class='ocrx_word' id='word_1_57' title='bbox 1107 503 1168 532; x_wconf 89' lang='lat' dir='ltr'>tuis</span> <span class='ocrx_word' id='word_1_58' title='bbox 1183 501 1285 532; x_wconf 89' lang='lat' dir='ltr'>verbis</span> <span class='ocrx_word' id='word_1_59' title='bbox 1307 500 1474 542; x_wconf 80' lang='lat' dir='ltr'><strong>colligitur.</strong></span> <span class='ocrx_word' id='word_1_60' title='bbox 1520 499 1659 530; x_wconf 66' lang='lat' dir='ltr'>Arnen.</span> 
     </span>
     <span class='ocr_line' id='line_1_7' title="bbox 203 553 1658 596; baseline -0.001 -12"><span class='ocrx_word' id='word_1_61' title='bbox 203 553 357 585; x_wconf 84' lang='lat' dir='ltr'>Dicamus</span> <span class='ocrx_word' id='word_1_62' title='bbox 369 555 463 593; x_wconf 83' lang='lat' dir='ltr'>igitur</span> <span class='ocrx_word' id='word_1_63' title='bbox 473 555 675 591; x_wconf 87' lang='lat' dir='ltr'>confidenter,</span> <span class='ocrx_word' id='word_1_64' title='bbox 684 566 771 586; x_wconf 87' lang='lat' dir='ltr'>usum</span> <span class='ocrx_word' id='word_1_65' title='bbox 792 555 935 586; x_wconf 89' lang='lat' dir='ltr'>ludorum</span> <span class='ocrx_word' id='word_1_66' title='bbox 945 557 1134 596; x_wconf 84' lang='lat' dir='ltr'>musicaeque</span> <span class='ocrx_word' id='word_1_67' title='bbox 1150 567 1218 586; x_wconf 89' lang='lat' dir='ltr'>cum</span> <span class='ocrx_word' id='word_1_68' title='bbox 1231 557 1345 586; x_wconf 87' lang='lat' dir='ltr'>chorea</span> <span class='ocrx_word' id='word_1_69' title='bbox 1358 555 1418 586; x_wconf 81' lang='lat' dir='ltr'>hoc</span> <span class='ocrx_word' id='word_1_70' title='bbox 1433 559 1525 595; x_wconf 79' lang='lat' dir='ltr'>pacto</span> <span class='ocrx_word' id='word_1_71' title='bbox 1538 559 1658 584; x_wconf 84' lang='lat' dir='ltr'>rectum</span> 
     </span>
     <span class='ocr_line' id='line_1_8' title="bbox 203 609 1662 651; baseline -0.001 -13"><span class='ocrx_word' id='word_1_72' title='bbox 203 618 282 638; x_wconf 86' lang='lat' dir='ltr'>esse.</span> <span class='ocrx_word' id='word_1_73' title='bbox 308 609 458 645; x_wconf 72' lang='lat' dir='ltr'>laetamur,</span> <span class='ocrx_word' id='word_1_74' title='bbox 474 610 619 651; x_wconf 88' lang='lat' dir='ltr'>quotiens</span> <span class='ocrx_word' id='word_1_75' title='bbox 632 610 766 641; x_wconf 83' lang='lat' dir='ltr'>feliciter</span> <span class='ocrx_word' id='word_1_76' title='bbox 779 610 881 641; x_wconf 79' lang='lat' dir='ltr'>vivere</span> <span class='ocrx_word' id='word_1_77' title='bbox 897 620 956 640; x_wconf 92' lang='lat' dir='ltr'>nos</span> <span class='ocrx_word' id='word_1_78' title='bbox 971 611 1147 651; x_wconf 77' lang='lat' dir='ltr'>opinamur:</span> <span class='ocrx_word' id='word_1_79' title='bbox 1172 610 1376 651; x_wconf 84' lang='lat' dir='ltr'>quotiensque</span> <span class='ocrx_word' id='word_1_80' title='bbox 1391 609 1543 644; x_wconf 72' lang='lat' dir='ltr'>laetamur,</span> <span class='ocrx_word' id='word_1_81' title='bbox 1558 617 1662 638; x_wconf 75' lang='lat' dir='ltr'>rursus</span> 
     </span>
     <span class='ocr_line' id='line_1_9' title="bbox 200 662 1657 705; baseline 0 -13"><span class='ocrx_word' id='word_1_82' title='bbox 200 662 334 693; x_wconf 80' lang='lat' dir='ltr'>feliciter</span> <span class='ocrx_word' id='word_1_83' title='bbox 358 663 462 694; x_wconf 74' lang='lat' dir='ltr'>vivere</span> <span class='ocrx_word' id='word_1_84' title='bbox 490 663 642 694; x_wconf 86' lang='lat' dir='ltr'>ducimus.</span> <span class='ocrx_word' id='word_1_85' title='bbox 658 674 761 695; x_wconf 87' lang='lat' dir='ltr'>nonne</span> <span class='ocrx_word' id='word_1_86' title='bbox 773 664 842 694; x_wconf 84' lang='lat' dir='ltr'>ita?</span> <span class='ocrx_word' id='word_1_87' title='bbox 868 664 942 695; x_wconf 82' lang='lat' dir='ltr'>Cr.1.</span> <span class='ocrx_word' id='word_1_88' title='bbox 967 664 1016 694; x_wconf 82' lang='lat' dir='ltr'>Ita</span> <span class='ocrx_word' id='word_1_89' title='bbox 1031 674 1164 705; x_wconf 88' lang='lat' dir='ltr'>prorsus.</span> <span class='ocrx_word' id='word_1_90' title='bbox 1189 663 1326 694; x_wconf 66' lang='lat' dir='ltr'>Arum·-</span> <span class='ocrx_word' id='word_1_91' title='bbox 1350 662 1457 704; x_wconf 83' lang='lat' dir='ltr'>Atque</span> <span class='ocrx_word' id='word_1_92' title='bbox 1472 662 1568 693; x_wconf 77' lang='lat' dir='ltr'>etiam</span> <span class='ocrx_word' id='word_1_93' title='bbox 1583 662 1657 692; x_wconf 91' lang='lat' dir='ltr'>dum</span> 
     </span>
     <span class='ocr_line' id='line_1_10' title="bbox 199 716 1658 760; baseline -0.001 -13"><span class='ocrx_word' id='word_1_94' title='bbox 199 717 245 747; x_wconf 86' lang='lat' dir='ltr'>ita</span> <span class='ocrx_word' id='word_1_95' title='bbox 269 717 418 754; x_wconf 85' lang='lat' dir='ltr'>laetamur,</span> <span class='ocrx_word' id='word_1_96' title='bbox 443 718 603 760; x_wconf 83' lang='lat' dir='ltr'>quiescere</span> <span class='ocrx_word' id='word_1_97' title='bbox 620 728 682 748; x_wconf 91' lang='lat' dir='ltr'>non</span> <span class='ocrx_word' id='word_1_98' title='bbox 699 719 847 749; x_wconf 77' lang='lat' dir='ltr'>valemus.</span> <span class='ocrx_word' id='word_1_99' title='bbox 891 719 965 750; x_wconf 32' lang='lat' dir='ltr'>Crat.</span> <span class='ocrx_word' id='word_1_100' title='bbox 990 718 1056 754; x_wconf 88' lang='lat' dir='ltr'>Est,</span> <span class='ocrx_word' id='word_1_101' title='bbox 1075 724 1108 749; x_wconf 79' lang='lat' dir='ltr'>ul</span> <span class='ocrx_word' id='word_1_102' title='bbox 1123 719 1211 749; x_wconf 82' lang='lat' dir='ltr'>dicis.</span> <span class='ocrx_word' id='word_1_103' title='bbox 1256 717 1331 748; x_wconf 73' lang='lat' dir='ltr'>A-rn</span> <span class='ocrx_word' id='word_1_104' title='bbox 1338 728 1393 748; x_wconf 71' lang='lat' dir='ltr'>EN.</span> <span class='ocrx_word' id='word_1_105' title='bbox 1418 716 1534 748; x_wconf 80' lang='lat' dir='ltr'>Nonne</span> <span class='ocrx_word' id='word_1_106' title='bbox 1552 716 1658 757; x_wconf 82' lang='lat' dir='ltr'>igitur,</span> 
     </span>
     <span class='ocr_line' id='line_1_11' title="bbox 197 769 1658 814; baseline -0.001 -13"><span class='ocrx_word' id='word_1_107' title='bbox 197 770 332 812; x_wconf 87' lang='lat' dir='ltr'>juvenes</span> <span class='ocrx_word' id='word_1_108' title='bbox 347 772 458 803; x_wconf 83' lang='lat' dir='ltr'>nostris</span> <span class='ocrx_word' id='word_1_109' title='bbox 471 774 600 804; x_wconf 81' lang='lat' dir='ltr'>choreas</span> <span class='ocrx_word' id='word_1_110' title='bbox 615 773 769 803; x_wconf 87' lang='lat' dir='ltr'>celebrare</span> <span class='ocrx_word' id='word_1_111' title='bbox 787 773 885 814; x_wconf 82' lang='lat' dir='ltr'>parati</span> <span class='ocrx_word' id='word_1_112' title='bbox 902 773 996 803; x_wconf 87' lang='lat' dir='ltr'>sunt?</span> <span class='ocrx_word' id='word_1_113' title='bbox 1020 783 1078 803; x_wconf 89' lang='lat' dir='ltr'>nos</span> <span class='ocrx_word' id='word_1_114' title='bbox 1091 779 1194 803; x_wconf 85' lang='lat' dir='ltr'>autern</span> <span class='ocrx_word' id='word_1_115' title='bbox 1211 773 1346 803; x_wconf 83' lang='lat' dir='ltr'>seniores</span> <span class='ocrx_word' id='word_1_116' title='bbox 1358 772 1392 801; x_wconf 91' lang='lat' dir='ltr'>in</span> <span class='ocrx_word' id='word_1_117' title='bbox 1407 771 1454 801; x_wconf 89' lang='lat' dir='ltr'>his</span> <span class='ocrx_word' id='word_1_118' title='bbox 1474 769 1658 811; x_wconf 76' lang='lat' dir='ltr'>spectandis</span> 
     </span>
     <span class='ocr_line' id='line_1_12' title="bbox 200 823 1655 868; baseline -0.002 -12"><span class='ocrx_word' id='word_1_119' title='bbox 200 825 351 856; x_wconf 88' lang='lat' dir='ltr'>decenter</span> <span class='ocrx_word' id='word_1_120' title='bbox 374 827 489 857; x_wconf 79' lang='lat' dir='ltr'>versari</span> <span class='ocrx_word' id='word_1_121' title='bbox 511 832 665 868; x_wconf 79' lang='lat' dir='ltr'>putamus,</span> <span class='ocrx_word' id='word_1_122' title='bbox 690 828 763 857; x_wconf 88' lang='lat' dir='ltr'>dum</span> <span class='ocrx_word' id='word_1_123' title='bbox 778 836 887 858; x_wconf 88' lang='lat' dir='ltr'>eorum</span> <span class='ocrx_word' id='word_1_124' title='bbox 901 826 985 857; x_wconf 88' lang='lat' dir='ltr'>ludis</span> <span class='ocrx_word' id='word_1_125' title='bbox 1000 834 1030 857; x_wconf 88' lang='lat' dir='ltr'>et</span> <span class='ocrx_word' id='word_1_126' title='bbox 1046 827 1224 857; x_wconf 65' lang='lat' dir='ltr'>celebritate</span> <span class='ocrx_word' id='word_1_127' title='bbox 1241 825 1431 867; x_wconf 82' lang='lat' dir='ltr'>gaudemus:</span> <span class='ocrx_word' id='word_1_128' title='bbox 1456 823 1655 866; x_wconf 85' lang='lat' dir='ltr'>quandoqui-</span> 
     </span>
     <span class='ocr_line' id='line_1_13' title="bbox 200 878 1654 922; baseline -0.001 -13"><span class='ocrx_word' id='word_1_129' title='bbox 200 880 270 910; x_wconf 85' lang='lat' dir='ltr'>dem</span> <span class='ocrx_word' id='word_1_130' title='bbox 282 891 339 911; x_wconf 89' lang='lat' dir='ltr'>nos</span> <span class='ocrx_word' id='word_1_131' title='bbox 365 881 500 922; x_wconf 87' lang='lat' dir='ltr'>corporis</span> <span class='ocrx_word' id='word_1_132' title='bbox 526 881 636 911; x_wconf 86' lang='lat' dir='ltr'>levitas</span> <span class='ocrx_word' id='word_1_133' title='bbox 659 881 838 922; x_wconf 85' lang='lat' dir='ltr'>dereliquit,</span> <span class='ocrx_word' id='word_1_134' title='bbox 861 891 955 922; x_wconf 89' lang='lat' dir='ltr'>quam</span> <span class='ocrx_word' id='word_1_135' title='bbox 969 881 1185 911; x_wconf 71' lang='lat' dir='ltr'>desiderantes</span> <span class='ocrx_word' id='word_1_136' title='bbox 1200 880 1373 910; x_wconf 79' lang='lat' dir='ltr'>certamina</span> <span class='ocrx_word' id='word_1_137' title='bbox 1388 879 1436 909; x_wconf 89' lang='lat' dir='ltr'>his</span> <span class='ocrx_word' id='word_1_138' title='bbox 1450 878 1654 919; x_wconf 82' lang='lat' dir='ltr'>imponimus,</span> 
     </span>
    </p>
   </div>
   <div class='ocr_carea' id='block_1_3' title="bbox 197 932 1653 976">
    <p class='ocr_par' dir='ltr' id='par_1_3' title="bbox 197 932 1653 976">
     <span class='ocr_line' id='line_1_14' title="bbox 197 932 1653 976; baseline -0.003 -11"><span class='ocrx_word' id='word_1_139' title='bbox 197 935 251 975; x_wconf 89' lang='lat' dir='ltr'>qui</span> <span class='ocrx_word' id='word_1_140' title='bbox 271 945 363 976; x_wconf 80' lang='lat' dir='ltr'>quam</span> <span class='ocrx_word' id='word_1_141' title='bbox 386 935 521 965; x_wconf 81' lang='lat' dir='ltr'>maxime</span> <span class='ocrx_word' id='word_1_142' title='bbox 541 941 658 976; x_wconf 84' lang='lat' dir='ltr'>queant</span> <span class='ocrx_word' id='word_1_143' title='bbox 671 936 709 965; x_wconf 88' lang='lat' dir='ltr'>ad</span> <span class='ocrx_word' id='word_1_144' title='bbox 723 934 862 975; x_wconf 80' lang='lat' dir='ltr'>juventae</span> <span class='ocrx_word' id='word_1_145' title='bbox 878 945 936 965; x_wconf 88' lang='lat' dir='ltr'>nos</span> <span class='ocrx_word' id='word_1_146' title='bbox 949 935 1123 965; x_wconf 85' lang='lat' dir='ltr'>memoriam</span> <span class='ocrx_word' id='word_1_147' title='bbox 1136 945 1291 965; x_wconf 85' lang='lat' dir='ltr'>revocare.</span> <span class='ocrx_word' id='word_1_148' title='bbox 1335 932 1413 963; x_wconf 81' lang='lat' dir='ltr'>Cu.</span> <span class='ocrx_word' id='word_1_149' title='bbox 1438 932 1525 962; x_wconf 88' lang='lat' dir='ltr'>Vera</span> <span class='ocrx_word' id='word_1_150' title='bbox 1539 941 1653 962; x_wconf 72' lang='lat' dir='ltr'>narras.</span> 
     </span>
    </p>
   </div>
   <div class='ocr_carea' id='block_1_4' title="bbox 169 986 1653 2933">
    <p class='ocr_par' dir='ltr' id='par_1_4' title="bbox 169 986 1653 2933">
     <span class='ocr_line' id='line_1_15' title="bbox 197 986 1653 1030; baseline -0.002 -12"><span class='ocrx_word' id='word_1_151' title='bbox 197 988 334 1020; x_wconf 63' lang='lat' dir='ltr'>Arnen.</span> <span class='ocrx_word' id='word_1_152' title='bbox 357 988 410 1019; x_wconf 82' lang='lat' dir='ltr'>An</span> <span class='ocrx_word' id='word_1_153' title='bbox 429 989 524 1030; x_wconf 82' lang='lat' dir='ltr'>igitur</span> <span class='ocrx_word' id='word_1_154' title='bbox 540 989 654 1019; x_wconf 68' lang='lat' dir='ltr'>frum-a</span> <span class='ocrx_word' id='word_1_155' title='bbox 669 988 886 1019; x_wconf 71' lang='lat' dir='ltr'>nimiumillud</span> <span class='ocrx_word' id='word_1_156' title='bbox 911 999 929 1019; x_wconf 88' lang='lat' dir='ltr'>a</span> <span class='ocrx_word' id='word_1_157' title='bbox 943 990 1050 1019; x_wconf 85' lang='lat' dir='ltr'>multis</span> <span class='ocrx_word' id='word_1_158' title='bbox 1066 989 1105 1019; x_wconf 90' lang='lat' dir='ltr'>de</span> <span class='ocrx_word' id='word_1_159' title='bbox 1119 987 1363 1019; x_wconf 74' lang='lat' dir='ltr'>celebratoribus</span> <span class='ocrx_word' id='word_1_160' title='bbox 1377 986 1496 1017; x_wconf 88' lang='lat' dir='ltr'>dictum</span> <span class='ocrx_word' id='word_1_161' title='bbox 1511 996 1578 1016; x_wconf 85' lang='lat' dir='ltr'>esse</span> <span class='ocrx_word' id='word_1_162' title='bbox 1594 995 1653 1026; x_wconf 87' lang='lat' dir='ltr'>pu-</span> 
     </span>
     <span class='ocr_line' id='line_1_16' title="bbox 196 1040 1653 1085; baseline -0.003 -12"><span class='ocrx_word' id='word_1_163' title='bbox 196 1043 319 1073; x_wconf 80' lang='lat' dir='ltr'>tamus?</span> <span class='ocrx_word' id='word_1_164' title='bbox 345 1043 430 1085; x_wconf 91' lang='lat' dir='ltr'>quod</span> <span class='ocrx_word' id='word_1_165' title='bbox 450 1054 520 1074; x_wconf 91' lang='lat' dir='ltr'>eum</span> <span class='ocrx_word' id='word_1_166' title='bbox 535 1043 799 1084; x_wconf 78' lang='lat' dir='ltr'>sapientissimum</span> <span class='ocrx_word' id='word_1_167' title='bbox 813 1049 845 1073; x_wconf 90' lang='lat' dir='ltr'>et</span> <span class='ocrx_word' id='word_1_168' title='bbox 861 1043 997 1074; x_wconf 78' lang='lat' dir='ltr'>victoriae</span> <span class='ocrx_word' id='word_1_169' title='bbox 1011 1048 1191 1084; x_wconf 87' lang='lat' dir='ltr'>compotem</span> <span class='ocrx_word' id='word_1_170' title='bbox 1203 1042 1346 1083; x_wconf 90' lang='lat' dir='ltr'>judicare</span> <span class='ocrx_word' id='word_1_171' title='bbox 1358 1045 1511 1082; x_wconf 71' lang='lat' dir='ltr'>oporteat,</span> <span class='ocrx_word' id='word_1_172' title='bbox 1526 1040 1580 1082; x_wconf 88' lang='lat' dir='ltr'>qui</span> <span class='ocrx_word' id='word_1_173' title='bbox 1597 1050 1653 1070; x_wconf 84' lang='lat' dir='ltr'>nos</span> 
     </span>
     <span class='ocr_line' id='line_1_17' title="bbox 194 1093 1651 1139; baseline -0.002 -12"><span class='ocrx_word' id='word_1_174' title='bbox 194 1098 294 1128; x_wconf 78' lang='lat' dir='ltr'>laetari</span> <span class='ocrx_word' id='word_1_175' title='bbox 318 1103 412 1139; x_wconf 79' lang='lat' dir='ltr'>atque</span> <span class='ocrx_word' id='word_1_176' title='bbox 432 1097 566 1139; x_wconf 83' lang='lat' dir='ltr'>gaudere</span> <span class='ocrx_word' id='word_1_177' title='bbox 581 1107 676 1139; x_wconf 88' lang='lat' dir='ltr'>quam</span> <span class='ocrx_word' id='word_1_178' title='bbox 693 1098 824 1127; x_wconf 80' lang='lat' dir='ltr'>maxime</span> <span class='ocrx_word' id='word_1_179' title='bbox 840 1097 955 1128; x_wconf 81' lang='lat' dir='ltr'>faciat?</span> <span class='ocrx_word' id='word_1_180' title='bbox 979 1107 1053 1127; x_wconf 87' lang='lat' dir='ltr'>nam</span> <span class='ocrx_word' id='word_1_181' title='bbox 1069 1102 1232 1138; x_wconf 81' lang='lat' dir='ltr'>postquam</span> <span class='ocrx_word' id='word_1_182' title='bbox 1250 1097 1354 1127; x_wconf 86' lang='lat' dir='ltr'>ludere</span> <span class='ocrx_word' id='word_1_183' title='bbox 1370 1096 1403 1126; x_wconf 90' lang='lat' dir='ltr'>in</span> <span class='ocrx_word' id='word_1_184' title='bbox 1418 1096 1483 1125; x_wconf 85' lang='lat' dir='ltr'>istis</span> <span class='ocrx_word' id='word_1_185' title='bbox 1499 1093 1651 1136; x_wconf 75' lang='lat' dir='ltr'>permitti-</span> 
     </span>
     <span class='ocr_line' id='line_1_18' title="bbox 191 1149 1652 1193; baseline -0.002 -11"><span class='ocrx_word' id='word_1_186' title='bbox 191 1159 253 1189; x_wconf 85' lang='lat' dir='ltr'>tur,</span> <span class='ocrx_word' id='word_1_187' title='bbox 269 1152 459 1183; x_wconf 86' lang='lat' dir='ltr'>conveniens</span> <span class='ocrx_word' id='word_1_188' title='bbox 467 1162 535 1182; x_wconf 76' lang='lat' dir='ltr'>esse</span> <span class='ocrx_word' id='word_1_189' title='bbox 547 1152 680 1188; x_wconf 83' lang='lat' dir='ltr'>videtur,</span> <span class='ocrx_word' id='word_1_190' title='bbox 697 1157 731 1182; x_wconf 89' lang='lat' dir='ltr'>ut</span> <span class='ocrx_word' id='word_1_191' title='bbox 742 1162 823 1187; x_wconf 89' lang='lat' dir='ltr'>eum,</span> <span class='ocrx_word' id='word_1_192' title='bbox 839 1153 892 1193; x_wconf 90' lang='lat' dir='ltr'>qui</span> <span class='ocrx_word' id='word_1_193' title='bbox 908 1161 1000 1192; x_wconf 83' lang='lat' dir='ltr'>quam</span> <span class='ocrx_word' id='word_1_194' title='bbox 1016 1152 1164 1193; x_wconf 89' lang='lat' dir='ltr'>plurimos</span> <span class='ocrx_word' id='word_1_195' title='bbox 1179 1161 1212 1182; x_wconf 86' lang='lat' dir='ltr'>et</span> <span class='ocrx_word' id='word_1_196' title='bbox 1226 1160 1318 1193; x_wconf 88' lang='lat' dir='ltr'>quam</span> <span class='ocrx_word' id='word_1_197' title='bbox 1345 1149 1482 1180; x_wconf 85' lang='lat' dir='ltr'>maxime</span> <span class='ocrx_word' id='word_1_198' title='bbox 1509 1149 1548 1180; x_wconf 87' lang='lat' dir='ltr'>ad</span> <span class='ocrx_word' id='word_1_199' title='bbox 1574 1159 1652 1190; x_wconf 83' lang='lat' dir='ltr'>gau-</span> 
     </span>
     <span class='ocr_line' id='line_1_19' title="bbox 194 1202 1650 1248; baseline -0.003 -11"><span class='ocrx_word' id='word_1_200' title='bbox 194 1207 279 1237; x_wconf 86' lang='lat' dir='ltr'>dium</span> <span class='ocrx_word' id='word_1_201' title='bbox 292 1212 450 1248; x_wconf 87' lang='lat' dir='ltr'>provocet.</span> <span class='ocrx_word' id='word_1_202' title='bbox 469 1208 626 1248; x_wconf 85' lang='lat' dir='ltr'>praecipue</span> <span class='ocrx_word' id='word_1_203' title='bbox 650 1207 836 1237; x_wconf 82' lang='lat' dir='ltr'>honoremus</span> <span class='ocrx_word' id='word_1_204' title='bbox 850 1218 856 1236; x_wconf 90' lang='lat'>:</span> <span class='ocrx_word' id='word_1_205' title='bbox 882 1212 914 1236; x_wconf 84' lang='lat' dir='ltr'>et</span> <span class='ocrx_word' id='word_1_206' title='bbox 932 1212 967 1236; x_wconf 89' lang='lat' dir='ltr'>ut</span> <span class='ocrx_word' id='word_1_207' title='bbox 986 1205 1080 1236; x_wconf 91' lang='lat' dir='ltr'>modo</span> <span class='ocrx_word' id='word_1_208' title='bbox 1092 1206 1238 1236; x_wconf 83' lang='lat' dir='ltr'>dicebam</span> <span class='ocrx_word' id='word_1_209' title='bbox 1252 1205 1396 1235; x_wconf 88' lang='lat' dir='ltr'>victorem</span> <span class='ocrx_word' id='word_1_210' title='bbox 1413 1214 1481 1234; x_wconf 85' lang='lat' dir='ltr'>esse</span> <span class='ocrx_word' id='word_1_211' title='bbox 1497 1202 1650 1233; x_wconf 84' lang='lat' dir='ltr'>dicamus.</span> 
     </span>
     <span class='ocr_line' id='line_1_20' title="bbox 191 1257 1646 1302; baseline -0.003 -10"><span class='ocrx_word' id='word_1_212' title='bbox 191 1266 316 1292; x_wconf 83' lang='lat' dir='ltr'>rectene</span> <span class='ocrx_word' id='word_1_213' title='bbox 327 1261 358 1291; x_wconf 91' lang='lat' dir='ltr'>id</span> <span class='ocrx_word' id='word_1_214' title='bbox 370 1262 415 1292; x_wconf 84' lang='lat' dir='ltr'>ita</span> <span class='ocrx_word' id='word_1_215' title='bbox 425 1262 559 1292; x_wconf 85' lang='lat' dir='ltr'>dicitur?</span> <span class='ocrx_word' id='word_1_216' title='bbox 579 1261 675 1302; x_wconf 85' lang='lat'>[658]</span> <span class='ocrx_word' id='word_1_217' title='bbox 686 1267 833 1302; x_wconf 89' lang='lat' dir='ltr'>recteque</span> <span class='ocrx_word' id='word_1_218' title='bbox 850 1261 948 1297; x_wconf 79' lang='lat' dir='ltr'>fieret,</span> <span class='ocrx_word' id='word_1_219' title='bbox 965 1261 990 1291; x_wconf 87' lang='lat' dir='ltr'>si</span> <span class='ocrx_word' id='word_1_220' title='bbox 1007 1261 1049 1291; x_wconf 89' lang='lat' dir='ltr'>ita</span> <span class='ocrx_word' id='word_1_221' title='bbox 1063 1260 1172 1291; x_wconf 83' lang='lat' dir='ltr'>fieret?</span> <span class='ocrx_word' id='word_1_222' title='bbox 1197 1259 1274 1291; x_wconf 76' lang='lat' dir='ltr'>Cu.</span> <span class='ocrx_word' id='word_1_223' title='bbox 1291 1258 1392 1289; x_wconf 79' lang='lat' dir='ltr'>Forte.</span> <span class='ocrx_word' id='word_1_224' title='bbox 1417 1257 1492 1288; x_wconf 82' lang='lat' dir='ltr'>Aru</span> <span class='ocrx_word' id='word_1_225' title='bbox 1500 1268 1554 1288; x_wconf 75' lang='lat' dir='ltr'>EN.</span> <span class='ocrx_word' id='word_1_226' title='bbox 1570 1257 1646 1292; x_wconf 89' lang='lat' dir='ltr'>Sed,</span> 
     </span>
     <span class='ocr_line' id='line_1_21' title="bbox 192 1312 1647 1356; baseline -0.003 -11"><span class='ocrx_word' id='word_1_227' title='bbox 192 1326 211 1345; x_wconf 93' lang='lat' dir='ltr'>o</span> <span class='ocrx_word' id='word_1_228' title='bbox 233 1315 334 1351; x_wconf 85' lang='lat' dir='ltr'>beate,</span> <span class='ocrx_word' id='word_1_229' title='bbox 363 1325 404 1345; x_wconf 89' lang='lat' dir='ltr'>ne</span> <span class='ocrx_word' id='word_1_230' title='bbox 428 1315 507 1346; x_wconf 88' lang='lat' dir='ltr'>adeo</span> <span class='ocrx_word' id='word_1_231' title='bbox 519 1316 610 1346; x_wconf 88' lang='lat' dir='ltr'>citam</span> <span class='ocrx_word' id='word_1_232' title='bbox 623 1316 757 1346; x_wconf 82' lang='lat' dir='ltr'>feramus</span> <span class='ocrx_word' id='word_1_233' title='bbox 772 1316 973 1351; x_wconf 73' lang='lat' dir='ltr'>sententiam,</span> <span class='ocrx_word' id='word_1_234' title='bbox 989 1315 1044 1345; x_wconf 86' lang='lat' dir='ltr'>sed</span> <span class='ocrx_word' id='word_1_235' title='bbox 1060 1315 1118 1345; x_wconf 91' lang='lat' dir='ltr'>hoc</span> <span class='ocrx_word' id='word_1_236' title='bbox 1134 1315 1234 1356; x_wconf 82' lang='lat' dir='ltr'>ipsum</span> <span class='ocrx_word' id='word_1_237' title='bbox 1252 1315 1283 1344; x_wconf 89' lang='lat' dir='ltr'>in</span> <span class='ocrx_word' id='word_1_238' title='bbox 1297 1318 1402 1354; x_wconf 84' lang='lat' dir='ltr'>partes</span> <span class='ocrx_word' id='word_1_239' title='bbox 1417 1312 1647 1353; x_wconf 75' lang='lat' dir='ltr'>distinguentes</span> 
     </span>
     <span class='ocr_line' id='line_1_22' title="bbox 191 1366 1646 1411; baseline -0.003 -11"><span class='ocrx_word' id='word_1_240' title='bbox 191 1370 250 1400; x_wconf 88' lang='lat' dir='ltr'>hoc</span> <span class='ocrx_word' id='word_1_241' title='bbox 275 1369 370 1400; x_wconf 89' lang='lat' dir='ltr'>modo</span> <span class='ocrx_word' id='word_1_242' title='bbox 390 1370 630 1400; x_wconf 79' lang='lat' dir='ltr'>consideremus.</span> <span class='ocrx_word' id='word_1_243' title='bbox 655 1370 679 1400; x_wconf 90' lang='lat' dir='ltr'>si</span> <span class='ocrx_word' id='word_1_244' title='bbox 693 1370 762 1411; x_wconf 86' lang='lat' dir='ltr'>quis</span> <span class='ocrx_word' id='word_1_245' title='bbox 775 1369 814 1400; x_wconf 90' lang='lat' dir='ltr'>ad</span> <span class='ocrx_word' id='word_1_246' title='bbox 830 1377 988 1401; x_wconf 85' lang='lat' dir='ltr'>certamen</span> <span class='ocrx_word' id='word_1_247' title='bbox 1003 1369 1152 1411; x_wconf 85' lang='lat' dir='ltr'>plurimos</span> <span class='ocrx_word' id='word_1_248' title='bbox 1167 1369 1315 1404; x_wconf 83' lang='lat' dir='ltr'>concitet,</span> <span class='ocrx_word' id='word_1_249' title='bbox 1324 1377 1384 1398; x_wconf 90' lang='lat' dir='ltr'>nec</span> <span class='ocrx_word' id='word_1_250' title='bbox 1397 1366 1575 1409; x_wconf 85' lang='lat' dir='ltr'>gymnicum</span> <span class='ocrx_word' id='word_1_251' title='bbox 1591 1371 1646 1396; x_wconf 86' lang='lat' dir='ltr'>aut</span> 
     </span>
     <span class='ocr_line' id='line_1_23' title="bbox 188 1419 1645 1465; baseline -0.003 -11"><span class='ocrx_word' id='word_1_252' title='bbox 188 1423 339 1454; x_wconf 88' lang='lat' dir='ltr'>musicum</span> <span class='ocrx_word' id='word_1_253' title='bbox 361 1430 414 1454; x_wconf 87' lang='lat' dir='ltr'>aut</span> <span class='ocrx_word' id='word_1_254' title='bbox 428 1431 571 1465; x_wconf 84' lang='lat' dir='ltr'>equestre</span> <span class='ocrx_word' id='word_1_255' title='bbox 587 1423 787 1461; x_wconf 81' lang='lat' dir='ltr'>determinet,</span> <span class='ocrx_word' id='word_1_256' title='bbox 803 1424 859 1454; x_wconf 85' lang='lat' dir='ltr'>sed</span> <span class='ocrx_word' id='word_1_257' title='bbox 873 1424 1016 1455; x_wconf 88' lang='lat' dir='ltr'>omnibus</span> <span class='ocrx_word' id='word_1_258' title='bbox 1030 1423 1147 1455; x_wconf 86' lang='lat' dir='ltr'>civibus</span> <span class='ocrx_word' id='word_1_259' title='bbox 1163 1422 1358 1464; x_wconf 84' lang='lat' dir='ltr'>congregatis</span> <span class='ocrx_word' id='word_1_260' title='bbox 1366 1420 1536 1461; x_wconf 77' lang='lat' dir='ltr'>voluptatis</span> <span class='ocrx_word' id='word_1_261' title='bbox 1545 1419 1645 1460; x_wconf 75' lang='lat' dir='ltr'>gratia</span> 
     </span>
     <span class='ocr_line' id='line_1_24' title="bbox 184 1473 1643 1519; baseline -0.003 -11"><span class='ocrx_word' id='word_1_262' title='bbox 184 1483 343 1509; x_wconf 88' lang='lat' dir='ltr'>certamen</span> <span class='ocrx_word' id='word_1_263' title='bbox 366 1478 527 1508; x_wconf 79' lang='lat' dir='ltr'>dumtaxat</span> <span class='ocrx_word' id='word_1_264' title='bbox 553 1478 705 1513; x_wconf 80' lang='lat' dir='ltr'>instituat,</span> <span class='ocrx_word' id='word_1_265' title='bbox 731 1479 920 1519; x_wconf 66' lang='lat' dir='ltr'>praemiaque</span> <span class='ocrx_word' id='word_1_266' title='bbox 951 1479 980 1508; x_wconf 90' lang='lat' dir='ltr'>ei</span> <span class='ocrx_word' id='word_1_267' title='bbox 1010 1482 1174 1519; x_wconf 81' lang='lat' dir='ltr'>proponat,</span> <span class='ocrx_word' id='word_1_268' title='bbox 1203 1477 1257 1518; x_wconf 90' lang='lat' dir='ltr'>qui</span> <span class='ocrx_word' id='word_1_269' title='bbox 1282 1481 1470 1517; x_wconf 83' lang='lat' dir='ltr'>spectatores</span> <span class='ocrx_word' id='word_1_270' title='bbox 1507 1473 1643 1505; x_wconf 83' lang='lat' dir='ltr'>maxime</span> 
     </span>
     <span class='ocr_line' id='line_1_25' title="bbox 187 1527 1642 1574; baseline -0.003 -12"><span class='ocrx_word' id='word_1_271' title='bbox 187 1532 587 1574; x_wconf 77' lang='lat' dir='ltr'>delectabitjudicatusque</span> <span class='ocrx_word' id='word_1_272' title='bbox 599 1533 692 1563; x_wconf 86' lang='lat' dir='ltr'>suerit</span> <span class='ocrx_word' id='word_1_273' title='bbox 704 1533 736 1562; x_wconf 87' lang='lat' dir='ltr'>id</span> <span class='ocrx_word' id='word_1_274' title='bbox 749 1533 927 1574; x_wconf 84' lang='lat' dir='ltr'>optimeque</span> <span class='ocrx_word' id='word_1_275' title='bbox 938 1533 1077 1563; x_wconf 89' lang='lat' dir='ltr'>omnium</span> <span class='ocrx_word' id='word_1_276' title='bbox 1088 1531 1240 1566; x_wconf 85' lang='lat' dir='ltr'>effecisse,</span> <span class='ocrx_word' id='word_1_277' title='bbox 1258 1541 1330 1562; x_wconf 91' lang='lat' dir='ltr'>cum</span> <span class='ocrx_word' id='word_1_278' title='bbox 1344 1529 1447 1560; x_wconf 89' lang='lat' dir='ltr'>nullus</span> <span class='ocrx_word' id='word_1_279' title='bbox 1462 1527 1642 1560; x_wconf 77' lang='lat' dir='ltr'>delectandi</span> 
     </span>
     <span class='ocr_line' id='line_1_26' title="bbox 187 1582 1642 1628; baseline -0.001 -12"><span class='ocrx_word' id='word_1_280' title='bbox 187 1587 298 1617; x_wconf 83' lang='lat' dir='ltr'>modus</span> <span class='ocrx_word' id='word_1_281' title='bbox 308 1596 470 1628; x_wconf 86' lang='lat' dir='ltr'>expressus</span> <span class='ocrx_word' id='word_1_282' title='bbox 486 1587 524 1617; x_wconf 82' lang='lat' dir='ltr'>sit</span> <span class='ocrx_word' id='word_1_283' title='bbox 539 1598 544 1616; x_wconf 76' lang='grc' dir='ltr'><strong><em>ε</em></strong></span> <span class='ocrx_word' id='word_1_284' title='bbox 570 1586 719 1628; x_wconf 83' lang='lat' dir='ltr'>quidnam</span> <span class='ocrx_word' id='word_1_285' title='bbox 734 1598 771 1618; x_wconf 86' lang='lat' dir='ltr'>ex</span> <span class='ocrx_word' id='word_1_286' title='bbox 787 1587 942 1628; x_wconf 80' lang='lat' dir='ltr'>praeconio</span> <span class='ocrx_word' id='word_1_287' title='bbox 956 1594 1140 1617; x_wconf 80' lang='lat' dir='ltr'>eventurum</span> <span class='ocrx_word' id='word_1_288' title='bbox 1157 1585 1326 1628; x_wconf 86' lang='lat' dir='ltr'>putamus?</span> <span class='ocrx_word' id='word_1_289' title='bbox 1373 1582 1449 1614; x_wconf 74' lang='lat' dir='ltr'>Cn.</span> <span class='ocrx_word' id='word_1_290' title='bbox 1473 1584 1546 1621; x_wconf 87' lang='lat' dir='ltr'>Qua</span> <span class='ocrx_word' id='word_1_291' title='bbox 1555 1582 1595 1614; x_wconf 87' lang='lat' dir='ltr'>de</span> <span class='ocrx_word' id='word_1_292' title='bbox 1607 1592 1642 1614; x_wconf 87' lang='lat' dir='ltr'>re</span> 
     </span>
     <span class='ocr_line' id='line_1_27' title="bbox 186 1637 1641 1681; baseline -0.001 -12"><span class='ocrx_word' id='word_1_293' title='bbox 186 1639 264 1670; x_wconf 77' lang='lat' dir='ltr'>dicis</span> <span class='ocrx_word' id='word_1_294' title='bbox 277 1641 288 1669; x_wconf 85' lang='lat'>?</span> <span class='ocrx_word' id='word_1_295' title='bbox 334 1640 472 1671; x_wconf 62' lang='lat' dir='ltr'>Arnen.</span> <span class='ocrx_word' id='word_1_296' title='bbox 496 1641 557 1672; x_wconf 83' lang='lat' dir='ltr'>Par</span> <span class='ocrx_word' id='word_1_297' title='bbox 571 1647 631 1681; x_wconf 90' lang='lat' dir='ltr'>est,</span> <span class='ocrx_word' id='word_1_298' title='bbox 643 1648 678 1672; x_wconf 91' lang='lat' dir='ltr'>ut</span> <span class='ocrx_word' id='word_1_299' title='bbox 693 1641 784 1677; x_wconf 85' lang='lat' dir='ltr'>alius,</span> <span class='ocrx_word' id='word_1_300' title='bbox 800 1642 880 1672; x_wconf 88' lang='lat' dir='ltr'>sicut</span> <span class='ocrx_word' id='word_1_301' title='bbox 893 1641 1056 1676; x_wconf 88' lang='lat' dir='ltr'>Homerus,</span> <span class='ocrx_word' id='word_1_302' title='bbox 1073 1640 1270 1681; x_wconf 82' lang='lat' dir='ltr'>rhapsodiam</span> <span class='ocrx_word' id='word_1_303' title='bbox 1285 1638 1442 1675; x_wconf 85' lang='lat' dir='ltr'>ostendat,</span> <span class='ocrx_word' id='word_1_304' title='bbox 1452 1638 1532 1669; x_wconf 80' lang='lat' dir='ltr'>alius</span> <span class='ocrx_word' id='word_1_305' title='bbox 1541 1637 1641 1668; x_wconf 85' lang='lat' dir='ltr'>citha-</span> 
     </span>
     <span class='ocr_line' id='line_1_28' title="bbox 185 1691 1640 1736; baseline -0.001 -12"><span class='ocrx_word' id='word_1_306' title='bbox 185 1693 323 1731; x_wconf 85' lang='lat' dir='ltr'>roediam,</span> <span class='ocrx_word' id='word_1_307' title='bbox 349 1695 531 1736; x_wconf 74' lang='lat' dir='ltr'>tragoediam</span> <span class='ocrx_word' id='word_1_308' title='bbox 554 1696 644 1730; x_wconf 84' lang='lat' dir='ltr'>alius,</span> <span class='ocrx_word' id='word_1_309' title='bbox 666 1696 745 1726; x_wconf 88' lang='lat' dir='ltr'>alius</span> <span class='ocrx_word' id='word_1_310' title='bbox 760 1706 832 1726; x_wconf 80' lang='lat' dir='ltr'>vero</span> <span class='ocrx_word' id='word_1_311' title='bbox 845 1694 1041 1725; x_wconf 78' lang='lat' dir='ltr'>comoedian).</span> <span class='ocrx_word' id='word_1_312' title='bbox 1054 1704 1158 1735; x_wconf 91' lang='lat' dir='ltr'>neque</span> <span class='ocrx_word' id='word_1_313' title='bbox 1175 1693 1285 1729; x_wconf 84' lang='lat' dir='ltr'>deerit,</span> <span class='ocrx_word' id='word_1_314' title='bbox 1297 1693 1352 1734; x_wconf 87' lang='lat' dir='ltr'>qui</span> <span class='ocrx_word' id='word_1_315' title='bbox 1365 1691 1518 1724; x_wconf 79' lang='lat' dir='ltr'>miraculo</span> <span class='ocrx_word' id='word_1_316' title='bbox 1533 1698 1640 1723; x_wconf 85' lang='lat' dir='ltr'>osten-</span> 
     </span>
     <span class='ocr_line' id='line_1_29' title="bbox 183 1746 1637 1790; baseline -0.001 -12"><span class='ocrx_word' id='word_1_317' title='bbox 183 1748 289 1779; x_wconf 86' lang='lat' dir='ltr'>dendo</span> <span class='ocrx_word' id='word_1_318' title='bbox 306 1749 464 1783; x_wconf 84' lang='lat' dir='ltr'>victoriam</span> <span class='ocrx_word' id='word_1_319' title='bbox 479 1759 512 1779; x_wconf 90' lang='lat' dir='ltr'>se</span> <span class='ocrx_word' id='word_1_320' title='bbox 525 1750 669 1790; x_wconf 88' lang='lat' dir='ltr'>opinetur</span> <span class='ocrx_word' id='word_1_321' title='bbox 681 1755 932 1780; x_wconf 81' lang='lat' dir='ltr'>consecuturum.</span> <span class='ocrx_word' id='word_1_322' title='bbox 955 1759 1025 1779; x_wconf 90' lang='lat' dir='ltr'>cum</span> <span class='ocrx_word' id='word_1_323' title='bbox 1039 1749 1121 1778; x_wconf 85' lang='lat' dir='ltr'>tales</span> <span class='ocrx_word' id='word_1_324' title='bbox 1137 1754 1169 1778; x_wconf 85' lang='lat' dir='ltr'>et</span> <span class='ocrx_word' id='word_1_325' title='bbox 1179 1748 1232 1778; x_wconf 84' lang='lat' dir='ltr'>alii</span> <span class='ocrx_word' id='word_1_326' title='bbox 1248 1747 1369 1788; x_wconf 82' lang='lat' dir='ltr'>generis</span> <span class='ocrx_word' id='word_1_327' title='bbox 1380 1746 1522 1789; x_wconf 87' lang='lat' dir='ltr'>ejusdem</span> <span class='ocrx_word' id='word_1_328' title='bbox 1536 1754 1637 1778; x_wconf 80' lang='lat' dir='ltr'>certa-</span> 
     </span>
     <span class='ocr_line' id='line_1_30' title="bbox 185 1800 1640 1844; baseline -0.001 -12"><span class='ocrx_word' id='word_1_329' title='bbox 185 1809 266 1833; x_wconf 84' lang='lat' dir='ltr'>tores</span> <span class='ocrx_word' id='word_1_330' title='bbox 288 1803 377 1833; x_wconf 86' lang='lat' dir='ltr'>multi</span> <span class='ocrx_word' id='word_1_331' title='bbox 392 1803 611 1840; x_wconf 69' lang='lat' dir='ltr'>confluxerint,</span> <span class='ocrx_word' id='word_1_332' title='bbox 623 1813 828 1844; x_wconf 78' lang='lat' dir='ltr'>possumusne</span> <span class='ocrx_word' id='word_1_333' title='bbox 845 1803 961 1837; x_wconf 87' lang='lat' dir='ltr'>dicere,</span> <span class='ocrx_word' id='word_1_334' title='bbox 976 1803 1044 1844; x_wconf 90' lang='lat' dir='ltr'>quis</span> <span class='ocrx_word' id='word_1_335' title='bbox 1059 1813 1123 1833; x_wconf 90' lang='lat' dir='ltr'>non</span> <span class='ocrx_word' id='word_1_336' title='bbox 1135 1802 1249 1844; x_wconf 85' lang='lat' dir='ltr'>injuria</span> <span class='ocrx_word' id='word_1_337' title='bbox 1263 1802 1362 1832; x_wconf 86' lang='lat' dir='ltr'>victor</span> <span class='ocrx_word' id='word_1_338' title='bbox 1376 1800 1490 1832; x_wconf 81' lang='lat' dir='ltr'>evadet</span> <span class='ocrx_word' id='word_1_339' title='bbox 1503 1801 1514 1830; x_wconf 87' lang='lat'>?</span> <span class='ocrx_word' id='word_1_340' title='bbox 1560 1800 1640 1831; x_wconf 77' lang='lat' dir='ltr'>Cu.</span> 
     </span>
     <span class='ocr_line' id='line_1_31' title="bbox 181 1854 1637 1899; baseline -0.001 -12"><span class='ocrx_word' id='word_1_341' title='bbox 181 1855 360 1888; x_wconf 81' lang='lat' dir='ltr'>Absurdum</span> <span class='ocrx_word' id='word_1_342' title='bbox 381 1858 464 1898; x_wconf 92' lang='lat' dir='ltr'>quod</span> <span class='ocrx_word' id='word_1_343' title='bbox 481 1859 574 1899; x_wconf 85' lang='lat' dir='ltr'>petis.</span> <span class='ocrx_word' id='word_1_344' title='bbox 596 1860 667 1899; x_wconf 87' lang='lat' dir='ltr'>quis</span> <span class='ocrx_word' id='word_1_345' title='bbox 684 1858 768 1888; x_wconf 87' lang='lat' dir='ltr'>enim</span> <span class='ocrx_word' id='word_1_346' title='bbox 783 1859 860 1888; x_wconf 80' lang='lat' dir='ltr'>scite</span> <span class='ocrx_word' id='word_1_347' title='bbox 875 1857 916 1888; x_wconf 86' lang='lat' dir='ltr'>ad</span> <span class='ocrx_word' id='word_1_348' title='bbox 932 1856 964 1888; x_wconf 90' lang='lat' dir='ltr'>id</span> <span class='ocrx_word' id='word_1_349' title='bbox 974 1857 1163 1898; x_wconf 86' lang='lat' dir='ltr'>respondere</span> <span class='ocrx_word' id='word_1_350' title='bbox 1178 1856 1304 1897; x_wconf 83' lang='lat' dir='ltr'>poterit,</span> <span class='ocrx_word' id='word_1_351' title='bbox 1319 1856 1498 1897; x_wconf 84' lang='lat' dir='ltr'>priusquam</span> <span class='ocrx_word' id='word_1_352' title='bbox 1513 1855 1581 1896; x_wconf 85' lang='lat' dir='ltr'>ipse</span> <span class='ocrx_word' id='word_1_353' title='bbox 1594 1854 1637 1885; x_wconf 85' lang='lat' dir='ltr'>ibi</span> 
     </span>
     <span class='ocr_line' id='line_1_32' title="bbox 179 1908 1636 1952; baseline -0.001 -11"><span class='ocrx_word' id='word_1_354' title='bbox 179 1921 318 1951; x_wconf 83' lang='lat' dir='ltr'>praesens</span> <span class='ocrx_word' id='word_1_355' title='bbox 332 1912 472 1952; x_wconf 86' lang='lat' dir='ltr'>singulos</span> <span class='ocrx_word' id='word_1_356' title='bbox 483 1918 653 1943; x_wconf 77' lang='lat' dir='ltr'>certatores</span> <span class='ocrx_word' id='word_1_357' title='bbox 664 1912 842 1943; x_wconf 81' lang='lat' dir='ltr'>audiverit?</span> <span class='ocrx_word' id='word_1_358' title='bbox 888 1912 1027 1942; x_wconf 64' lang='lat' dir='ltr'>Arnen.</span> <span class='ocrx_word' id='word_1_359' title='bbox 1052 1911 1196 1942; x_wconf 82' lang='lat' dir='ltr'>vultisne</span> <span class='ocrx_word' id='word_1_360' title='bbox 1217 1910 1325 1951; x_wconf 83' lang='lat' dir='ltr'>igitur,</span> <span class='ocrx_word' id='word_1_361' title='bbox 1342 1915 1376 1940; x_wconf 90' lang='lat' dir='ltr'>ut</span> <span class='ocrx_word' id='word_1_362' title='bbox 1390 1910 1458 1951; x_wconf 87' lang='lat' dir='ltr'>ipse</span> <span class='ocrx_word' id='word_1_363' title='bbox 1474 1908 1513 1940; x_wconf 87' lang='lat' dir='ltr'>ad</span> <span class='ocrx_word' id='word_1_364' title='bbox 1529 1909 1636 1940; x_wconf 82' lang='lat' dir='ltr'>absur-</span> 
     </span>
     <span class='ocr_line' id='line_1_33' title="bbox 179 1963 1635 2012; baseline -0.001 -17"><span class='ocrx_word' id='word_1_365' title='bbox 179 1965 255 1995; x_wconf 89' lang='lat' dir='ltr'>dum</span> <span class='ocrx_word' id='word_1_366' title='bbox 280 1965 364 1996; x_wconf 79' lang='lat' dir='ltr'>istud</span> <span class='ocrx_word' id='word_1_367' title='bbox 385 1965 614 2007; x_wconf 84' lang='lat' dir='ltr'>respondeam?</span> <span class='ocrx_word' id='word_1_368' title='bbox 661 1965 738 1998; x_wconf 78' lang='lat' dir='ltr'>Cu.</span> <span class='ocrx_word' id='word_1_369' title='bbox 760 1967 903 2004; x_wconf 87' lang='lat' dir='ltr'>Quidni?</span> <span class='ocrx_word' id='word_1_370' title='bbox 949 1966 1087 1997; x_wconf 66' lang='lat' dir='ltr'>Aruns.</span> <span class='ocrx_word' id='word_1_371' title='bbox 1109 1966 1141 1996; x_wconf 89' lang='lat' dir='ltr'>Si</span> <span class='ocrx_word' id='word_1_372' title='bbox 1165 1965 1252 2006; x_wconf 90' lang='lat' dir='ltr'>pueri</span> <span class='ocrx_word' id='word_1_373' title='bbox 1275 1964 1446 1995; x_wconf 88' lang='lat' dir='ltr'>admodum</span> <span class='ocrx_word' id='word_1_374' title='bbox 1460 1963 1549 2012; x_wconf 63' lang='lat' dir='ltr'>parvi</span> <span class='ocrx_word' id='word_1_375' title='bbox 1563 1973 1635 1995; x_wconf 83' lang='lat' dir='ltr'>sen-</span> 
     </span>
     <span class='ocr_line' id='line_1_34' title="bbox 178 2018 1636 2062; baseline 0.001 -13"><span class='ocrx_word' id='word_1_376' title='bbox 178 2019 308 2050; x_wconf 81' lang='lat' dir='ltr'>tentiam</span> <span class='ocrx_word' id='word_1_377' title='bbox 332 2019 449 2056; x_wconf 86' lang='lat' dir='ltr'>dicant,</span> <span class='ocrx_word' id='word_1_378' title='bbox 465 2030 534 2050; x_wconf 88' lang='lat' dir='ltr'>eum</span> <span class='ocrx_word' id='word_1_379' title='bbox 549 2021 602 2062; x_wconf 88' lang='lat' dir='ltr'>qui</span> <span class='ocrx_word' id='word_1_380' title='bbox 617 2021 767 2052; x_wconf 81' lang='lat' dir='ltr'>miracula</span> <span class='ocrx_word' id='word_1_381' title='bbox 781 2027 919 2052; x_wconf 78' lang='lat' dir='ltr'>ostentet</span> <span class='ocrx_word' id='word_1_382' title='bbox 931 2021 1041 2052; x_wconf 81' lang='lat' dir='ltr'>vicisse</span> <span class='ocrx_word' id='word_1_383' title='bbox 1057 2021 1136 2051; x_wconf 83' lang='lat' dir='ltr'>alios</span> <span class='ocrx_word' id='word_1_384' title='bbox 1146 2019 1345 2062; x_wconf 78' lang='lat' dir='ltr'>judicabunt.</span> <span class='ocrx_word' id='word_1_385' title='bbox 1367 2029 1407 2050; x_wconf 84' lang='lat' dir='ltr'>an</span> <span class='ocrx_word' id='word_1_386' title='bbox 1422 2029 1486 2050; x_wconf 85' lang='lat' dir='ltr'>non</span> <span class='ocrx_word' id='word_1_387' title='bbox 1499 2019 1510 2048; x_wconf 89' lang='lat'>?</span> <span class='ocrx_word' id='word_1_388' title='bbox 1556 2018 1636 2050; x_wconf 75' lang='lat' dir='ltr'>Cn.</span> 
     </span>
     <span class='ocr_line' id='line_1_35' title="bbox 176 2072 1634 2116; baseline 0 -13"><span class='ocrx_word' id='word_1_389' title='bbox 176 2072 264 2109; x_wconf 84' lang='lat' dir='ltr'>Quid</span> <span class='ocrx_word' id='word_1_390' title='bbox 290 2073 411 2104; x_wconf 86' lang='lat' dir='ltr'>obstat?</span> <span class='ocrx_word' id='word_1_391' title='bbox 456 2073 594 2104; x_wconf 60' lang='lat' dir='ltr'>Arnen.</span> <span class='ocrx_word' id='word_1_392' title='bbox 616 2074 709 2105; x_wconf 89' lang='lat' dir='ltr'>Pueri</span> <span class='ocrx_word' id='word_1_393' title='bbox 734 2085 809 2106; x_wconf 83' lang='lat' dir='ltr'>vero</span> <span class='ocrx_word' id='word_1_394' title='bbox 833 2075 998 2116; x_wconf 87' lang='lat' dir='ltr'>majusculi</span> <span class='ocrx_word' id='word_1_395' title='bbox 1019 2075 1196 2106; x_wconf 87' lang='lat' dir='ltr'>comoedum</span> <span class='ocrx_word' id='word_1_396' title='bbox 1217 2074 1328 2104; x_wconf 82' lang='lat' dir='ltr'>ceteris</span> <span class='ocrx_word' id='word_1_397' title='bbox 1352 2078 1554 2115; x_wconf 81' lang='lat' dir='ltr'>anteponent.</span> <span class='ocrx_word' id='word_1_398' title='bbox 1578 2072 1634 2103; x_wconf 87' lang='lat' dir='ltr'>sed</span> 
     </span>
     <span class='ocr_line' id='line_1_36' title="bbox 175 2126 1633 2170; baseline 0 -12"><span class='ocrx_word' id='word_1_399' title='bbox 175 2128 320 2158; x_wconf 85' lang='lat' dir='ltr'>mulieres</span> <span class='ocrx_word' id='word_1_400' title='bbox 331 2127 460 2158; x_wconf 78' lang='lat' dir='ltr'>eruditae</span> <span class='ocrx_word' id='word_1_401' title='bbox 472 2134 565 2170; x_wconf 89' lang='lat' dir='ltr'>atque</span> <span class='ocrx_word' id='word_1_402' title='bbox 579 2128 804 2160; x_wconf 82' lang='lat' dir='ltr'>adolescentuli</span> <span class='ocrx_word' id='word_1_403' title='bbox 813 2135 846 2159; x_wconf 89' lang='lat' dir='ltr'>et</span> <span class='ocrx_word' id='word_1_404' title='bbox 856 2129 952 2159; x_wconf 83' lang='lat' dir='ltr'>ferme</span> <span class='ocrx_word' id='word_1_405' title='bbox 975 2129 1114 2159; x_wconf 89' lang='lat' dir='ltr'>omnium</span> <span class='ocrx_word' id='word_1_406' title='bbox 1128 2129 1295 2159; x_wconf 87' lang='lat' dir='ltr'>multitudo</span> <span class='ocrx_word' id='word_1_407' title='bbox 1311 2126 1493 2168; x_wconf 76' lang='lat' dir='ltr'>tragoediam</span> <span class='ocrx_word' id='word_1_408' title='bbox 1503 2127 1633 2158; x_wconf 78' lang='lat' dir='ltr'>sortasse</span> 
     </span>
     <span class='ocr_line' id='line_1_37' title="bbox 176 2181 1630 2224; baseline 0 -12"><span class='ocrx_word' id='word_1_409' title='bbox 176 2182 357 2213; x_wconf 82' lang='lat' dir='ltr'>laudabunt.</span> <span class='ocrx_word' id='word_1_410' title='bbox 402 2182 478 2213; x_wconf 82' lang='lat' dir='ltr'>CLr.</span> <span class='ocrx_word' id='word_1_411' title='bbox 500 2182 653 2213; x_wconf 83' lang='lat' dir='ltr'>Fortassis</span> <span class='ocrx_word' id='word_1_412' title='bbox 665 2184 711 2214; x_wconf 85' lang='lat' dir='ltr'>ita</span> <span class='ocrx_word' id='word_1_413' title='bbox 725 2183 897 2224; x_wconf 83' lang='lat' dir='ltr'>continget.</span> <span class='ocrx_word' id='word_1_414' title='bbox 940 2183 1078 2214; x_wconf 60' lang='lat' dir='ltr'>Arnen.</span> <span class='ocrx_word' id='word_1_415' title='bbox 1101 2183 1246 2214; x_wconf 83' lang='lat' dir='ltr'>Seniorcs</span> <span class='ocrx_word' id='word_1_416' title='bbox 1257 2189 1361 2213; x_wconf 85' lang='lat' dir='ltr'>autem</span> <span class='ocrx_word' id='word_1_417' title='bbox 1385 2191 1442 2212; x_wconf 84' lang='lat' dir='ltr'>nos</span> <span class='ocrx_word' id='word_1_418' title='bbox 1464 2181 1630 2222; x_wconf 78' lang='lat' dir='ltr'>jucundis-</span> 
     </span>
     <span class='ocr_line' id='line_1_38' title="bbox 176 2235 1629 2279; baseline 0 -12"><span class='ocrx_word' id='word_1_419' title='bbox 176 2236 253 2267; x_wconf 84' lang='lat' dir='ltr'>sime</span> <span class='ocrx_word' id='word_1_420' title='bbox 277 2236 466 2278; x_wconf 87' lang='lat' dir='ltr'>rhapsodum</span> <span class='ocrx_word' id='word_1_421' title='bbox 488 2236 613 2268; x_wconf 74' lang='lat' dir='ltr'>forsitan</span> <span class='ocrx_word' id='word_1_422' title='bbox 639 2237 812 2273; x_wconf 79' lang='lat' dir='ltr'>audiemus,</span> <span class='ocrx_word' id='word_1_423' title='bbox 826 2238 880 2279; x_wconf 85' lang='lat' dir='ltr'>qui</span> <span class='ocrx_word' id='word_1_424' title='bbox 897 2237 1094 2268; x_wconf 86' lang='lat' dir='ltr'>Homericum</span> <span class='ocrx_word' id='word_1_425' title='bbox 1111 2237 1241 2278; x_wconf 86' lang='lat' dir='ltr'>aliquid,</span> <span class='ocrx_word' id='word_1_426' title='bbox 1257 2235 1359 2267; x_wconf 81' lang='lat' dir='ltr'>Iliada</span> <span class='ocrx_word' id='word_1_427' title='bbox 1373 2237 1424 2267; x_wconf 86' lang='lat' dir='ltr'>vel</span> <span class='ocrx_word' id='word_1_428' title='bbox 1439 2236 1629 2278; x_wconf 82' lang='lat' dir='ltr'>odysseam.</span> 
     </span>
     <span class='ocr_line' id='line_1_39' title="bbox 177 2290 1631 2333; baseline 0.002 -13"><span class='ocrx_word' id='word_1_429' title='bbox 177 2296 232 2321; x_wconf 84' lang='lat' dir='ltr'>aut</span> <span class='ocrx_word' id='word_1_430' title='bbox 255 2291 374 2332; x_wconf 87' lang='lat' dir='ltr'>aliquid</span> <span class='ocrx_word' id='word_1_431' title='bbox 399 2290 602 2322; x_wconf 85' lang='lat' dir='ltr'>Hesiodicum</span> <span class='ocrx_word' id='word_1_432' title='bbox 628 2291 708 2322; x_wconf 85' lang='lat' dir='ltr'>bene</span> <span class='ocrx_word' id='word_1_433' title='bbox 720 2292 890 2322; x_wconf 86' lang='lat' dir='ltr'>cecinerit:</span> <span class='ocrx_word' id='word_1_434' title='bbox 915 2291 1126 2333; x_wconf 79' lang='lat' dir='ltr'>victoremque</span> <span class='ocrx_word' id='word_1_435' title='bbox 1136 2291 1275 2322; x_wconf 85' lang='lat' dir='ltr'>omnium</span> <span class='ocrx_word' id='word_1_436' title='bbox 1286 2290 1534 2332; x_wconf 83' lang='lat' dir='ltr'>praedicabimus.</span> <span class='ocrx_word' id='word_1_437' title='bbox 1557 2291 1631 2333; x_wconf 83' lang='lat' dir='ltr'>quis</span> 
     </span>
     <span class='ocr_line' id='line_1_40' title="bbox 175 2344 1629 2388; baseline 0.002 -13"><span class='ocrx_word' id='word_1_438' title='bbox 175 2355 247 2385; x_wconf 87' lang='lat' dir='ltr'>ergo</span> <span class='ocrx_word' id='word_1_439' title='bbox 266 2345 335 2387; x_wconf 89' lang='lat' dir='ltr'>jure</span> <span class='ocrx_word' id='word_1_440' title='bbox 360 2345 458 2376; x_wconf 86' lang='lat' dir='ltr'>victor</span> <span class='ocrx_word' id='word_1_441' title='bbox 483 2346 535 2382; x_wconf 88' lang='lat' dir='ltr'>sit,</span> <span class='ocrx_word' id='word_1_442' title='bbox 557 2346 779 2376; x_wconf 81' lang='lat' dir='ltr'>declarandum</span> <span class='ocrx_word' id='word_1_443' title='bbox 805 2356 909 2376; x_wconf 85' lang='lat' dir='ltr'>nonne</span> <span class='ocrx_word' id='word_1_444' title='bbox 934 2352 1028 2377; x_wconf 82' lang='lat' dir='ltr'>restat</span> <span class='ocrx_word' id='word_1_445' title='bbox 1041 2345 1051 2375; x_wconf 90' lang='lat'>?</span> <span class='ocrx_word' id='word_1_446' title='bbox 1097 2345 1172 2377; x_wconf 78' lang='lat' dir='ltr'>Cu.</span> <span class='ocrx_word' id='word_1_447' title='bbox 1197 2345 1290 2378; x_wconf 83' lang='lat' dir='ltr'>Sane.</span> <span class='ocrx_word' id='word_1_448' title='bbox 1335 2344 1474 2377; x_wconf 61' lang='lat' dir='ltr'>Aruns.</span> <span class='ocrx_word' id='word_1_449' title='bbox 1500 2345 1629 2388; x_wconf 84' lang='lat' dir='ltr'>Perspi-</span> 
     </span>
     <span class='ocr_line' id='line_1_41' title="bbox 176 2399 1628 2440; baseline 0.002 -11"><span class='ocrx_word' id='word_1_450' title='bbox 176 2409 269 2429; x_wconf 86' lang='lat' dir='ltr'>cuum</span> <span class='ocrx_word' id='word_1_451' title='bbox 290 2400 419 2440; x_wconf 90' lang='lat' dir='ltr'>quidem</span> <span class='ocrx_word' id='word_1_452' title='bbox 443 2405 502 2436; x_wconf 88' lang='lat' dir='ltr'>est,</span> <span class='ocrx_word' id='word_1_453' title='bbox 526 2405 562 2430; x_wconf 80' lang='lat' dir='ltr'>ut</span> <span class='ocrx_word' id='word_1_454' title='bbox 576 2406 609 2430; x_wconf 85' lang='lat' dir='ltr'>et</span> <span class='ocrx_word' id='word_1_455' title='bbox 626 2399 831 2431; x_wconf 77' lang='lat' dir='ltr'>mihividetur</span> <span class='ocrx_word' id='word_1_456' title='bbox 842 2406 874 2431; x_wconf 83' lang='lat' dir='ltr'>et</span> <span class='ocrx_word' id='word_1_457' title='bbox 890 2411 944 2431; x_wconf 80' lang='lat' dir='ltr'>vos</span> <span class='ocrx_word' id='word_1_458' title='bbox 957 2400 1133 2431; x_wconf 84' lang='lat' dir='ltr'>necessario</span> <span class='ocrx_word' id='word_1_459' title='bbox 1147 2399 1339 2436; x_wconf 81' lang='lat' dir='ltr'>concedetis,</span> <span class='ocrx_word' id='word_1_460' title='bbox 1355 2410 1429 2431; x_wconf 85' lang='lat' dir='ltr'>eum</span> <span class='ocrx_word' id='word_1_461' title='bbox 1444 2410 1549 2432; x_wconf 81' lang='lat' dir='ltr'>revera</span> <span class='ocrx_word' id='word_1_462' title='bbox 1559 2410 1628 2432; x_wconf 76' lang='lat' dir='ltr'>esse</span> 
     </span>
     <span class='ocr_line' id='line_1_42' title="bbox 174 2453 1626 2496; baseline 0.002 -13"><span class='ocrx_word' id='word_1_463' title='bbox 174 2453 336 2492; x_wconf 81' lang='lat' dir='ltr'>victorem,</span> <span class='ocrx_word' id='word_1_464' title='bbox 363 2454 417 2495; x_wconf 90' lang='lat' dir='ltr'>qui</span> <span class='ocrx_word' id='word_1_465' title='bbox 435 2455 545 2485; x_wconf 78' lang='lat' dir='ltr'>vicisse</span> <span class='ocrx_word' id='word_1_466' title='bbox 570 2464 589 2485; x_wconf 83' lang='lat' dir='ltr'>a</span> <span class='ocrx_word' id='word_1_467' title='bbox 614 2455 724 2485; x_wconf 84' lang='lat' dir='ltr'>nostris</span> <span class='ocrx_word' id='word_1_468' title='bbox 745 2454 916 2496; x_wconf 68' lang='lat' dir='ltr'>aequalibus</span> <span class='ocrx_word' id='word_1_469' title='bbox 939 2454 1141 2495; x_wconf 84' lang='lat' dir='ltr'>judicabitur.</span> <span class='ocrx_word' id='word_1_470' title='bbox 1165 2465 1240 2485; x_wconf 86' lang='lat' dir='ltr'>usus</span> <span class='ocrx_word' id='word_1_471' title='bbox 1255 2454 1339 2485; x_wconf 87' lang='lat' dir='ltr'>enim</span> <span class='ocrx_word' id='word_1_472' title='bbox 1348 2465 1461 2494; x_wconf 87' lang='lat' dir='ltr'>rerum,</span> <span class='ocrx_word' id='word_1_473' title='bbox 1476 2465 1570 2496; x_wconf 85' lang='lat' dir='ltr'>quem</span> <span class='ocrx_word' id='word_1_474' title='bbox 1585 2455 1626 2486; x_wconf 83' lang='lat' dir='ltr'>ab</span> 
     </span>
     <span class='ocr_line' id='line_1_43' title="bbox 175 2507 1629 2551; baseline 0.002 -14"><span class='ocrx_word' id='word_1_475' title='bbox 175 2512 266 2538; x_wconf 75' lang='lat' dir='ltr'>aetate</span> <span class='ocrx_word' id='word_1_476' title='bbox 282 2507 442 2544; x_wconf 82' lang='lat' dir='ltr'>habemus,</span> <span class='ocrx_word' id='word_1_477' title='bbox 455 2509 592 2540; x_wconf 89' lang='lat' dir='ltr'>omnium</span> <span class='ocrx_word' id='word_1_478' title='bbox 607 2509 734 2550; x_wconf 86' lang='lat' dir='ltr'>quidem</span> <span class='ocrx_word' id='word_1_479' title='bbox 750 2509 889 2540; x_wconf 89' lang='lat' dir='ltr'>civilium</span> <span class='ocrx_word' id='word_1_480' title='bbox 904 2519 1049 2550; x_wconf 84' lang='lat' dir='ltr'>magnum</span> <span class='ocrx_word' id='word_1_481' title='bbox 1064 2508 1214 2551; x_wconf 81' lang='lat' dir='ltr'>quiddam</span> <span class='ocrx_word' id='word_1_482' title='bbox 1225 2508 1340 2550; x_wconf 86' lang='lat' dir='ltr'>ubique</span> <span class='ocrx_word' id='word_1_483' title='bbox 1355 2514 1404 2539; x_wconf 85' lang='lat' dir='ltr'>est</span> <span class='ocrx_word' id='word_1_484' title='bbox 1417 2514 1449 2539; x_wconf 86' lang='lat' dir='ltr'>et</span> <span class='ocrx_word' id='word_1_485' title='bbox 1462 2509 1629 2551; x_wconf 82' lang='lat' dir='ltr'>optimum.</span> 
     </span>
     <span class='ocr_line' id='line_1_44' title="bbox 173 2560 1624 2605; baseline 0.002 -13"><span class='ocrx_word' id='word_1_486' title='bbox 173 2560 250 2592; x_wconf 77' lang='lat' dir='ltr'>Cu.</span> <span class='ocrx_word' id='word_1_487' title='bbox 274 2561 386 2592; x_wconf 87' lang='lat' dir='ltr'>Procul</span> <span class='ocrx_word' id='word_1_488' title='bbox 407 2563 512 2594; x_wconf 87' lang='lat' dir='ltr'>dubio.</span> <span class='ocrx_word' id='word_1_489' title='bbox 555 2563 693 2595; x_wconf 63' lang='lat' dir='ltr'>Arnen.</span> <span class='ocrx_word' id='word_1_490' title='bbox 715 2563 865 2594; x_wconf 88' lang='lat' dir='ltr'>Concedo</span> <span class='ocrx_word' id='word_1_491' title='bbox 884 2563 977 2605; x_wconf 87' lang='lat' dir='ltr'>igitur</span> <span class='ocrx_word' id='word_1_492' title='bbox 996 2564 1065 2605; x_wconf 88' lang='lat' dir='ltr'>ipse</span> <span class='ocrx_word' id='word_1_493' title='bbox 1090 2565 1147 2594; x_wconf 93' lang='lat' dir='ltr'>hoc</span> <span class='ocrx_word' id='word_1_494' title='bbox 1172 2563 1288 2599; x_wconf 84' lang='lat' dir='ltr'>multis,</span> <span class='ocrx_word' id='word_1_495' title='bbox 1298 2563 1460 2604; x_wconf 75' lang='lat' dir='ltr'>voluptate</span> <span class='ocrx_word' id='word_1_496' title='bbox 1473 2565 1624 2595; x_wconf 70' lang='lat' dir='ltr'>musicam</span> 
     </span>
     <span class='ocr_line' id='line_1_45' title="bbox 169 2613 1623 2660; baseline 0.005 -17"><span class='ocrx_word' id='word_1_497' title='bbox 169 2613 378 2654; x_wconf 76' lang='lat' dir='ltr'>judicandum</span> <span class='ocrx_word' id='word_1_498' title='bbox 392 2627 400 2654; x_wconf 73' lang='lat'>5</span> <span class='ocrx_word' id='word_1_499' title='bbox 423 2627 486 2647; x_wconf 86' lang='lat' dir='ltr'>non</span> <span class='ocrx_word' id='word_1_500' title='bbox 511 2623 617 2649; x_wconf 85' lang='lat' dir='ltr'>tamen</span> <span class='ocrx_word' id='word_1_501' title='bbox 641 2619 818 2660; x_wconf 78' lang='lat' dir='ltr'>quorumvis</span> <span class='ocrx_word' id='word_1_502' title='bbox 837 2619 994 2649; x_wconf 85' lang='lat' dir='ltr'>hominum</span> <span class='ocrx_word' id='word_1_503' title='bbox 1010 2619 1188 2660; x_wconf 78' lang='lat' dir='ltr'>voluptate:</span> <span class='ocrx_word' id='word_1_504' title='bbox 1214 2617 1270 2648; x_wconf 87' lang='lat' dir='ltr'>sed</span> <span class='ocrx_word' id='word_1_505' title='bbox 1283 2618 1368 2648; x_wconf 82' lang='lat' dir='ltr'>illam</span> <span class='ocrx_word' id='word_1_506' title='bbox 1381 2617 1478 2648; x_wconf 79' lang='lat' dir='ltr'>ferme</span> <span class='ocrx_word' id='word_1_507' title='bbox 1494 2618 1623 2650; x_wconf 83' lang='lat' dir='ltr'>Musam</span> 
     </span>
     <span class='ocr_line' id='line_1_46' title="bbox 172 2668 1623 2714; baseline 0.005 -17"><span class='ocrx_word' id='word_1_508' title='bbox 172 2677 240 2698; x_wconf 80' lang='lat' dir='ltr'>esse</span> <span class='ocrx_word' id='word_1_509' title='bbox 265 2668 337 2699; x_wconf 89' lang='lat' dir='ltr'>dico</span> <span class='ocrx_word' id='word_1_510' title='bbox 361 2670 611 2710; x_wconf 84' lang='lat' dir='ltr'>pulcherrimam,</span> <span class='ocrx_word' id='word_1_511' title='bbox 639 2683 710 2713; x_wconf 66' lang='lat' dir='ltr'>qua}</span> <span class='ocrx_word' id='word_1_512' title='bbox 734 2672 868 2714; x_wconf 86' lang='lat' dir='ltr'>optimos</span> <span class='ocrx_word' id='word_1_513' title='bbox 889 2674 1024 2714; x_wconf 80' lang='lat' dir='ltr'>satisque</span> <span class='ocrx_word' id='word_1_514' title='bbox 1054 2673 1190 2704; x_wconf 84' lang='lat' dir='ltr'>eruditos</span> <span class='ocrx_word' id='word_1_515' title='bbox 1202 2673 1350 2707; x_wconf 82' lang='lat' dir='ltr'>delectet,</span> <span class='ocrx_word' id='word_1_516' title='bbox 1366 2672 1522 2713; x_wconf 66' lang='lat' dir='ltr'>praecipue</span> <span class='ocrx_word' id='word_1_517' title='bbox 1536 2683 1623 2709; x_wconf 84' lang='lat' dir='ltr'>vero,</span> 
     </span>
     <span class='ocr_line' id='line_1_47' title="bbox 172 2721 1622 2770; baseline 0.006 -20"><span class='ocrx_word' id='word_1_518' title='bbox 172 2731 243 2762; x_wconf 84' lang='lat' dir='ltr'>quae</span> <span class='ocrx_word' id='word_1_519' title='bbox 258 2721 355 2752; x_wconf 78' lang='lat' dir='ltr'>virum</span> <span class='ocrx_word' id='word_1_520' title='bbox 372 2723 482 2754; x_wconf 79' lang='lat' dir='ltr'>virtute</span> <span class='ocrx_word' id='word_1_521' title='bbox 494 2730 526 2755; x_wconf 89' lang='lat' dir='ltr'>et</span> <span class='ocrx_word' id='word_1_522' title='bbox 540 2725 706 2767; x_wconf 79' lang='lat' dir='ltr'>disciplina</span> <span class='ocrx_word' id='word_1_523' title='bbox 721 2732 928 2768; x_wconf 60' lang='lat' dir='ltr'>praestantem.</span> <span class='ocrx_word' id='word_1_524' title='bbox 952 2728 1049 2770; x_wconf 77' lang='lat'>[659]</span> <span class='ocrx_word' id='word_1_525' title='bbox 1073 2732 1263 2769; x_wconf 84' lang='lat' dir='ltr'>quapropter</span> <span class='ocrx_word' id='word_1_526' title='bbox 1277 2727 1391 2757; x_wconf 82' lang='lat' dir='ltr'>virtute</span> <span class='ocrx_word' id='word_1_527' title='bbox 1406 2735 1497 2766; x_wconf 71' lang='lat' dir='ltr'>egene</span> <span class='ocrx_word' id='word_1_528' title='bbox 1512 2726 1622 2757; x_wconf 79' lang='lat' dir='ltr'>harum</span> 
     </span>
     <span class='ocr_line' id='line_1_48' title="bbox 173 2775 1621 2823; baseline 0.003 -18"><span class='ocrx_word' id='word_1_529' title='bbox 173 2785 273 2806; x_wconf 87' lang='lat' dir='ltr'>rerum</span> <span class='ocrx_word' id='word_1_530' title='bbox 284 2775 408 2817; x_wconf 86' lang='lat' dir='ltr'>judices</span> <span class='ocrx_word' id='word_1_531' title='bbox 422 2777 616 2810; x_wconf 82' lang='lat' dir='ltr'>affirmamus.</span> <span class='ocrx_word' id='word_1_532' title='bbox 638 2791 709 2811; x_wconf 79' lang='lat' dir='ltr'>nam</span> <span class='ocrx_word' id='word_1_533' title='bbox 725 2787 758 2812; x_wconf 88' lang='lat' dir='ltr'>et</span> <span class='ocrx_word' id='word_1_534' title='bbox 773 2781 947 2823; x_wconf 72' lang='lat' dir='ltr'>prudentia²</span> <span class='ocrx_word' id='word_1_535' title='bbox 959 2792 1013 2813; x_wconf 88' lang='lat' dir='ltr'>eos</span> <span class='ocrx_word' id='word_1_536' title='bbox 1027 2788 1060 2813; x_wconf 86' lang='lat' dir='ltr'>et</span> <span class='ocrx_word' id='word_1_537' title='bbox 1074 2781 1263 2812; x_wconf 76' lang='lat' dir='ltr'>fortitudinis</span> <span class='ocrx_word' id='word_1_538' title='bbox 1276 2786 1399 2821; x_wconf 83' lang='lat' dir='ltr'>oportet</span> <span class='ocrx_word' id='word_1_539' title='bbox 1409 2789 1478 2810; x_wconf 81' lang='lat' dir='ltr'>esse</span> <span class='ocrx_word' id='word_1_540' title='bbox 1493 2780 1621 2821; x_wconf 65' lang='lat' dir='ltr'>partiei—</span> 
     </span>
     <span class='ocr_line' id='line_1_49' title="bbox 172 2828 1619 2878; baseline -0.003 -10"><span class='ocrx_word' id='word_1_541' title='bbox 172 2839 237 2868; x_wconf 65' lang='lat' dir='ltr'>lWSu</span> <span class='ocrx_word' id='word_1_542' title='bbox 253 2828 426 2870; x_wconf 76' lang='lat' dir='ltr'>prudentiae</span> <span class='ocrx_word' id='word_1_543' title='bbox 441 2832 578 2873; x_wconf 82' lang='lat' dir='ltr'>quidem,</span> <span class='ocrx_word' id='word_1_544' title='bbox 594 2836 667 2875; x_wconf 85' lang='lat' dir='ltr'>quia</span> <span class='ocrx_word' id='word_1_545' title='bbox 683 2847 744 2866; x_wconf 86' lang='lat' dir='ltr'>non</span> <span class='ocrx_word' id='word_1_546' title='bbox 761 2837 855 2868; x_wconf 85' lang='lat' dir='ltr'>debet</span> <span class='ocrx_word' id='word_1_547' title='bbox 865 2836 1072 2877; x_wconf 80' lang='lat' dir='ltr'>verusjudex,</span> <span class='ocrx_word' id='word_1_548' title='bbox 1085 2846 1153 2878; x_wconf 67' lang='lat' dir='ltr'>quze</span> <span class='ocrx_word' id='word_1_549' title='bbox 1167 2833 1526 2875; x_wconf 74' lang='lat' dir='ltr'>deterniinandajudicio</span> <span class='ocrx_word' id='word_1_550' title='bbox 1536 2843 1619 2869; x_wconf 84' lang='lat' dir='ltr'>sum,</span> 
     </span>
     <span class='ocr_line' id='line_1_50' title="bbox 170 2882 1626 2933; baseline 0.005 -21"><span class='ocrx_word' id='word_1_551' title='bbox 170 2882 208 2912; x_wconf 77' lang='lat' dir='ltr'>ab</span> <span class='ocrx_word' id='word_1_552' title='bbox 221 2883 283 2914; x_wconf 86' lang='lat' dir='ltr'>alio</span> <span class='ocrx_word' id='word_1_553' title='bbox 295 2883 425 2921; x_wconf 83' lang='lat' dir='ltr'>discere,</span> <span class='ocrx_word' id='word_1_554' title='bbox 443 2891 474 2917; x_wconf 79' lang='lat' dir='ltr'>et</span> <span class='ocrx_word' id='word_1_555' title='bbox 489 2888 576 2928; x_wconf 79' lang='lat' dir='ltr'>quasi</span> <span class='ocrx_word' id='word_1_556' title='bbox 590 2890 781 2931; x_wconf 59' lang='lat' dir='ltr'>sluposacms</span> <span class='ocrx_word' id='word_1_557' title='bbox 798 2896 860 2923; x_wconf 77' lang='lat' dir='ltr'>{am</span> <span class='ocrx_word' id='word_1_558' title='bbox 875 2891 1012 2923; x_wconf 68' lang='lat' dir='ltr'>clamore</span> <span class='ocrx_word' id='word_1_559' title='bbox 1027 2891 1194 2922; x_wconf 69' lang='lat' dir='ltr'>multorum</span> <span class='ocrx_word' id='word_1_560' title='bbox 1206 2899 1297 2933; x_wconf 80' lang='lat' dir='ltr'>quam</span> <span class='ocrx_word' id='word_1_561' title='bbox 1312 2889 1491 2931; x_wconf 79' lang='lat' dir='ltr'>ignorantia</span> <span class='ocrx_word' id='word_1_562' title='bbox 1505 2897 1563 2922; x_wconf 81' lang='lat' dir='ltr'>sua</span> <span class='ocrx_word' id='word_1_563' title='bbox 1575 2887 1626 2920; x_wconf 77' lang='lat' dir='ltr'>ita‘</span> 
     </span>
    </p>
   </div>
  </div>
 </body>
</html>
