1840 3225
163 247 235 298 58]
759 246 1040 285 Pl-nLEBUS.
1586 249 1638 284 525

160 351 342 388 structione,
359 351 524 393 multisque
550 349 620 381 aliis
653 350 692 380 ad
720 349 882 390 lignarium
900 350 1017 380 fabrum
1035 348 1267 391 quodaminodo
1285 349 1523 391 pertinentibus.
1542 350 1638 380 utitur

161 405 275 437 amussi
299 405 479 448 regulaque,
496 410 598 440 torno,
615 403 745 439 circino.
763 403 828 440 filo,
847 403 1087 445 perpendiculo,
1113 404 1318 435 instrumento
1344 414 1470 446 quoque
1495 404 1534 434 ad
1560 404 1635 434 diri·

161 461 265 500 genda
286 459 372 501 ligna
399 460 526 490 idoneo.
571 459 658 489 Pno.
682 458 784 489 Recte
813 459 996 493 admodum,
1022 469 1041 488 o
1067 458 1224 499 Socrates,
1238 458 1353 499 inquis.
1397 459 1452 489 So.
1477 458 1636 489 Ponamus

160 513 255 555 igitur
269 524 321 545 eas
336 524 406 555 quae
422 512 568 544 dicuntur
583 518 675 550 artes,
691 512 723 543 in
743 512 851 543 ordine
869 512 986 553 duplici
1008 525 1014 541 ι
1042 512 1189 543 musicam
1203 513 1330 553 quidem
1354 512 1384 543 in
1401 513 1546 554 operibus
1567 522 1634 542 sec-

161 572 275 608 tantes,
301 567 501 610 perspicaciae
526 567 652 597 minoris
677 566 866 607 participes:
905 566 1120 596 architecturae
1149 576 1219 596 vero
1247 566 1448 607 pedissequas
1473 566 1634 606 aliquanto

160 621 295 663 majoris.
342 622 428 652 Pno.
453 621 625 653 Ponamus.
670 620 726 652 So.
753 619 871 650 Harum
888 619 1027 650 omnium
1047 619 1432 661 perspicacissimas,quas
1451 620 1544 661 paulo
1561 626 1634 650 ante

160 675 273 716 primas
286 676 477 707 vocavimus.
524 675 608 707 Pno.
634 674 830 705 Nnmerandi
847 674 1004 715 pen'tiam,
1019 679 1052 704 et
1066 684 1144 715 quas
1161 684 1231 705 cum
1250 673 1303 704 illa
1319 685 1411 714 supra
1423 673 1568 714 junxisti,
1584 674 1633 704 in-

160 739 255 760 nuere
271 739 355 760 nunc
369 729 444 760 mibi
461 729 585 761 videris,
631 729 687 760 So.
712 728 852 760 Prorsus.
878 729 931 759 sed
949 738 1038 768 num,
1054 739 1072 758 o
1089 727 1269 763 Protarche‚
1287 728 1341 758 has
1361 727 1470 758 iterum
1488 728 1632 768 duplices

159 783 320 819 affirmare.
349 794 389 814 an
419 783 508 814 aliter
538 782 712 813 debemus?
760 781 843 813 Pno.
868 782 957 818 Quas
988 782 1115 823 inquis?
1161 781 1217 812 So.
1244 781 1486 812 Arithmeticam
1518 781 1631 822 primo,

159 847 265 867 nonne
281 837 374 867 aliam
391 836 576 878 vulgarium,
595 836 685 866 aliam
704 835 991 876 philosophantium
1008 836 1018 865 ?
1066 835 1154 867 Pao.
1178 835 1322 872 Quanam
1338 835 1459 866 ratione
1475 835 1544 877 quis
1561 846 1632 876 par·

159 889 251 926 tiens,
268 889 361 921 aliam
384 896 478 932 atque
494 891 584 921 aliam
607 890 831 921 arithmeticam
853 890 990 920 asseret?
1038 890 1092 920 So.
1119 889 1212 920 Haud
1239 890 1351 931 exigua
1377 890 1597 931 discrepantia,
1614 900 1632 920 o

160 943 343 977 Protarche.
389 944 440 975 Illi
458 955 547 986 porro
564 945 698 975 unitates
715 944 884 985 inaequales
900 954 1006 974 eorum
1023 954 1093 984 quae
1109 944 1283 974 secundum
1297 955 1460 974 numerum
1477 950 1565 984 sunt,
1582 943 1631 974 di-

161 1004 337 1036 numerant,
355 998 451 1030 veluti
477 1000 557 1030 duos
584 999 748 1035 exercitus,
772 999 866 1029 boves
890 998 983 1035 duos,
1000 999 1064 1028 duo
1094 1008 1164 1039 quae
1192 998 1330 1035 minima,
1353 998 1417 1029 duo
1442 998 1536 1029 etiam
1559 1008 1630 1038 quae

160 1052 312 1084 maxima:
337 1053 368 1083 hi
387 1064 457 1084 vero
472 1064 633 1095 nunquam
659 1064 713 1084 eos
737 1057 951 1095 sequerentur,
969 1052 1028 1083 nisi
1053 1053 1123 1093 quis
1152 1052 1286 1093 partium
1314 1052 1465 1083 unitatem
1483 1052 1574 1082 aliam
1592 1053 1631 1082 ab

158 1106 219 1137 alia
233 1107 353 1138 unitate
367 1107 454 1137 nullo
468 1108 698 1149 discrepantem
717 1107 867 1148 posuerit.
914 1106 1001 1138 Pno.
1027 1107 1130 1143 Quam
1156 1107 1273 1147 optime
1301 1106 1447 1148 loqueris,
1461 1106 1536 1136 dum
1553 1106 1631 1136 mul-

156 1166 219 1191 tam
235 1161 328 1192 infers
352 1161 562 1192 diversitatem
591 1173 710 1198 eorum,
736 1161 790 1202 qui
818 1160 899 1192 circa
918 1171 1078 1191 numerum
1096 1166 1254 1191 versantur
1271 1172 1277 1190 z
1304 1161 1382 1191 adeo
1398 1165 1434 1190 ut
1449 1160 1565 1191 decens
1581 1159 1631 1194 sit,

157 1214 190 1245 in
215 1215 280 1245 duo
305 1215 448 1257 quaedam
472 1215 624 1246 dividere.
668 1216 725 1246 So.
751 1215 837 1252 Quid
854 1225 926 1245 vero
952 1215 1159 1255 computandi
1184 1220 1218 1245 et
1243 1215 1430 1245 dimetiendi
1457 1214 1629 1245 secundum

158 1268 394 1300 architecturam
423 1274 665 1299 mercaturamve
690 1268 835 1308 facultas,
851 1267 988 1309 itemque
1012 1268 1185 1299 secundum
1207 1268 1282 1310 [57]
1310 1268 1539 1309 philosophiam
1557 1278 1631 1308 geo-

156 1322 264 1353 metria
289 1322 551 1364 ratiocinatioque
567 1323 715 1364 diligenS,
731 1328 832 1353 utrum
860 1333 924 1353 una
950 1322 1108 1364 quaedam,
1124 1333 1164 1353 an
1181 1323 1252 1353 duae
1269 1322 1373 1364 potius
1390 1322 1491 1353 artes?
1541 1322 1628 1353 Pno-

158 1366 297 1407 Priore'm
325 1386 384 1418 ego
411 1377 642 1418 responsionem
668 1381 804 1412 secutus,
821 1387 890 1407 mea
916 1377 1043 1418 quidem
1067 1377 1238 1417 sententia,
1265 1377 1344 1408 duas
1373 1387 1440 1407 esse
1469 1387 1629 1417 ponerem.

157 1431 214 1462 So.
239 1430 352 1462 Probe.
376 1431 430 1461 sed
457 1442 532 1462 num
560 1431 721 1472 intelligis,
739 1430 831 1472 cujus
856 1431 953 1473 gratia
982 1432 1012 1462 in
1040 1431 1176 1462 medium
1202 1432 1269 1462 haec
1296 1431 1500 1462 induximus?
1544 1431 1633 1462 Pno.

158 1484 312 1517 Forsitan.
336 1490 472 1516 attamen
487 1486 571 1527 quod
602 1496 686 1516 nunc
714 1485 877 1526 quaesitum
903 1491 960 1522 est,
976 1486 1144 1527 explanare
1171 1492 1202 1516 te
1219 1484 1323 1517 velim.
1368 1486 1425 1517 So.
1451 1485 1631 1526 Disputatio

157 1543 273 1575 nostra,
290 1549 361 1581 quae
372 1539 493 1580 jamdiu
508 1539 739 1581 proportionem
754 1540 913 1581 quandam
927 1549 1016 1580 aqua
1028 1539 1189 1570 divisionis
1203 1539 1406 1570 conversione
1420 1539 1632 1580 voluptatibus

156 1594 398 1634 respondentem
415 1594 537 1635 quaerit,
553 1593 676 1625 videtur
692 1593 765 1624 mihi
784 1603 867 1624 nunc
880 1603 942 1624 non
961 1593 1074 1630 minus,
1090 1604 1182 1635 quam
1202 1594 1239 1624 ab
1256 1593 1359 1630 initio,
1376 1600 1516 1624 assecuta
1534 1593 1631 1624 fuisse

158 1648 244 1689 quod
262 1648 385 1689 quaerit,
402 1648 476 1678 (lum
493 1648 636 1689 indagat,
652 1658 725 1678 num
743 1649 782 1678 sit
799 1648 929 1679 scientia
955 1649 1098 1690 quasdam
1123 1648 1182 1679 alia
1205 1648 1336 1679 scientia
1353 1648 1466 1689 purior,
1482 1649 1633 1689 quemad-

157 1701 283 1731 modum
300 1702 463 1744 voluptate
477 1702 632 1744 voluptaS.
678 1702 765 1733 Pno.
790 1702 937 1743 Constat,
954 1703 1061 1733 horum
1079 1703 1175 1744 gratia
1192 1703 1252 1734 ista
1275 1708 1404 1733 tractata
1421 1702 1529 1733 fuisse.
1575 1703 1631 1732 So.

156 1755 243 1792 Quid
260 1761 375 1792 autem,
392 1767 497 1787 nonne
521 1756 552 1786 in
577 1756 785 1798 superioribus
809 1756 899 1787 aliam
925 1763 1020 1788 artem
1045 1757 1075 1787 in
1101 1757 1162 1788 alia
1185 1768 1252 1788 esse
1277 1762 1431 1799 repertum
1447 1762 1506 1797 est,
1521 1756 1633 1788 clario-

155 1820 280 1851 remque
301 1810 406 1846 aliam,
423 1816 455 1841 et
472 1811 679 1842 obscuriorem
697 1811 812 1841 aliam?
856 1810 944 1842 Pno.
968 1811 1121 1843 Maximo.
1167 1813 1224 1843 So.
1247 1812 1284 1842 In
1309 1812 1345 1842 iis
1372 1817 1476 1842 autem
1500 1822 1539 1842 an
1567 1821 1631 1841 non

151 1869 247 1894 artem
271 1865 429 1906 quandam
457 1865 534 1896 ratio
552 1864 638 1896 velut
668 1865 861 1906 aequivocam
891 1865 1063 1907 proferens,
1079 1871 1111 1896 et
1137 1866 1225 1906 quasi
1252 1876 1342 1896 unam
1367 1865 1513 1902 innuens,
1529 1875 1631 1895 rursus

156 1917 245 1958 quasi
261 1919 333 1949 duae
349 1919 426 1960 sint,
444 1918 582 1960 inquirit,
601 1930 672 1950 num
690 1919 899 1961 perspicuitas
916 1920 1095 1960 puritasque
1113 1920 1234 1950 illarum
1247 1930 1344 1960 penes
1358 1919 1629 1961 philosophantes,

155 1976 211 2002 aut
235 1983 298 2003 non
329 1973 601 2015 philosophantes,
626 1974 778 2004 exsistat?
825 1974 913 2006 Pno.
939 1973 979 2004 Et
1004 1973 1134 2004 maxime
1162 1973 1289 2015 quidem
1315 1974 1345 2003 id
1374 1974 1527 2015 inquirere
1553 1973 1629 2003 mihi

152 2025 284 2056 videtur.
331 2026 387 2057 So.
411 2026 513 2064 Quale
530 2027 603 2058 huic
619 2038 814 2069 responsum,
832 2038 851 2058 ο
880 2028 1060 2064 From-che,
1078 2028 1264 2059 reddemus?
1311 2027 1400 2060 Pno.
1427 2027 1454 2058 O
1474 2028 1630 2064 Socrates,

154 2079 193 2108 ad
211 2079 316 2110 miram
331 2080 529 2111 scientiarum
547 2081 755 2112 differentiam
767 2082 985 2113 declarandam
999 2082 1230 2113 descendimus.
1277 2082 1332 2114 So.
1356 2082 1409 2113 An
1424 2093 1486 2112 non
1502 2093 1631 2123 respon-

154 2133 200 2163 sio
216 2133 342 2164 facilis?
388 2134 476 2166 Pno.
501 2136 621 2172 Quidni
636 2137 646 2166 ἓ
671 2146 842 2167 asseramus
859 2137 977 2178 itaque,
1002 2138 1056 2167 has
1081 2141 1162 2168 artes
1190 2137 1285 2178 longo
1302 2136 1467 2168 intervallo
1484 2147 1502 2167 a
1518 2136 1630 2167 ceteris

153 2187 341 2229 discrepare.
369 2190 408 2219 ab
426 2190 463 2221 iis
481 2195 628 2232 praeterea
647 2191 855 2232 legitimorum
873 2191 1129 2233 philosophorum
1147 2197 1226 2222 artes
1242 2192 1350 2222 mirum
1368 2191 1399 2221 in
1417 2191 1542 2221 modum
1567 2190 1631 2221 sin-

152 2242 279 2274 ceritate
295 2250 327 2275 et
343 2244 472 2275 veritate
497 2245 579 2276 circa
606 2256 764 2276 mensuras
792 2256 998 2287 numerosque
1022 2245 1159 2277 differre.
1205 2246 1262 2276 So.
1285 2245 1384 2275 Sunto
1401 2244 1498 2286 igitur
1513 2244 1570 2275 ista
1586 2255 1625 2274 ex

151 2302 205 2327 tua
221 2298 376 2329 sententia
391 2311 397 2328 :
423 2308 543 2340 nosque
561 2298 616 2329 tibi
632 2300 795 2330 credentes
809 2300 957 2330 audacter
973 2299 1159 2340 importunis
1176 2299 1422 2341 disputatoribus
1439 2299 1627 2340 respondea—

151 2360 231 2381 mus.
276 2351 364 2384 Pno.
389 2353 549 2390 Quidnam
566 2353 577 2383 ?
623 2354 676 2384 So.
700 2353 788 2384 Duas
804 2353 1013 2385 arithmeticas
1031 2364 1097 2385 csse
1113 2364 1148 2384 ac
1165 2354 1243 2384 duas
1260 2353 1412 2384 metiendi
1428 2358 1520 2389 artes,
1536 2353 1628 2383 alias-

151 2415 212 2446 que
228 2405 393 2437 facultates
421 2407 528 2437 harum
552 2408 682 2438 comites
709 2407 868 2449 plurimas,
893 2408 1136 2449 geminationem
1155 2408 1307 2438 habentes
1326 2406 1518 2448 hujusmodi,
1536 2413 1568 2437 et
1595 2406 1627 2436 in

152 2459 279 2490 nomine
295 2471 358 2490 uno
374 2461 654 2492 communicantes.
702 2461 788 2492 Pno.
816 2461 935 2492 Demus
952 2463 1090 2493 secunda
1114 2462 1237 2492 fortuna
1255 2461 1314 2501 his,
1340 2471 1418 2502 quos
1434 2461 1629 2501 importunos

149 2513 280 2550 vocasti,
295 2514 529 2555 responsionem
552 2516 645 2552 hanc,
660 2528 678 2546 υ
695 2515 849 2547 Socrates.
896 2517 952 2547 So.
976 2516 1084 2547 llas-ne
1102 2516 1249 2547 scientias
1264 2525 1356 2556 quam
1381 2514 1512 2545 maxime
1527 2514 1628 2545 since,

149 2577 197 2597 ras
213 2572 306 2608 atque
322 2578 480 2608 supremas
497 2570 729 2599 asseveramus?
775 2569 862 2601 Pno.
888 2570 1039 2601 Omnino.
1085 2570 1140 2600 So.
1171 2569 1395 2604 Veruntamen,
1409 2580 1427 2598 o
1446 2568 1627 2602 Protarehe,

149 2631 206 2651 nos
237 2620 409 2652 disserendi
436 2622 569 2653 facultas
595 2623 663 2664 ipsa
693 2630 848 2660 renueret,
872 2624 897 2655 si
924 2635 1018 2665 quffln
1049 2624 1106 2665 ipsi
1138 2623 1230 2654 aliam
1263 2623 1484 2664 prreferremus.
1536 2623 1628 2654 Prto.

149 2674 253 2711 Quam
277 2685 378 2706 rursus
405 2676 486 2707 hanc
507 2675 581 2720 [58]
605 2677 709 2709 dicere
735 2678 848 2709 decet?
894 2679 950 2711 So.
976 2678 1067 2719 Eam,
1093 2688 1164 2720 quae
1192 2688 1316 2708 omnem
1343 2677 1436 2707 modo
1463 2676 1624 2707 inductam

150 2728 292 2769 peritiam
321 2730 431 2761 noscit.
458 2731 538 2761 hanc
563 2731 660 2771 enim,
680 2742 749 2763 curu
777 2733 859 2764 circa
886 2733 915 2763 id
944 2734 1029 2774 quod
1055 2739 1101 2763 est
1125 2738 1157 2763 et
1174 2743 1244 2763 vere
1262 2737 1357 2763 estet
1374 2741 1496 2772 semper
1515 2731 1625 2760 eodem

149 2782 242 2813 inodo
258 2784 412 2820 sehabet,
429 2790 576 2824 versetur,
592 2785 721 2817 arbitror·
745 2797 852 2817 omnes
879 2787 993 2829 quibus
1021 2787 1113 2817 modo
1140 2786 1260 2827 aliquid
1289 2796 1371 2816 sanae
1404 2784 1514 2815 mentis
1535 2784 1627 2819 adsit,

145 2837 238 2877 longe
268 2837 405 2867 omnium
438 2838 623 2870 veriszhnam
654 2839 866 2881 cognitionem
895 2852 962 2872 esse
988 2841 1130 2882 protinus
1155 2850 1367 2871 concessuros.
1424 2838 1470 2868 'ru
1498 2848 1581 2872 vtro,
1608 2848 1626 2866 υ

148 2889 327 2927 Protarche,
344 2892 419 2933 quid
437 2892 532 2924 sentis
547 2894 557 2924 .’
603 2893 690 2926 Puo.
717 2894 865 2936 Gorgiam
882 2906 965 2936 saepe
982 2895 1088 2925 audivi
1106 2895 1278 2931 dicentem,
1295 2892 1502 2936 persuadendi
1518 2891 1626 2921 sacun-

238 2943 328 2977 Plau.
345 2946 400 2978 Tr.
925 2949 969 2982 11‘.
1505 2944 1535 2976 l)
