<?xml version="1.0" encoding="UTF-8"?>
<!DOCTYPE html PUBLIC "-//W3C//DTD XHTML 1.0 Transitional//EN"
    "http://www.w3.org/TR/xhtml1/DTD/xhtml1-transitional.dtd">
<html xmlns="http://www.w3.org/1999/xhtml" xml:lang="en" lang="en">
 <head>
  <title>
</title>
<meta http-equiv="Content-Type" content="text/html;charset=utf-8" />
  <meta name='ocr-system' content='tesseract 3.04.00' />
  <meta name='ocr-capabilities' content='ocr_page ocr_carea ocr_par ocr_line ocrx_word'/>
</head>
<body>
  <div class='ocr_page' id='page_1' title='image "./platonisetquaeve11plat_0151.png"; bbox 0 0 1840 3225; ppageno 0'>
   <div class='ocr_carea' id='block_1_1' title="bbox 139 205 1607 271">
    <p class='ocr_par' dir='ltr' id='par_1_1' title="bbox 139 205 1607 271">
     <span class='ocr_line' id='line_1_1' title="bbox 139 205 1607 271; baseline -0.001 -18"><span class='ocrx_word' id='word_1_1' title='bbox 139 216 237 266; x_wconf 79' lang='lat'>425]</span> <span class='ocrx_word' id='word_1_2' title='bbox 554 214 626 252; x_wconf 92' lang='lat' dir='ltr'>DE</span> <span class='ocrx_word' id='word_1_3' title='bbox 658 212 967 252; x_wconf 90' lang='lat' dir='ltr'><strong>REPUBLICA</strong></span> <span class='ocrx_word' id='word_1_4' title='bbox 1000 205 1098 251; x_wconf 78' lang='lat' dir='ltr'>L&#39;IB.</span> <span class='ocrx_word' id='word_1_5' title='bbox 1130 213 1199 250; x_wconf 89' lang='lat' dir='ltr'>IV.</span> <span class='ocrx_word' id='word_1_6' title='bbox 1322 269 1329 271; x_wconf 20' lang='grc' dir='ltr'><strong>ὴ</strong></span> <span class='ocrx_word' id='word_1_7' title='bbox 1531 215 1607 253; x_wconf 86' lang='grc'>135</span> 
     </span>
    </p>
   </div>
   <div class='ocr_carea' id='block_1_2' title="bbox 122 316 1608 3016">
    <p class='ocr_par' dir='ltr' id='par_1_2' title="bbox 122 316 1608 3016">
     <span class='ocr_line' id='line_1_2' title="bbox 137 316 1606 358; baseline -0.002 -8"><span class='ocrx_word' id='word_1_8' title='bbox 137 318 303 352; x_wconf 78' lang='lat' dir='ltr'>sufficiens.</span> <span class='ocrx_word' id='word_1_9' title='bbox 348 317 429 349; x_wconf 79' lang='lat' dir='ltr'>Ant.</span> <span class='ocrx_word' id='word_1_10' title='bbox 455 317 541 354; x_wconf 87' lang='lat' dir='ltr'>Quid</span> <span class='ocrx_word' id='word_1_11' title='bbox 567 317 677 348; x_wconf 88' lang='lat' dir='ltr'>istud?</span> <span class='ocrx_word' id='word_1_12' title='bbox 723 316 780 348; x_wconf 90' lang='lat' dir='ltr'>So.</span> <span class='ocrx_word' id='word_1_13' title='bbox 805 316 1047 353; x_wconf 84' lang='lat' dir='ltr'>Educationcm,</span> <span class='ocrx_word' id='word_1_14' title='bbox 1075 316 1215 358; x_wconf 83' lang='lat' dir='ltr'>inquam,</span> <span class='ocrx_word' id='word_1_15' title='bbox 1241 322 1273 347; x_wconf 87' lang='lat' dir='ltr'>et</span> <span class='ocrx_word' id='word_1_16' title='bbox 1295 316 1514 347; x_wconf 88' lang='lat' dir='ltr'>eruditionem.</span> <span class='ocrx_word' id='word_1_17' title='bbox 1533 326 1606 347; x_wconf 90' lang='lat' dir='ltr'>nam</span> 
     </span>
     <span class='ocr_line' id='line_1_3' title="bbox 135 370 1606 408; baseline -0.003 -4"><span class='ocrx_word' id='word_1_18' title='bbox 135 373 162 404; x_wconf 83' lang='lat' dir='ltr'>si</span> <span class='ocrx_word' id='word_1_19' title='bbox 185 373 265 408; x_wconf 81' lang='lat' dir='ltr'>bene</span> <span class='ocrx_word' id='word_1_20' title='bbox 291 372 417 404; x_wconf 88' lang='lat' dir='ltr'>educati</span> <span class='ocrx_word' id='word_1_21' title='bbox 445 372 500 402; x_wconf 89' lang='lat' dir='ltr'>viri</span> <span class='ocrx_word' id='word_1_22' title='bbox 525 370 678 402; x_wconf 88' lang='lat' dir='ltr'>moderati</span> <span class='ocrx_word' id='word_1_23' title='bbox 702 370 868 406; x_wconf 80' lang='lat' dir='ltr'>evaserint,</span> <span class='ocrx_word' id='word_1_24' title='bbox 893 370 984 401; x_wconf 84' lang='lat' dir='ltr'>facile</span> <span class='ocrx_word' id='word_1_25' title='bbox 1014 371 1121 401; x_wconf 87' lang='lat' dir='ltr'>omnia</span> <span class='ocrx_word' id='word_1_26' title='bbox 1144 371 1204 401; x_wconf 89' lang='lat' dir='ltr'>ista</span> <span class='ocrx_word' id='word_1_27' title='bbox 1229 371 1417 406; x_wconf 86' lang='lat' dir='ltr'>discernent,</span> <span class='ocrx_word' id='word_1_28' title='bbox 1442 375 1507 400; x_wconf 90' lang='lat' dir='ltr'>tum</span> <span class='ocrx_word' id='word_1_29' title='bbox 1533 370 1606 407; x_wconf 88' lang='lat' dir='ltr'>alia,</span> 
     </span>
     <span class='ocr_line' id='line_1_4' title="bbox 134 423 1608 468; baseline -0.002 -11"><span class='ocrx_word' id='word_1_30' title='bbox 134 431 338 468; x_wconf 86' lang='lat' dir='ltr'>quotcunque</span> <span class='ocrx_word' id='word_1_31' title='bbox 354 437 410 456; x_wconf 89' lang='lat' dir='ltr'>nos</span> <span class='ocrx_word' id='word_1_32' title='bbox 425 426 455 456; x_wconf 94' lang='lat' dir='ltr'>in</span> <span class='ocrx_word' id='word_1_33' title='bbox 473 425 639 466; x_wconf 77' lang='lat' dir='ltr'>praesentia</span> <span class='ocrx_word' id='word_1_34' title='bbox 663 424 937 465; x_wconf 64' lang='lat' dir='ltr'>praetermittimus,</span> <span class='ocrx_word' id='word_1_35' title='bbox 953 428 1018 454; x_wconf 87' lang='lat' dir='ltr'>tum</span> <span class='ocrx_word' id='word_1_36' title='bbox 1040 424 1201 455; x_wconf 85' lang='lat' dir='ltr'>mulierum</span> <span class='ocrx_word' id='word_1_37' title='bbox 1217 423 1425 466; x_wconf 46' lang='lat' dir='ltr'>ivirorumque</span> <span class='ocrx_word' id='word_1_38' title='bbox 1454 423 1608 465; x_wconf 81' lang='lat' dir='ltr'>conjunc-</span> 
     </span>
     <span class='ocr_line' id='line_1_5' title="bbox 134 477 1607 521; baseline -0.003 -10"><span class='ocrx_word' id='word_1_39' title='bbox 134 480 236 511; x_wconf 81' lang='lat' dir='ltr'><strong>tiones</strong></span> <span class='ocrx_word' id='word_1_40' title='bbox 262 485 295 511; x_wconf 89' lang='lat' dir='ltr'>et</span> <span class='ocrx_word' id='word_1_41' title='bbox 321 480 548 521; x_wconf 79' lang='lat' dir='ltr'>procreationes</span> <span class='ocrx_word' id='word_1_42' title='bbox 572 478 727 508; x_wconf 85' lang='lat' dir='ltr'>filiorum:</span> <span class='ocrx_word' id='word_1_43' title='bbox 757 477 854 519; x_wconf 72' lang='lat'>[424]</span> <span class='ocrx_word' id='word_1_44' title='bbox 884 478 968 518; x_wconf 90' lang='lat' dir='ltr'>quod</span> <span class='ocrx_word' id='word_1_45' title='bbox 988 478 1134 509; x_wconf 87' lang='lat' dir='ltr'>videlicet</span> <span class='ocrx_word' id='word_1_46' title='bbox 1160 483 1303 519; x_wconf 74' lang='lat' dir='ltr'>oporteat</span> <span class='ocrx_word' id='word_1_47' title='bbox 1318 479 1484 509; x_wconf 84' lang='lat' dir='ltr'>amicorum</span> <span class='ocrx_word' id='word_1_48' title='bbox 1502 478 1607 508; x_wconf 87' lang='lat' dir='ltr'>omnia</span> 
     </span>
     <span class='ocr_line' id='line_1_6' title="bbox 134 530 1605 574; baseline -0.002 -9"><span class='ocrx_word' id='word_1_49' title='bbox 134 535 212 570; x_wconf 82' lang='lat' dir='ltr'>haec,</span> <span class='ocrx_word' id='word_1_50' title='bbox 229 534 401 565; x_wconf 88' lang='lat' dir='ltr'>secundum</span> <span class='ocrx_word' id='word_1_51' title='bbox 426 532 633 574; x_wconf 88' lang='lat' dir='ltr'>proverbium,</span> <span class='ocrx_word' id='word_1_52' title='bbox 651 541 744 572; x_wconf 80' lang='lat' dir='ltr'>quam</span> <span class='ocrx_word' id='word_1_53' title='bbox 762 530 892 560; x_wconf 81' lang='lat' dir='ltr'>maxime</span> <span class='ocrx_word' id='word_1_54' title='bbox 907 541 974 561; x_wconf 89' lang='lat' dir='ltr'>esse</span> <span class='ocrx_word' id='word_1_55' title='bbox 990 531 1178 562; x_wconf 86' lang='lat' dir='ltr'>communia.</span> <span class='ocrx_word' id='word_1_56' title='bbox 1224 532 1307 563; x_wconf 74' lang='grc' dir='ltr'>ΑΜ.</span> <span class='ocrx_word' id='word_1_57' title='bbox 1332 531 1517 562; x_wconf 74' lang='lat' dir='ltr'>Rectissime</span> <span class='ocrx_word' id='word_1_58' title='bbox 1534 542 1605 572; x_wconf 92' lang='lat' dir='ltr'>pro-</span> 
     </span>
     <span class='ocr_line' id='line_1_7' title="bbox 132 584 1605 626; baseline -0.003 -7"><span class='ocrx_word' id='word_1_59' title='bbox 132 588 216 619; x_wconf 84' lang='lat' dir='ltr'>fecto</span> <span class='ocrx_word' id='word_1_60' title='bbox 232 589 277 619; x_wconf 83' lang='lat' dir='ltr'>ita</span> <span class='ocrx_word' id='word_1_61' title='bbox 294 588 391 619; x_wconf 85' lang='lat' dir='ltr'>tieret.</span> <span class='ocrx_word' id='word_1_62' title='bbox 436 587 491 618; x_wconf 88' lang='lat' dir='ltr'>So.</span> <span class='ocrx_word' id='word_1_63' title='bbox 516 586 641 616; x_wconf 81' lang='lat' dir='ltr'><strong>Etenim</strong></span> <span class='ocrx_word' id='word_1_64' title='bbox 668 596 715 615; x_wconf 84' lang='lat' dir='ltr'>res</span> <span class='ocrx_word' id='word_1_65' title='bbox 738 585 878 626; x_wconf 88' lang='lat' dir='ltr'>publica,</span> <span class='ocrx_word' id='word_1_66' title='bbox 894 584 920 614; x_wconf 88' lang='lat' dir='ltr'>si</span> <span class='ocrx_word' id='word_1_67' title='bbox 944 585 1038 615; x_wconf 86' lang='lat' dir='ltr'>semel</span> <span class='ocrx_word' id='word_1_68' title='bbox 1063 585 1194 626; x_wconf 85' lang='lat' dir='ltr'>coeperit</span> <span class='ocrx_word' id='word_1_69' title='bbox 1217 586 1309 622; x_wconf 86' lang='lat' dir='ltr'>bene,</span> <span class='ocrx_word' id='word_1_70' title='bbox 1326 586 1520 626; x_wconf 82' lang='lat' dir='ltr'>progreditur</span> <span class='ocrx_word' id='word_1_71' title='bbox 1537 591 1605 616; x_wconf 83' lang='lat' dir='ltr'>tan-</span> 
     </span>
     <span class='ocr_line' id='line_1_8' title="bbox 133 639 1607 683; baseline -0.001 -11"><span class='ocrx_word' id='word_1_72' title='bbox 133 652 227 683; x_wconf 90' lang='lat' dir='ltr'>quam</span> <span class='ocrx_word' id='word_1_73' title='bbox 243 641 377 673; x_wconf 88' lang='lat' dir='ltr'>circulus</span> <span class='ocrx_word' id='word_1_74' title='bbox 393 651 515 681; x_wconf 83' lang='lat' dir='ltr'>semper</span> <span class='ocrx_word' id='word_1_75' title='bbox 531 639 709 681; x_wconf 88' lang='lat' dir='ltr'>proficiens.</span> <span class='ocrx_word' id='word_1_76' title='bbox 723 639 843 680; x_wconf 91' lang='lat' dir='ltr'>quippe</span> <span class='ocrx_word' id='word_1_77' title='bbox 859 639 1008 669; x_wconf 80' lang='lat' dir='ltr'>educatio</span> <span class='ocrx_word' id='word_1_78' title='bbox 1023 639 1221 680; x_wconf 82' lang='lat' dir='ltr'>eruditioque</span> <span class='ocrx_word' id='word_1_79' title='bbox 1239 639 1320 668; x_wconf 87' lang='lat' dir='ltr'>bona</span> <span class='ocrx_word' id='word_1_80' title='bbox 1335 644 1465 675; x_wconf 85' lang='lat' dir='ltr'>servata,</span> <span class='ocrx_word' id='word_1_81' title='bbox 1481 639 1607 680; x_wconf 88' lang='lat' dir='ltr'>ingenia</span> 
     </span>
     <span class='ocr_line' id='line_1_9' title="bbox 135 692 1606 737; baseline -0.001 -11"><span class='ocrx_word' id='word_1_82' title='bbox 135 705 262 737; x_wconf 89' lang='lat' dir='ltr'>quoque</span> <span class='ocrx_word' id='word_1_83' title='bbox 283 695 366 725; x_wconf 84' lang='lat' dir='ltr'>bona</span> <span class='ocrx_word' id='word_1_84' title='bbox 390 695 507 732; x_wconf 90' lang='lat' dir='ltr'>efficit;</span> <span class='ocrx_word' id='word_1_85' title='bbox 531 704 695 734; x_wconf 85' lang='lat' dir='ltr'>rursusque</span> <span class='ocrx_word' id='word_1_86' title='bbox 722 694 804 724; x_wconf 90' lang='lat' dir='ltr'>bona</span> <span class='ocrx_word' id='word_1_87' title='bbox 829 693 966 734; x_wconf 85' lang='lat' dir='ltr'>ingenia,</span> <span class='ocrx_word' id='word_1_88' title='bbox 983 693 1203 724; x_wconf 78' lang='lat' dir='ltr'>educationem</span> <span class='ocrx_word' id='word_1_89' title='bbox 1218 692 1401 734; x_wconf 89' lang='lat' dir='ltr'>hujusmodi</span> <span class='ocrx_word' id='word_1_90' title='bbox 1425 699 1606 730; x_wconf 87' lang='lat' dir='ltr'>consecuta,</span> 
     </span>
     <span class='ocr_line' id='line_1_10' title="bbox 135 747 1607 790; baseline 0 -11"><span class='ocrx_word' id='word_1_91' title='bbox 135 749 263 779; x_wconf 80' lang='lat' dir='ltr'>meliora</span> <span class='ocrx_word' id='word_1_92' title='bbox 278 749 372 780; x_wconf 88' lang='lat' dir='ltr'>etiam</span> <span class='ocrx_word' id='word_1_93' title='bbox 388 759 480 790; x_wconf 89' lang='lat' dir='ltr'>quam</span> <span class='ocrx_word' id='word_1_94' title='bbox 510 748 594 790; x_wconf 86' lang='lat' dir='ltr'>prius</span> <span class='ocrx_word' id='word_1_95' title='bbox 619 748 759 779; x_wconf 87' lang='lat' dir='ltr'>evadunt</span> <span class='ocrx_word' id='word_1_96' title='bbox 783 752 846 777; x_wconf 86' lang='lat' dir='ltr'>tum</span> <span class='ocrx_word' id='word_1_97' title='bbox 863 747 902 777; x_wconf 89' lang='lat' dir='ltr'>ad</span> <span class='ocrx_word' id='word_1_98' title='bbox 924 747 985 778; x_wconf 88' lang='lat' dir='ltr'>alia</span> <span class='ocrx_word' id='word_1_99' title='bbox 1000 752 1065 777; x_wconf 87' lang='lat' dir='ltr'>tum</span> <span class='ocrx_word' id='word_1_100' title='bbox 1081 748 1120 778; x_wconf 87' lang='lat' dir='ltr'>ad</span> <span class='ocrx_word' id='word_1_101' title='bbox 1138 747 1218 778; x_wconf 88' lang='lat' dir='ltr'>filios</span> <span class='ocrx_word' id='word_1_102' title='bbox 1233 747 1439 788; x_wconf 84' lang='lat' dir='ltr'>generandos,</span> <span class='ocrx_word' id='word_1_103' title='bbox 1455 749 1607 789; x_wconf 85' lang='lat' dir='ltr'>quemad-</span> 
     </span>
     <span class='ocr_line' id='line_1_11' title="bbox 135 800 1607 842; baseline -0.002 -8"><span class='ocrx_word' id='word_1_104' title='bbox 135 803 262 834; x_wconf 88' lang='lat' dir='ltr'>modum</span> <span class='ocrx_word' id='word_1_105' title='bbox 279 803 312 833; x_wconf 93' lang='lat' dir='ltr'>in</span> <span class='ocrx_word' id='word_1_106' title='bbox 327 802 437 834; x_wconf 88' lang='lat' dir='ltr'>ceteris</span> <span class='ocrx_word' id='word_1_107' title='bbox 459 802 655 833; x_wconf 84' lang='lat' dir='ltr'>animalibus.</span> <span class='ocrx_word' id='word_1_108' title='bbox 701 800 784 832; x_wconf 81' lang='lat' dir='ltr'>Ani.</span> <span class='ocrx_word' id='word_1_109' title='bbox 809 801 1066 832; x_wconf 83' lang='lat' dir='ltr'>Consentaneum</span> <span class='ocrx_word' id='word_1_110' title='bbox 1083 801 1115 832; x_wconf 90' lang='lat' dir='ltr'>id</span> <span class='ocrx_word' id='word_1_111' title='bbox 1131 801 1270 842; x_wconf 85' lang='lat' dir='ltr'>quidem.</span> <span class='ocrx_word' id='word_1_112' title='bbox 1315 801 1369 832; x_wconf 88' lang='lat' dir='ltr'>So.</span> <span class='ocrx_word' id='word_1_113' title='bbox 1394 801 1555 842; x_wconf 86' lang='lat' dir='ltr'>Denique,</span> <span class='ocrx_word' id='word_1_114' title='bbox 1573 806 1607 831; x_wconf 89' lang='lat' dir='ltr'>ut</span> 
     </span>
     <span class='ocr_line' id='line_1_12' title="bbox 133 855 1606 897; baseline -0.001 -11"><span class='ocrx_word' id='word_1_115' title='bbox 133 857 311 888; x_wconf 82' lang='lat' dir='ltr'>summatim</span> <span class='ocrx_word' id='word_1_116' title='bbox 326 857 442 897; x_wconf 89' lang='lat' dir='ltr'>dicam,</span> <span class='ocrx_word' id='word_1_117' title='bbox 460 857 517 888; x_wconf 87' lang='lat' dir='ltr'>hoc</span> <span class='ocrx_word' id='word_1_118' title='bbox 534 856 700 897; x_wconf 69' lang='lat' dir='ltr'>diligenter</span> <span class='ocrx_word' id='word_1_119' title='bbox 713 860 761 886; x_wconf 87' lang='lat' dir='ltr'>est</span> <span class='ocrx_word' id='word_1_120' title='bbox 783 865 801 885; x_wconf 85' lang='lat' dir='ltr'>a</span> <span class='ocrx_word' id='word_1_121' title='bbox 816 855 951 886; x_wconf 88' lang='lat' dir='ltr'>civitatis</span> <span class='ocrx_word' id='word_1_122' title='bbox 967 855 1120 886; x_wconf 87' lang='lat' dir='ltr'>tutoribus</span> <span class='ocrx_word' id='word_1_123' title='bbox 1137 855 1378 895; x_wconf 79' lang='lat' dir='ltr'>observandum,</span> <span class='ocrx_word' id='word_1_124' title='bbox 1392 865 1432 885; x_wconf 89' lang='lat' dir='ltr'>ne</span> <span class='ocrx_word' id='word_1_125' title='bbox 1447 855 1526 886; x_wconf 87' lang='lat' dir='ltr'>clam</span> <span class='ocrx_word' id='word_1_126' title='bbox 1543 855 1606 885; x_wconf 88' lang='lat' dir='ltr'>illis</span> 
     </span>
     <span class='ocr_line' id='line_1_13' title="bbox 130 909 1605 952; baseline 0 -12"><span class='ocrx_word' id='word_1_127' title='bbox 130 910 344 951; x_wconf 81' lang='lat' dir='ltr'>ignorantibus</span> <span class='ocrx_word' id='word_1_128' title='bbox 359 916 584 952; x_wconf 86' lang='lat' dir='ltr'>corrumpatur.</span> <span class='ocrx_word' id='word_1_129' title='bbox 606 911 700 941; x_wconf 90' lang='lat' dir='ltr'>immo</span> <span class='ocrx_word' id='word_1_130' title='bbox 723 910 806 940; x_wconf 90' lang='lat' dir='ltr'>istud</span> <span class='ocrx_word' id='word_1_131' title='bbox 831 909 863 939; x_wconf 89' lang='lat' dir='ltr'>in</span> <span class='ocrx_word' id='word_1_132' title='bbox 888 909 995 950; x_wconf 87' lang='lat' dir='ltr'>primis</span> <span class='ocrx_word' id='word_1_133' title='bbox 1019 915 1139 946; x_wconf 91' lang='lat' dir='ltr'>curent,</span> <span class='ocrx_word' id='word_1_134' title='bbox 1156 920 1195 940; x_wconf 89' lang='lat' dir='ltr'>ne</span> <span class='ocrx_word' id='word_1_135' title='bbox 1211 910 1286 951; x_wconf 90' lang='lat' dir='ltr'>quid</span> <span class='ocrx_word' id='word_1_136' title='bbox 1304 915 1416 950; x_wconf 84' lang='lat' dir='ltr'>praeter</span> <span class='ocrx_word' id='word_1_137' title='bbox 1430 910 1569 940; x_wconf 87' lang='lat' dir='ltr'>ordinem</span> <span class='ocrx_word' id='word_1_138' title='bbox 1585 920 1605 940; x_wconf 85' lang='lat' dir='ltr'>a</span> 
     </span>
     <span class='ocr_line' id='line_1_14' title="bbox 130 963 1603 1007; baseline -0.001 -11"><span class='ocrx_word' id='word_1_139' title='bbox 130 966 222 996; x_wconf 89' lang='lat' dir='ltr'>nobis</span> <span class='ocrx_word' id='word_1_140' title='bbox 246 967 353 996; x_wconf 91' lang='lat' dir='ltr'>datum</span> <span class='ocrx_word' id='word_1_141' title='bbox 379 966 461 997; x_wconf 88' lang='lat' dir='ltr'>circa</span> <span class='ocrx_word' id='word_1_142' title='bbox 488 965 716 1007; x_wconf 81' lang='lat' dir='ltr'>gymnasticam</span> <span class='ocrx_word' id='word_1_143' title='bbox 741 970 774 995; x_wconf 88' lang='lat' dir='ltr'>et</span> <span class='ocrx_word' id='word_1_144' title='bbox 798 964 945 995; x_wconf 84' lang='lat' dir='ltr'>musicam</span> <span class='ocrx_word' id='word_1_145' title='bbox 969 964 1146 1000; x_wconf 88' lang='lat' dir='ltr'>innovetur,</span> <span class='ocrx_word' id='word_1_146' title='bbox 1163 964 1217 994; x_wconf 92' lang='lat' dir='ltr'>sed</span> <span class='ocrx_word' id='word_1_147' title='bbox 1243 963 1344 1005; x_wconf 81' lang='lat' dir='ltr'>illum,</span> <span class='ocrx_word' id='word_1_148' title='bbox 1362 975 1455 1006; x_wconf 92' lang='lat' dir='ltr'>quarn</span> <span class='ocrx_word' id='word_1_149' title='bbox 1472 964 1603 995; x_wconf 87' lang='lat' dir='ltr'>maxime</span> 
     </span>
     <span class='ocr_line' id='line_1_15' title="bbox 132 1017 1602 1061; baseline -0.001 -11"><span class='ocrx_word' id='word_1_150' title='bbox 132 1019 197 1051; x_wconf 89' lang='lat' dir='ltr'>fieri</span> <span class='ocrx_word' id='word_1_151' title='bbox 215 1025 327 1060; x_wconf 86' lang='lat' dir='ltr'>potest,</span> <span class='ocrx_word' id='word_1_152' title='bbox 343 1020 475 1061; x_wconf 90' lang='lat' dir='ltr'>quisque</span> <span class='ocrx_word' id='word_1_153' title='bbox 490 1025 647 1061; x_wconf 84' lang='lat' dir='ltr'>sequatur.</span> <span class='ocrx_word' id='word_1_154' title='bbox 669 1023 701 1049; x_wconf 86' lang='lat' dir='ltr'>et</span> <span class='ocrx_word' id='word_1_155' title='bbox 719 1029 790 1049; x_wconf 91' lang='lat' dir='ltr'>cum</span> <span class='ocrx_word' id='word_1_156' title='bbox 807 1017 919 1048; x_wconf 87' lang='lat' dir='ltr'>dixerit</span> <span class='ocrx_word' id='word_1_157' title='bbox 934 1017 1044 1059; x_wconf 88' lang='lat' dir='ltr'>aliquis</span> <span class='ocrx_word' id='word_1_158' title='bbox 1061 1018 1222 1059; x_wconf 64' lang='lat' dir='ltr'>poeticum</span> <span class='ocrx_word' id='word_1_159' title='bbox 1239 1017 1329 1054; x_wconf 90' lang='lat' dir='ltr'>illud,</span> <span class='ocrx_word' id='word_1_160' title='bbox 1346 1017 1498 1048; x_wconf 86' lang='lat' dir='ltr'>Homines</span> <span class='ocrx_word' id='word_1_161' title='bbox 1514 1017 1602 1048; x_wconf 86' lang='lat' dir='ltr'>vide-</span> 
     </span>
     <span class='ocr_line' id='line_1_16' title="bbox 130 1072 1602 1112; baseline -0.001 -8"><span class='ocrx_word' id='word_1_162' title='bbox 130 1073 206 1104; x_wconf 84' lang='lat' dir='ltr'>licet</span> <span class='ocrx_word' id='word_1_163' title='bbox 219 1074 308 1104; x_wconf 90' lang='lat' dir='ltr'>novis</span> <span class='ocrx_word' id='word_1_164' title='bbox 328 1074 471 1106; x_wconf 86' lang='lat' dir='ltr'>cantibus</span> <span class='ocrx_word' id='word_1_165' title='bbox 493 1074 662 1104; x_wconf 88' lang='lat' dir='ltr'>admodum</span> <span class='ocrx_word' id='word_1_166' title='bbox 686 1072 847 1108; x_wconf 83' lang='lat' dir='ltr'>delectari,</span> <span class='ocrx_word' id='word_1_167' title='bbox 863 1076 999 1102; x_wconf 88' lang='lat' dir='ltr'>metuere</span> <span class='ocrx_word' id='word_1_168' title='bbox 1021 1072 1140 1103; x_wconf 88' lang='lat' dir='ltr'>debent</span> <span class='ocrx_word' id='word_1_169' title='bbox 1162 1072 1212 1103; x_wconf 90' lang='lat' dir='ltr'>isti</span> <span class='ocrx_word' id='word_1_170' title='bbox 1227 1072 1385 1108; x_wconf 82' lang='lat' dir='ltr'>custodes,</span> <span class='ocrx_word' id='word_1_171' title='bbox 1401 1083 1440 1102; x_wconf 90' lang='lat' dir='ltr'>ne</span> <span class='ocrx_word' id='word_1_172' title='bbox 1456 1082 1602 1112; x_wconf 83' lang='lat' dir='ltr'>saepenu-</span> 
     </span>
     <span class='ocr_line' id='line_1_17' title="bbox 132 1125 1601 1169; baseline -0.002 -11"><span class='ocrx_word' id='word_1_173' title='bbox 132 1138 216 1158; x_wconf 88' lang='lat' dir='ltr'>mero</span> <span class='ocrx_word' id='word_1_174' title='bbox 241 1128 369 1169; x_wconf 69' lang='lat' dir='ltr'>poetam</span> <span class='ocrx_word' id='word_1_175' title='bbox 392 1128 462 1169; x_wconf 87' lang='lat' dir='ltr'>quis</span> <span class='ocrx_word' id='word_1_176' title='bbox 489 1132 579 1169; x_wconf 87' lang='lat' dir='ltr'>putet</span> <span class='ocrx_word' id='word_1_177' title='bbox 603 1137 668 1157; x_wconf 88' lang='lat' dir='ltr'>non</span> <span class='ocrx_word' id='word_1_178' title='bbox 696 1126 868 1158; x_wconf 88' lang='lat' dir='ltr'>cantilenas</span> <span class='ocrx_word' id='word_1_179' title='bbox 892 1136 987 1156; x_wconf 84' lang='lat' dir='ltr'>novas</span> <span class='ocrx_word' id='word_1_180' title='bbox 1011 1126 1066 1156; x_wconf 89' lang='lat' dir='ltr'>sed</span> <span class='ocrx_word' id='word_1_181' title='bbox 1091 1126 1199 1156; x_wconf 84' lang='lat' dir='ltr'>modos</span> <span class='ocrx_word' id='word_1_182' title='bbox 1222 1125 1357 1156; x_wconf 82' lang='lat' dir='ltr'>canendi</span> <span class='ocrx_word' id='word_1_183' title='bbox 1371 1136 1468 1156; x_wconf 86' lang='lat' dir='ltr'>novos</span> <span class='ocrx_word' id='word_1_184' title='bbox 1484 1125 1601 1161; x_wconf 85' lang='lat' dir='ltr'>dicere,</span> 
     </span>
     <span class='ocr_line' id='line_1_18' title="bbox 130 1180 1603 1223; baseline -0.001 -11"><span class='ocrx_word' id='word_1_185' title='bbox 130 1192 248 1222; x_wconf 88' lang='lat' dir='ltr'>eosque</span> <span class='ocrx_word' id='word_1_186' title='bbox 273 1182 389 1214; x_wconf 86' lang='lat' dir='ltr'>laudet.</span> <span class='ocrx_word' id='word_1_187' title='bbox 413 1187 537 1223; x_wconf 89' lang='lat' dir='ltr'>oportet</span> <span class='ocrx_word' id='word_1_188' title='bbox 553 1187 655 1212; x_wconf 85' lang='lat' dir='ltr'>autem</span> <span class='ocrx_word' id='word_1_189' title='bbox 682 1191 785 1222; x_wconf 88' lang='lat' dir='ltr'>neque</span> <span class='ocrx_word' id='word_1_190' title='bbox 813 1180 939 1210; x_wconf 86' lang='lat' dir='ltr'>laudare</span> <span class='ocrx_word' id='word_1_191' title='bbox 966 1180 1134 1221; x_wconf 90' lang='lat' dir='ltr'>quicquam</span> <span class='ocrx_word' id='word_1_192' title='bbox 1150 1180 1212 1211; x_wconf 83' lang='lat' dir='ltr'>tale</span> <span class='ocrx_word' id='word_1_193' title='bbox 1228 1191 1330 1221; x_wconf 89' lang='lat' dir='ltr'>neque</span> <span class='ocrx_word' id='word_1_194' title='bbox 1356 1180 1524 1220; x_wconf 87' lang='lat' dir='ltr'>suscipere.</span> <span class='ocrx_word' id='word_1_195' title='bbox 1549 1189 1603 1210; x_wconf 90' lang='lat' dir='ltr'>ca-</span> 
     </span>
     <span class='ocr_line' id='line_1_19' title="bbox 131 1234 1600 1277; baseline 0.001 -12"><span class='ocrx_word' id='word_1_196' title='bbox 131 1236 267 1267; x_wconf 88' lang='lat' dir='ltr'>vendum</span> <span class='ocrx_word' id='word_1_197' title='bbox 284 1247 358 1268; x_wconf 84' lang='lat' dir='ltr'>sane</span> <span class='ocrx_word' id='word_1_198' title='bbox 384 1236 518 1277; x_wconf 88' lang='lat' dir='ltr'>speciem</span> <span class='ocrx_word' id='word_1_199' title='bbox 538 1236 663 1266; x_wconf 75' lang='lat' dir='ltr'>musicae</span> <span class='ocrx_word' id='word_1_200' title='bbox 684 1245 798 1265; x_wconf 84' lang='lat' dir='ltr'>novam</span> <span class='ocrx_word' id='word_1_201' title='bbox 820 1234 980 1274; x_wconf 85' lang='lat' dir='ltr'>inducere,</span> <span class='ocrx_word' id='word_1_202' title='bbox 995 1239 1144 1275; x_wconf 89' lang='lat' dir='ltr'>tanquam</span> <span class='ocrx_word' id='word_1_203' title='bbox 1166 1234 1198 1264; x_wconf 91' lang='lat' dir='ltr'>in</span> <span class='ocrx_word' id='word_1_204' title='bbox 1215 1237 1281 1265; x_wconf 86' lang='lat' dir='ltr'>toto</span> <span class='ocrx_word' id='word_1_205' title='bbox 1297 1234 1502 1275; x_wconf 84' lang='lat' dir='ltr'>naufragium.</span> <span class='ocrx_word' id='word_1_206' title='bbox 1526 1245 1600 1266; x_wconf 86' lang='lat' dir='ltr'>nus-</span> 
     </span>
     <span class='ocr_line' id='line_1_20' title="bbox 130 1287 1600 1332; baseline 0 -12"><span class='ocrx_word' id='word_1_207' title='bbox 130 1301 224 1332; x_wconf 89' lang='lat' dir='ltr'>quam</span> <span class='ocrx_word' id='word_1_208' title='bbox 239 1290 323 1321; x_wconf 89' lang='lat' dir='ltr'>enim</span> <span class='ocrx_word' id='word_1_209' title='bbox 341 1290 464 1320; x_wconf 87' lang='lat' dir='ltr'>musicae</span> <span class='ocrx_word' id='word_1_210' title='bbox 491 1289 576 1319; x_wconf 90' lang='lat' dir='ltr'>modi</span> <span class='ocrx_word' id='word_1_211' title='bbox 604 1293 762 1318; x_wconf 87' lang='lat' dir='ltr'>mutantur</span> <span class='ocrx_word' id='word_1_212' title='bbox 778 1287 895 1328; x_wconf 83' lang='lat' dir='ltr'>absque</span> <span class='ocrx_word' id='word_1_213' title='bbox 921 1287 1121 1318; x_wconf 78' lang='lat' dir='ltr'>maximarum</span> <span class='ocrx_word' id='word_1_214' title='bbox 1139 1288 1243 1329; x_wconf 83' lang='lat' dir='ltr'>legum</span> <span class='ocrx_word' id='word_1_215' title='bbox 1258 1287 1397 1319; x_wconf 86' lang='lat' dir='ltr'>civilium</span> <span class='ocrx_word' id='word_1_216' title='bbox 1414 1288 1600 1327; x_wconf 87' lang='lat' dir='ltr'>mutatione,</span> 
     </span>
     <span class='ocr_line' id='line_1_21' title="bbox 131 1341 1601 1384; baseline -0.001 -10"><span class='ocrx_word' id='word_1_217' title='bbox 131 1349 165 1375; x_wconf 89' lang='lat' dir='ltr'>ut</span> <span class='ocrx_word' id='word_1_218' title='bbox 181 1345 225 1374; x_wconf 85' lang='lat' dir='ltr'>ait</span> <span class='ocrx_word' id='word_1_219' title='bbox 241 1344 381 1380; x_wconf 85' lang='lat' dir='ltr'>Damon,</span> <span class='ocrx_word' id='word_1_220' title='bbox 396 1343 446 1374; x_wconf 90' lang='lat' dir='ltr'>cui</span> <span class='ocrx_word' id='word_1_221' title='bbox 463 1348 495 1373; x_wconf 91' lang='lat' dir='ltr'>et</span> <span class='ocrx_word' id='word_1_222' title='bbox 517 1343 584 1384; x_wconf 88' lang='lat' dir='ltr'>ipse</span> <span class='ocrx_word' id='word_1_223' title='bbox 600 1342 761 1373; x_wconf 83' lang='lat' dir='ltr'>assentior.</span> <span class='ocrx_word' id='word_1_224' title='bbox 807 1341 891 1373; x_wconf 77' lang='lat' dir='ltr'>Ani.</span> <span class='ocrx_word' id='word_1_225' title='bbox 915 1341 974 1372; x_wconf 86' lang='lat' dir='ltr'>Me</span> <span class='ocrx_word' id='word_1_226' title='bbox 989 1351 1116 1383; x_wconf 89' lang='lat' dir='ltr'>quoque</span> <span class='ocrx_word' id='word_1_227' title='bbox 1131 1342 1224 1382; x_wconf 85' lang='lat' dir='ltr'>scito,</span> <span class='ocrx_word' id='word_1_228' title='bbox 1242 1353 1259 1372; x_wconf 94' lang='lat' dir='ltr'>o</span> <span class='ocrx_word' id='word_1_229' title='bbox 1277 1341 1430 1380; x_wconf 80' lang='lat' dir='ltr'>Socrates,</span> <span class='ocrx_word' id='word_1_230' title='bbox 1446 1343 1601 1374; x_wconf 86' lang='lat' dir='ltr'>assentiri.</span> 
     </span>
     <span class='ocr_line' id='line_1_22' title="bbox 130 1396 1600 1439; baseline 0 -11"><span class='ocrx_word' id='word_1_231' title='bbox 130 1398 186 1428; x_wconf 86' lang='lat' dir='ltr'>So.</span> <span class='ocrx_word' id='word_1_232' title='bbox 209 1397 323 1429; x_wconf 79' lang='lat' dir='ltr'>Arcem</span> <span class='ocrx_word' id='word_1_233' title='bbox 338 1397 433 1439; x_wconf 86' lang='lat' dir='ltr'>igitur</span> <span class='ocrx_word' id='word_1_234' title='bbox 455 1398 612 1438; x_wconf 90' lang='lat' dir='ltr'>quandam</span> <span class='ocrx_word' id='word_1_235' title='bbox 629 1396 781 1428; x_wconf 69' lang='lat' dir='ltr'>custodite</span> <span class='ocrx_word' id='word_1_236' title='bbox 797 1397 894 1437; x_wconf 84' lang='lat' dir='ltr'>gratia</span> <span class='ocrx_word' id='word_1_237' title='bbox 917 1396 969 1427; x_wconf 91' lang='lat' dir='ltr'>hic</span> <span class='ocrx_word' id='word_1_238' title='bbox 985 1396 1046 1437; x_wconf 88' lang='lat' dir='ltr'>ipsi</span> <span class='ocrx_word' id='word_1_239' title='bbox 1061 1397 1208 1427; x_wconf 84' lang='lat' dir='ltr'>custodes</span> <span class='ocrx_word' id='word_1_240' title='bbox 1222 1396 1304 1427; x_wconf 86' lang='lat' dir='ltr'>circa</span> <span class='ocrx_word' id='word_1_241' title='bbox 1320 1396 1467 1428; x_wconf 87' lang='lat' dir='ltr'>musicam</span> <span class='ocrx_word' id='word_1_242' title='bbox 1484 1402 1600 1429; x_wconf 89' lang='lat' dir='ltr'>struere</span> 
     </span>
     <span class='ocr_line' id='line_1_23' title="bbox 129 1451 1601 1494; baseline 0 -12"><span class='ocrx_word' id='word_1_243' title='bbox 129 1452 258 1483; x_wconf 86' lang='lat' dir='ltr'>debent.</span> <span class='ocrx_word' id='word_1_244' title='bbox 300 1451 382 1483; x_wconf 87' lang='lat' dir='ltr'>Anr.</span> <span class='ocrx_word' id='word_1_245' title='bbox 406 1452 531 1493; x_wconf 85' lang='lat' dir='ltr'>Nempe</span> <span class='ocrx_word' id='word_1_246' title='bbox 547 1451 740 1494; x_wconf 86' lang='lat' dir='ltr'>ejuscemodi</span> <span class='ocrx_word' id='word_1_247' title='bbox 754 1451 968 1492; x_wconf 85' lang='lat' dir='ltr'>praevaricatio</span> <span class='ocrx_word' id='word_1_248' title='bbox 985 1451 1064 1481; x_wconf 88' lang='lat' dir='ltr'>clam</span> <span class='ocrx_word' id='word_1_249' title='bbox 1081 1461 1117 1482; x_wconf 89' lang='lat' dir='ltr'>ac</span> <span class='ocrx_word' id='word_1_250' title='bbox 1134 1451 1225 1482; x_wconf 84' lang='lat' dir='ltr'>facile</span> <span class='ocrx_word' id='word_1_251' title='bbox 1240 1452 1384 1492; x_wconf 88' lang='lat' dir='ltr'>surrepit.</span> <span class='ocrx_word' id='word_1_252' title='bbox 1429 1452 1483 1483; x_wconf 87' lang='lat' dir='ltr'>So.</span> <span class='ocrx_word' id='word_1_253' title='bbox 1508 1453 1601 1484; x_wconf 77' lang='lat' dir='ltr'>Certe</span> 
     </span>
     <span class='ocr_line' id='line_1_24' title="bbox 123 1505 1598 1548; baseline 0.001 -12"><span class='ocrx_word' id='word_1_254' title='bbox 123 1506 191 1548; x_wconf 89' lang='lat' dir='ltr'>joci</span> <span class='ocrx_word' id='word_1_255' title='bbox 215 1506 379 1548; x_wconf 88' lang='lat' dir='ltr'>cujusdam</span> <span class='ocrx_word' id='word_1_256' title='bbox 403 1507 512 1544; x_wconf 87' lang='lat' dir='ltr'>instar,</span> <span class='ocrx_word' id='word_1_257' title='bbox 541 1511 635 1548; x_wconf 88' lang='lat' dir='ltr'>atque</span> <span class='ocrx_word' id='word_1_258' title='bbox 652 1507 694 1537; x_wconf 89' lang='lat' dir='ltr'>ita</span> <span class='ocrx_word' id='word_1_259' title='bbox 721 1511 757 1536; x_wconf 87' lang='lat' dir='ltr'>ut</span> <span class='ocrx_word' id='word_1_260' title='bbox 783 1505 860 1536; x_wconf 87' lang='lat' dir='ltr'>nihil</span> <span class='ocrx_word' id='word_1_261' title='bbox 888 1506 1000 1537; x_wconf 84' lang='lat' dir='ltr'>laedere</span> <span class='ocrx_word' id='word_1_262' title='bbox 1017 1506 1169 1536; x_wconf 85' lang='lat' dir='ltr'>videatur.</span> <span class='ocrx_word' id='word_1_263' title='bbox 1213 1505 1295 1537; x_wconf 78' lang='lat' dir='ltr'>Ani.</span> <span class='ocrx_word' id='word_1_264' title='bbox 1320 1505 1419 1547; x_wconf 89' lang='lat' dir='ltr'>Atqui</span> <span class='ocrx_word' id='word_1_265' title='bbox 1447 1506 1598 1548; x_wconf 85' lang='lat' dir='ltr'>paulatim</span> 
     </span>
     <span class='ocr_line' id='line_1_25' title="bbox 129 1559 1600 1601; baseline 0.001 -10"><span class='ocrx_word' id='word_1_266' title='bbox 129 1561 219 1591; x_wconf 83' lang='lat' dir='ltr'>nobis</span> <span class='ocrx_word' id='word_1_267' title='bbox 246 1560 407 1591; x_wconf 82' lang='lat' dir='ltr'>familiaris</span> <span class='ocrx_word' id='word_1_268' title='bbox 438 1561 564 1601; x_wconf 83' lang='lat' dir='ltr'>effecta,</span> <span class='ocrx_word' id='word_1_269' title='bbox 596 1561 708 1592; x_wconf 82' lang='lat' dir='ltr'>sensim</span> <span class='ocrx_word' id='word_1_270' title='bbox 741 1561 774 1591; x_wconf 90' lang='lat' dir='ltr'>in</span> <span class='ocrx_word' id='word_1_271' title='bbox 806 1571 904 1591; x_wconf 91' lang='lat' dir='ltr'>mores</span> <span class='ocrx_word' id='word_1_272' title='bbox 933 1561 1030 1601; x_wconf 85' lang='lat' dir='ltr'>serpit</span> <span class='ocrx_word' id='word_1_273' title='bbox 1058 1565 1090 1591; x_wconf 90' lang='lat' dir='ltr'>et</span> <span class='ocrx_word' id='word_1_274' title='bbox 1115 1559 1247 1590; x_wconf 83' lang='lat' dir='ltr'>studia:</span> <span class='ocrx_word' id='word_1_275' title='bbox 1273 1571 1310 1591; x_wconf 81' lang='lat' dir='ltr'>ex</span> <span class='ocrx_word' id='word_1_276' title='bbox 1340 1561 1388 1591; x_wconf 84' lang='lat' dir='ltr'>his</span> <span class='ocrx_word' id='word_1_277' title='bbox 1415 1561 1532 1593; x_wconf 85' lang='lat' dir='ltr'>deinde</span> <span class='ocrx_word' id='word_1_278' title='bbox 1558 1563 1600 1593; x_wconf 85' lang='lat' dir='ltr'>ad</span> 
     </span>
     <span class='ocr_line' id='line_1_26' title="bbox 130 1615 1600 1658; baseline 0.002 -13"><span class='ocrx_word' id='word_1_279' title='bbox 130 1615 316 1646; x_wconf 85' lang='lat' dir='ltr'>commercia</span> <span class='ocrx_word' id='word_1_280' title='bbox 332 1616 463 1657; x_wconf 87' lang='lat' dir='ltr'>emergit</span> <span class='ocrx_word' id='word_1_281' title='bbox 478 1616 610 1657; x_wconf 85' lang='lat' dir='ltr'>amplior</span> <span class='ocrx_word' id='word_1_282' title='bbox 625 1628 631 1646; x_wconf 94' lang='lat'><strong>:</strong></span> <span class='ocrx_word' id='word_1_283' title='bbox 650 1616 775 1647; x_wconf 88' lang='lat' dir='ltr'>demum</span> <span class='ocrx_word' id='word_1_284' title='bbox 792 1626 810 1646; x_wconf 92' lang='lat' dir='ltr'>a</span> <span class='ocrx_word' id='word_1_285' title='bbox 825 1616 1018 1647; x_wconf 82' lang='lat' dir='ltr'>commerciis</span> <span class='ocrx_word' id='word_1_286' title='bbox 1035 1615 1067 1645; x_wconf 88' lang='lat' dir='ltr'>in</span> <span class='ocrx_word' id='word_1_287' title='bbox 1084 1615 1168 1656; x_wconf 88' lang='lat' dir='ltr'>leges</span> <span class='ocrx_word' id='word_1_288' title='bbox 1184 1615 1437 1657; x_wconf 88' lang='lat' dir='ltr'>respublicasque</span> <span class='ocrx_word' id='word_1_289' title='bbox 1453 1617 1600 1658; x_wconf 85' lang='lat' dir='ltr'>erumpit,</span> 
     </span>
     <span class='ocr_line' id='line_1_27' title="bbox 129 1669 1602 1712; baseline 0.001 -12"><span class='ocrx_word' id='word_1_290' title='bbox 129 1680 255 1710; x_wconf 86' lang='lat' dir='ltr'>magna,</span> <span class='ocrx_word' id='word_1_291' title='bbox 269 1680 287 1700; x_wconf 95' lang='grc' dir='ltr'>ο</span> <span class='ocrx_word' id='word_1_292' title='bbox 297 1669 451 1707; x_wconf 83' lang='lat' dir='ltr'>Socrates,</span> <span class='ocrx_word' id='word_1_293' title='bbox 467 1681 537 1701; x_wconf 91' lang='lat' dir='ltr'>cum</span> <span class='ocrx_word' id='word_1_294' title='bbox 550 1671 723 1712; x_wconf 87' lang='lat' dir='ltr'>petulantia</span> <span class='ocrx_word' id='word_1_295' title='bbox 735 1676 829 1712; x_wconf 90' lang='lat' dir='ltr'>atque</span> <span class='ocrx_word' id='word_1_296' title='bbox 844 1669 983 1706; x_wconf 87' lang='lat' dir='ltr'>lascivia,</span> <span class='ocrx_word' id='word_1_297' title='bbox 995 1680 1159 1712; x_wconf 91' lang='lat' dir='ltr'>quousque</span> <span class='ocrx_word' id='word_1_298' title='bbox 1175 1671 1300 1701; x_wconf 88' lang='lat' dir='ltr'>tandem</span> <span class='ocrx_word' id='word_1_299' title='bbox 1312 1671 1454 1711; x_wconf 88' lang='lat' dir='ltr'>privatim</span> <span class='ocrx_word' id='word_1_300' title='bbox 1467 1681 1504 1702; x_wconf 89' lang='lat' dir='ltr'>ac</span> <span class='ocrx_word' id='word_1_301' title='bbox 1520 1672 1602 1712; x_wconf 88' lang='lat' dir='ltr'>pub-</span> 
     </span>
     <span class='ocr_line' id='line_1_28' title="bbox 128 1723 1602 1768; baseline 0.002 -14"><span class='ocrx_word' id='word_1_302' title='bbox 128 1723 188 1755; x_wconf 87' lang='lat' dir='ltr'>lice</span> <span class='ocrx_word' id='word_1_303' title='bbox 211 1730 326 1755; x_wconf 80' lang='lat' dir='ltr'>cuucta</span> <span class='ocrx_word' id='word_1_304' title='bbox 341 1730 505 1765; x_wconf 84' lang='lat' dir='ltr'>pervertat.</span> <span class='ocrx_word' id='word_1_305' title='bbox 533 1725 590 1756; x_wconf 89' lang='lat' dir='ltr'>So.</span> <span class='ocrx_word' id='word_1_306' title='bbox 607 1725 661 1756; x_wconf 91' lang='lat' dir='ltr'>An</span> <span class='ocrx_word' id='word_1_307' title='bbox 677 1726 738 1756; x_wconf 89' lang='lat' dir='ltr'>hoc</span> <span class='ocrx_word' id='word_1_308' title='bbox 755 1726 797 1756; x_wconf 84' lang='lat' dir='ltr'>ita</span> <span class='ocrx_word' id='word_1_309' title='bbox 813 1736 845 1756; x_wconf 92' lang='lat' dir='ltr'>se</span> <span class='ocrx_word' id='word_1_310' title='bbox 861 1725 981 1756; x_wconf 88' lang='lat' dir='ltr'>habet?</span> <span class='ocrx_word' id='word_1_311' title='bbox 1011 1725 1090 1756; x_wconf 72' lang='grc' dir='ltr'>ΑΜ.</span> <span class='ocrx_word' id='word_1_312' title='bbox 1107 1725 1157 1755; x_wconf 88' lang='lat' dir='ltr'>Ita</span> <span class='ocrx_word' id='word_1_313' title='bbox 1174 1724 1249 1755; x_wconf 89' lang='lat' dir='ltr'>mihi</span> <span class='ocrx_word' id='word_1_314' title='bbox 1267 1726 1399 1757; x_wconf 89' lang='lat' dir='ltr'>videtur.</span> <span class='ocrx_word' id='word_1_315' title='bbox 1431 1726 1487 1757; x_wconf 91' lang='lat' dir='ltr'>So.</span> <span class='ocrx_word' id='word_1_316' title='bbox 1503 1725 1602 1768; x_wconf 85' lang='lat' dir='ltr'>Ergo,</span> 
     </span>
     <span class='ocr_line' id='line_1_29' title="bbox 127 1778 1600 1821; baseline 0.001 -13"><span class='ocrx_word' id='word_1_317' title='bbox 127 1784 193 1809; x_wconf 89' lang='lat' dir='ltr'>uta</span> <span class='ocrx_word' id='word_1_318' title='bbox 204 1778 358 1820; x_wconf 86' lang='lat' dir='ltr'>principio</span> <span class='ocrx_word' id='word_1_319' title='bbox 367 1779 513 1816; x_wconf 81' lang='lat' dir='ltr'>diximus,</span> <span class='ocrx_word' id='word_1_320' title='bbox 526 1780 628 1810; x_wconf 88' lang='lat' dir='ltr'>statim</span> <span class='ocrx_word' id='word_1_321' title='bbox 640 1790 657 1810; x_wconf 91' lang='lat' dir='ltr'>a</span> <span class='ocrx_word' id='word_1_322' title='bbox 670 1779 776 1821; x_wconf 87' lang='lat' dir='ltr'>primis</span> <span class='ocrx_word' id='word_1_323' title='bbox 791 1779 880 1810; x_wconf 88' lang='lat' dir='ltr'>annis</span> <span class='ocrx_word' id='word_1_324' title='bbox 890 1780 979 1821; x_wconf 87' lang='lat' dir='ltr'>pueri</span> <span class='ocrx_word' id='word_1_325' title='bbox 991 1780 1129 1811; x_wconf 75' lang='lat' dir='ltr'>honestis</span> <span class='ocrx_word' id='word_1_326' title='bbox 1142 1779 1262 1821; x_wconf 87' lang='lat' dir='ltr'>injocis</span> <span class='ocrx_word' id='word_1_327' title='bbox 1276 1780 1503 1812; x_wconf 88' lang='lat' dir='ltr'>assuefaciendi</span> <span class='ocrx_word' id='word_1_328' title='bbox 1516 1785 1600 1811; x_wconf 90' lang='lat' dir='ltr'>sunt.</span> 
     </span>
     <span class='ocr_line' id='line_1_30' title="bbox 128 1832 1600 1876; baseline 0.001 -13"><span class='ocrx_word' id='word_1_329' title='bbox 128 1843 200 1863; x_wconf 85' lang='lat' dir='ltr'>nam</span> <span class='ocrx_word' id='word_1_330' title='bbox 225 1832 251 1863; x_wconf 86' lang='lat' dir='ltr'>si</span> <span class='ocrx_word' id='word_1_331' title='bbox 272 1833 356 1874; x_wconf 87' lang='lat' dir='ltr'>jocis</span> <span class='ocrx_word' id='word_1_332' title='bbox 383 1834 485 1864; x_wconf 90' lang='lat' dir='ltr'>minus</span> <span class='ocrx_word' id='word_1_333' title='bbox 500 1834 686 1865; x_wconf 79' lang='lat' dir='ltr'>decentibus</span> <span class='ocrx_word' id='word_1_334' title='bbox 702 1840 893 1873; x_wconf 87' lang='lat' dir='ltr'>assuescant,</span> <span class='ocrx_word' id='word_1_335' title='bbox 913 1834 1010 1876; x_wconf 74' lang='lat'>[425]</span> <span class='ocrx_word' id='word_1_336' title='bbox 1031 1845 1190 1875; x_wconf 86' lang='lat' dir='ltr'>nunquam</span> <span class='ocrx_word' id='word_1_337' title='bbox 1216 1833 1347 1876; x_wconf 83' lang='lat' dir='ltr'>legitimi</span> <span class='ocrx_word' id='word_1_338' title='bbox 1373 1835 1525 1876; x_wconf 86' lang='lat' dir='ltr'>probique</span> <span class='ocrx_word' id='word_1_339' title='bbox 1542 1834 1600 1865; x_wconf 87' lang='lat' dir='ltr'>viri</span> 
     </span>
     <span class='ocr_line' id='line_1_31' title="bbox 127 1888 1598 1930; baseline 0.001 -13"><span class='ocrx_word' id='word_1_340' title='bbox 127 1888 260 1918; x_wconf 86' lang='lat' dir='ltr'>evadere</span> <span class='ocrx_word' id='word_1_341' title='bbox 289 1893 450 1929; x_wconf 85' lang='lat' dir='ltr'>poterunt.</span> <span class='ocrx_word' id='word_1_342' title='bbox 497 1888 580 1919; x_wconf 85' lang='lat' dir='ltr'>Anr.</span> <span class='ocrx_word' id='word_1_343' title='bbox 606 1889 752 1925; x_wconf 87' lang='lat' dir='ltr'>Quidni?</span> <span class='ocrx_word' id='word_1_344' title='bbox 797 1889 853 1919; x_wconf 94' lang='lat' dir='ltr'>So.</span> <span class='ocrx_word' id='word_1_345' title='bbox 878 1889 1015 1925; x_wconf 89' lang='lat' dir='ltr'>Quando</span> <span class='ocrx_word' id='word_1_346' title='bbox 1046 1889 1152 1930; x_wconf 90' lang='lat' dir='ltr'>itaque</span> <span class='ocrx_word' id='word_1_347' title='bbox 1180 1889 1260 1919; x_wconf 81' lang='lat' dir='ltr'>bene</span> <span class='ocrx_word' id='word_1_348' title='bbox 1290 1888 1479 1929; x_wconf 82' lang='lat' dir='ltr'>incipientes</span> <span class='ocrx_word' id='word_1_349' title='bbox 1510 1889 1598 1930; x_wconf 87' lang='lat' dir='ltr'>pueri</span> 
     </span>
     <span class='ocr_line' id='line_1_32' title="bbox 122 1940 1597 1984; baseline 0.003 -14"><span class='ocrx_word' id='word_1_350' title='bbox 122 1940 224 1981; x_wconf 89' lang='lat' dir='ltr'>jocari</span> <span class='ocrx_word' id='word_1_351' title='bbox 240 1951 276 1972; x_wconf 85' lang='lat' dir='ltr'>ac</span> <span class='ocrx_word' id='word_1_352' title='bbox 301 1941 418 1978; x_wconf 90' lang='lat' dir='ltr'>ludere,</span> <span class='ocrx_word' id='word_1_353' title='bbox 435 1943 608 1983; x_wconf 85' lang='lat' dir='ltr'>legitimum</span> <span class='ocrx_word' id='word_1_354' title='bbox 637 1954 691 1984; x_wconf 86' lang='lat' dir='ltr'>per</span> <span class='ocrx_word' id='word_1_355' title='bbox 715 1943 862 1974; x_wconf 81' lang='lat' dir='ltr'>musicam</span> <span class='ocrx_word' id='word_1_356' title='bbox 880 1953 995 1974; x_wconf 90' lang='lat' dir='ltr'>morem</span> <span class='ocrx_word' id='word_1_357' title='bbox 1011 1943 1175 1979; x_wconf 88' lang='lat' dir='ltr'>imbibunt,</span> <span class='ocrx_word' id='word_1_358' title='bbox 1192 1943 1224 1973; x_wconf 89' lang='lat' dir='ltr'>in</span> <span class='ocrx_word' id='word_1_359' title='bbox 1240 1944 1392 1974; x_wconf 85' lang='lat' dir='ltr'>contraria</span> <span class='ocrx_word' id='word_1_360' title='bbox 1407 1943 1453 1974; x_wconf 83' lang='lat' dir='ltr'>liis</span> <span class='ocrx_word' id='word_1_361' title='bbox 1469 1944 1597 1974; x_wconf 85' lang='lat' dir='ltr'>omnino</span> 
     </span>
     <span class='ocr_line' id='line_1_33' title="bbox 128 1995 1597 2039; baseline 0.003 -15"><span class='ocrx_word' id='word_1_362' title='bbox 128 2003 164 2024; x_wconf 83' lang='lat' dir='ltr'>ac</span> <span class='ocrx_word' id='word_1_363' title='bbox 180 1995 390 2035; x_wconf 86' lang='lat' dir='ltr'>superioribus</span> <span class='ocrx_word' id='word_1_364' title='bbox 414 1997 530 2028; x_wconf 88' lang='lat' dir='ltr'>musica</span> <span class='ocrx_word' id='word_1_365' title='bbox 546 1997 648 2027; x_wconf 87' lang='lat' dir='ltr'>tendit</span> <span class='ocrx_word' id='word_1_366' title='bbox 671 2003 765 2038; x_wconf 86' lang='lat' dir='ltr'>atque</span> <span class='ocrx_word' id='word_1_367' title='bbox 789 1998 987 2038; x_wconf 85' lang='lat' dir='ltr'>prosequitur</span> <span class='ocrx_word' id='word_1_368' title='bbox 1002 1998 1164 2038; x_wconf 86' lang='lat' dir='ltr'>corrigere,</span> <span class='ocrx_word' id='word_1_369' title='bbox 1181 1998 1205 2028; x_wconf 84' lang='lat' dir='ltr'>si</span> <span class='ocrx_word' id='word_1_370' title='bbox 1220 1998 1295 2039; x_wconf 92' lang='lat' dir='ltr'>quid</span> <span class='ocrx_word' id='word_1_371' title='bbox 1313 2003 1405 2028; x_wconf 90' lang='lat' dir='ltr'>antea</span> <span class='ocrx_word' id='word_1_372' title='bbox 1419 1999 1453 2028; x_wconf 90' lang='lat' dir='ltr'>in</span> <span class='ocrx_word' id='word_1_373' title='bbox 1469 1998 1597 2029; x_wconf 82' lang='lat' dir='ltr'>civitate</span> 
     </span>
     <span class='ocr_line' id='line_1_34' title="bbox 123 2043 1596 2092; baseline 0.004 -15"><span class='ocrx_word' id='word_1_374' title='bbox 123 2043 263 2087; x_wconf 74' lang='lat' dir='ltr'>jacebat.</span> <span class='ocrx_word' id='word_1_375' title='bbox 308 2049 391 2080; x_wconf 78' lang='lat' dir='ltr'>on.</span> <span class='ocrx_word' id='word_1_376' title='bbox 416 2050 497 2080; x_wconf 85' lang='lat' dir='ltr'>Vera</span> <span class='ocrx_word' id='word_1_377' title='bbox 522 2051 666 2091; x_wconf 88' lang='lat' dir='ltr'>loqueris.</span> <span class='ocrx_word' id='word_1_378' title='bbox 713 2051 765 2081; x_wconf 88' lang='lat' dir='ltr'>So.</span> <span class='ocrx_word' id='word_1_379' title='bbox 790 2051 871 2087; x_wconf 85' lang='lat' dir='ltr'>Quae</span> <span class='ocrx_word' id='word_1_380' title='bbox 893 2051 989 2091; x_wconf 83' lang='lat' dir='ltr'>igitur</span> <span class='ocrx_word' id='word_1_381' title='bbox 1011 2051 1122 2092; x_wconf 81' lang='lat' dir='ltr'>exigua</span> <span class='ocrx_word' id='word_1_382' title='bbox 1145 2051 1290 2081; x_wconf 87' lang='lat' dir='ltr'>videntur</span> <span class='ocrx_word' id='word_1_383' title='bbox 1311 2062 1377 2082; x_wconf 87' lang='lat' dir='ltr'>esse</span> <span class='ocrx_word' id='word_1_384' title='bbox 1392 2051 1527 2083; x_wconf 83' lang='lat' dir='ltr'>civitatis</span> <span class='ocrx_word' id='word_1_385' title='bbox 1546 2053 1596 2083; x_wconf 90' lang='lat' dir='ltr'>in-</span> 
     </span>
     <span class='ocr_line' id='line_1_35' title="bbox 126 2101 1597 2146; baseline 0.003 -15"><span class='ocrx_word' id='word_1_386' title='bbox 126 2101 245 2138; x_wconf 85' lang='lat' dir='ltr'>stituta,</span> <span class='ocrx_word' id='word_1_387' title='bbox 264 2108 297 2133; x_wconf 84' lang='lat' dir='ltr'>ut</span> <span class='ocrx_word' id='word_1_388' title='bbox 312 2103 392 2142; x_wconf 84' lang='lat' dir='ltr'>dixi,</span> <span class='ocrx_word' id='word_1_389' title='bbox 408 2105 437 2134; x_wconf 83' lang='lat' dir='ltr'>hi</span> <span class='ocrx_word' id='word_1_390' title='bbox 462 2105 638 2146; x_wconf 81' lang='lat' dir='ltr'>reperient:</span> <span class='ocrx_word' id='word_1_391' title='bbox 665 2115 735 2146; x_wconf 81' lang='lat' dir='ltr'>quae</span> <span class='ocrx_word' id='word_1_392' title='bbox 759 2105 932 2146; x_wconf 84' lang='lat' dir='ltr'>superiores</span> <span class='ocrx_word' id='word_1_393' title='bbox 948 2105 1052 2134; x_wconf 89' lang='lat' dir='ltr'>omnia</span> <span class='ocrx_word' id='word_1_394' title='bbox 1067 2105 1299 2145; x_wconf 83' lang='lat' dir='ltr'>perturbabant.</span> <span class='ocrx_word' id='word_1_395' title='bbox 1344 2105 1427 2136; x_wconf 82' lang='lat' dir='ltr'>Ani.</span> <span class='ocrx_word' id='word_1_396' title='bbox 1452 2106 1569 2143; x_wconf 88' lang='lat' dir='ltr'>Qualia</span> <span class='ocrx_word' id='word_1_397' title='bbox 1585 2107 1597 2137; x_wconf 87' lang='lat'>?</span> 
     </span>
     <span class='ocr_line' id='line_1_36' title="bbox 126 2156 1596 2200; baseline 0.004 -14"><span class='ocrx_word' id='word_1_398' title='bbox 126 2156 182 2187; x_wconf 86' lang='lat' dir='ltr'>So.</span> <span class='ocrx_word' id='word_1_399' title='bbox 206 2156 286 2188; x_wconf 84' lang='lat' dir='ltr'>Haec</span> <span class='ocrx_word' id='word_1_400' title='bbox 301 2158 470 2189; x_wconf 84' lang='lat' dir='ltr'>videlicet:</span> <span class='ocrx_word' id='word_1_401' title='bbox 497 2159 771 2194; x_wconf 88' lang='lat' dir='ltr'>Quemadmodum</span> <span class='ocrx_word' id='word_1_402' title='bbox 791 2163 892 2189; x_wconf 87' lang='lat' dir='ltr'>tacere</span> <span class='ocrx_word' id='word_1_403' title='bbox 916 2158 1033 2188; x_wconf 85' lang='lat' dir='ltr'>debent</span> <span class='ocrx_word' id='word_1_404' title='bbox 1056 2169 1158 2188; x_wconf 87' lang='lat' dir='ltr'>coram</span> <span class='ocrx_word' id='word_1_405' title='bbox 1176 2159 1302 2189; x_wconf 85' lang='lat' dir='ltr'>senibus</span> <span class='ocrx_word' id='word_1_406' title='bbox 1314 2159 1467 2200; x_wconf 90' lang='lat' dir='ltr'>juniores,</span> <span class='ocrx_word' id='word_1_407' title='bbox 1485 2162 1596 2192; x_wconf 84' lang='lat' dir='ltr'>cedere</span> 
     </span>
     <span class='ocr_line' id='line_1_37' title="bbox 128 2209 1597 2256; baseline 0.003 -15"><span class='ocrx_word' id='word_1_408' title='bbox 128 2209 189 2240; x_wconf 80' lang='lat' dir='ltr'>illis</span> <span class='ocrx_word' id='word_1_409' title='bbox 203 2211 305 2242; x_wconf 91' lang='lat' dir='ltr'>locum</span> <span class='ocrx_word' id='word_1_410' title='bbox 322 2217 415 2253; x_wconf 87' lang='lat' dir='ltr'>atque</span> <span class='ocrx_word' id='word_1_411' title='bbox 431 2223 600 2253; x_wconf 84' lang='lat' dir='ltr'>assurgere,</span> <span class='ocrx_word' id='word_1_412' title='bbox 617 2218 759 2253; x_wconf 86' lang='lat' dir='ltr'>parentes</span> <span class='ocrx_word' id='word_1_413' title='bbox 773 2212 875 2243; x_wconf 85' lang='lat' dir='ltr'>colere</span> <span class='ocrx_word' id='word_1_414' title='bbox 893 2224 900 2242; x_wconf 72' lang='grc' dir='ltr'>ε</span> <span class='ocrx_word' id='word_1_415' title='bbox 925 2212 994 2253; x_wconf 90' lang='lat' dir='ltr'>quis</span> <span class='ocrx_word' id='word_1_416' title='bbox 1012 2218 1145 2243; x_wconf 86' lang='lat' dir='ltr'>tonsurae</span> <span class='ocrx_word' id='word_1_417' title='bbox 1161 2214 1271 2244; x_wconf 86' lang='lat' dir='ltr'>modus</span> <span class='ocrx_word' id='word_1_418' title='bbox 1287 2215 1455 2245; x_wconf 81' lang='lat' dir='ltr'>servandus</span> <span class='ocrx_word' id='word_1_419' title='bbox 1468 2215 1597 2256; x_wconf 84' lang='lat' dir='ltr'>cuique,</span> 
     </span>
     <span class='ocr_line' id='line_1_38' title="bbox 126 2264 1596 2311; baseline 0.004 -16"><span class='ocrx_word' id='word_1_420' title='bbox 126 2264 239 2306; x_wconf 84' lang='lat' dir='ltr'>quibus</span> <span class='ocrx_word' id='word_1_421' title='bbox 254 2266 390 2296; x_wconf 86' lang='lat' dir='ltr'>vestibus</span> <span class='ocrx_word' id='word_1_422' title='bbox 414 2266 566 2297; x_wconf 84' lang='lat' dir='ltr'>calceisve</span> <span class='ocrx_word' id='word_1_423' title='bbox 591 2267 755 2303; x_wconf 87' lang='lat' dir='ltr'>utendum,</span> <span class='ocrx_word' id='word_1_424' title='bbox 771 2272 804 2296; x_wconf 83' lang='lat' dir='ltr'>et</span> <span class='ocrx_word' id='word_1_425' title='bbox 827 2267 954 2297; x_wconf 87' lang='lat' dir='ltr'>omnino</span> <span class='ocrx_word' id='word_1_426' title='bbox 979 2267 1050 2307; x_wconf 88' lang='lat' dir='ltr'>quis</span> <span class='ocrx_word' id='word_1_427' title='bbox 1070 2268 1205 2308; x_wconf 86' lang='lat' dir='ltr'>corporis</span> <span class='ocrx_word' id='word_1_428' title='bbox 1222 2273 1348 2298; x_wconf 87' lang='lat' dir='ltr'>ornatus</span> <span class='ocrx_word' id='word_1_429' title='bbox 1363 2269 1542 2311; x_wconf 82' lang='lat' dir='ltr'>conveniat,</span> <span class='ocrx_word' id='word_1_430' title='bbox 1558 2280 1596 2301; x_wconf 80' lang='lat' dir='ltr'>ac</span> 
     </span>
     <span class='ocr_line' id='line_1_39' title="bbox 125 2319 1594 2364; baseline 0.004 -15"><span class='ocrx_word' id='word_1_431' title='bbox 125 2323 227 2349; x_wconf 87' lang='lat' dir='ltr'>oetera</span> <span class='ocrx_word' id='word_1_432' title='bbox 242 2320 363 2360; x_wconf 86' lang='lat' dir='ltr'>generis</span> <span class='ocrx_word' id='word_1_433' title='bbox 378 2319 530 2360; x_wconf 86' lang='lat' dir='ltr'>ejusdem.</span> <span class='ocrx_word' id='word_1_434' title='bbox 555 2331 595 2350; x_wconf 88' lang='lat' dir='ltr'>an</span> <span class='ocrx_word' id='word_1_435' title='bbox 618 2331 681 2350; x_wconf 91' lang='lat' dir='ltr'>non</span> <span class='ocrx_word' id='word_1_436' title='bbox 705 2321 820 2362; x_wconf 86' lang='lat' dir='ltr'>putas?</span> <span class='ocrx_word' id='word_1_437' title='bbox 867 2320 947 2352; x_wconf 79' lang='lat' dir='ltr'>Am.</span> <span class='ocrx_word' id='word_1_438' title='bbox 971 2321 1139 2363; x_wconf 86' lang='lat' dir='ltr'>Equidem.</span> <span class='ocrx_word' id='word_1_439' title='bbox 1184 2323 1241 2353; x_wconf 91' lang='lat' dir='ltr'>So.</span> <span class='ocrx_word' id='word_1_440' title='bbox 1266 2322 1368 2364; x_wconf 89' lang='lat' dir='ltr'>Atqui</span> <span class='ocrx_word' id='word_1_441' title='bbox 1391 2323 1510 2364; x_wconf 85' lang='lat' dir='ltr'>legibus</span> <span class='ocrx_word' id='word_1_442' title='bbox 1526 2325 1594 2355; x_wconf 84' lang='lat' dir='ltr'>haec</span> 
     </span>
     <span class='ocr_line' id='line_1_40' title="bbox 126 2373 1594 2419; baseline 0.005 -17"><span class='ocrx_word' id='word_1_443' title='bbox 126 2373 324 2412; x_wconf 60' lang='lat' dir='ltr'>praescribere</span> <span class='ocrx_word' id='word_1_444' title='bbox 346 2373 499 2414; x_wconf 88' lang='lat' dir='ltr'>ineptum,</span> <span class='ocrx_word' id='word_1_445' title='bbox 516 2379 550 2404; x_wconf 87' lang='lat' dir='ltr'>ut</span> <span class='ocrx_word' id='word_1_446' title='bbox 572 2374 713 2415; x_wconf 82' lang='lat' dir='ltr'>arbitror,</span> <span class='ocrx_word' id='word_1_447' title='bbox 731 2375 897 2406; x_wconf 76' lang='lat' dir='ltr'>videretur.</span> <span class='ocrx_word' id='word_1_448' title='bbox 922 2386 994 2406; x_wconf 89' lang='lat' dir='ltr'>nam</span> <span class='ocrx_word' id='word_1_449' title='bbox 1010 2387 1112 2417; x_wconf 92' lang='lat' dir='ltr'>neque</span> <span class='ocrx_word' id='word_1_450' title='bbox 1136 2376 1166 2406; x_wconf 88' lang='lat' dir='ltr'>id</span> <span class='ocrx_word' id='word_1_451' title='bbox 1191 2387 1321 2418; x_wconf 82' lang='lat' dir='ltr'>usquam</span> <span class='ocrx_word' id='word_1_452' title='bbox 1339 2378 1384 2414; x_wconf 89' lang='lat' dir='ltr'>fit,</span> <span class='ocrx_word' id='word_1_453' title='bbox 1400 2389 1503 2419; x_wconf 90' lang='lat' dir='ltr'>neque</span> <span class='ocrx_word' id='word_1_454' title='bbox 1519 2388 1594 2409; x_wconf 87' lang='lat' dir='ltr'>con-</span> 
     </span>
     <span class='ocr_line' id='line_1_41' title="bbox 125 2427 1599 2473; baseline 0.004 -17"><span class='ocrx_word' id='word_1_455' title='bbox 125 2431 242 2456; x_wconf 87' lang='lat' dir='ltr'>starent</span> <span class='ocrx_word' id='word_1_456' title='bbox 270 2427 336 2458; x_wconf 83' lang='lat' dir='ltr'>haec</span> <span class='ocrx_word' id='word_1_457' title='bbox 366 2429 466 2459; x_wconf 83' lang='lat' dir='ltr'>verbis</span> <span class='ocrx_word' id='word_1_458' title='bbox 496 2429 668 2471; x_wconf 84' lang='lat' dir='ltr'>litterisque</span> <span class='ocrx_word' id='word_1_459' title='bbox 700 2431 857 2461; x_wconf 83' lang='lat' dir='ltr'>mandata.</span> <span class='ocrx_word' id='word_1_460' title='bbox 905 2430 988 2461; x_wconf 81' lang='lat' dir='ltr'>Ant.</span> <span class='ocrx_word' id='word_1_461' title='bbox 1020 2431 1189 2467; x_wconf 86' lang='lat' dir='ltr'>Quomodo</span> <span class='ocrx_word' id='word_1_462' title='bbox 1219 2431 1327 2461; x_wconf 88' lang='lat' dir='ltr'>enirn?</span> <span class='ocrx_word' id='word_1_463' title='bbox 1374 2431 1429 2462; x_wconf 91' lang='lat' dir='ltr'>So.</span> <span class='ocrx_word' id='word_1_464' title='bbox 1455 2432 1599 2473; x_wconf 88' lang='lat' dir='ltr'>Apparet</span> 
     </span>
     <span class='ocr_line' id='line_1_42' title="bbox 124 2480 1596 2526; baseline 0.004 -16"><span class='ocrx_word' id='word_1_465' title='bbox 124 2480 243 2521; x_wconf 81' lang='lat' dir='ltr'>itaque,</span> <span class='ocrx_word' id='word_1_466' title='bbox 260 2491 279 2511; x_wconf 96' lang='lat' dir='ltr'>o</span> <span class='ocrx_word' id='word_1_467' title='bbox 302 2481 484 2518; x_wconf 83' lang='lat' dir='ltr'>Adimante,</span> <span class='ocrx_word' id='word_1_468' title='bbox 501 2484 593 2524; x_wconf 83' lang='lat' dir='ltr'>quale</span> <span class='ocrx_word' id='word_1_469' title='bbox 617 2483 770 2525; x_wconf 88' lang='lat' dir='ltr'>cujusque</span> <span class='ocrx_word' id='word_1_470' title='bbox 794 2485 887 2515; x_wconf 81' lang='lat' dir='ltr'>suerit</span> <span class='ocrx_word' id='word_1_471' title='bbox 911 2485 1038 2526; x_wconf 86' lang='lat' dir='ltr'>puerilis</span> <span class='ocrx_word' id='word_1_472' title='bbox 1065 2485 1262 2515; x_wconf 81' lang='lat' dir='ltr'>educationis</span> <span class='ocrx_word' id='word_1_473' title='bbox 1288 2485 1423 2522; x_wconf 82' lang='lat' dir='ltr'>initium,</span> <span class='ocrx_word' id='word_1_474' title='bbox 1441 2485 1514 2516; x_wconf 82' lang='lat' dir='ltr'>talia</span> <span class='ocrx_word' id='word_1_475' title='bbox 1531 2486 1596 2517; x_wconf 88' lang='lat' dir='ltr'>fore</span> 
     </span>
     <span class='ocr_line' id='line_1_43' title="bbox 125 2534 1598 2580; baseline 0.003 -15"><span class='ocrx_word' id='word_1_476' title='bbox 125 2534 219 2565; x_wconf 85' lang='lat' dir='ltr'>etiam</span> <span class='ocrx_word' id='word_1_477' title='bbox 257 2545 327 2576; x_wconf 76' lang='lat' dir='ltr'>quae</span> <span class='ocrx_word' id='word_1_478' title='bbox 361 2542 543 2576; x_wconf 87' lang='lat' dir='ltr'>sequuntur.</span> <span class='ocrx_word' id='word_1_479' title='bbox 591 2537 641 2568; x_wconf 93' lang='lat' dir='ltr'>An</span> <span class='ocrx_word' id='word_1_480' title='bbox 679 2549 742 2569; x_wconf 90' lang='lat' dir='ltr'>non</span> <span class='ocrx_word' id='word_1_481' title='bbox 777 2539 877 2570; x_wconf 89' lang='lat' dir='ltr'>simile</span> <span class='ocrx_word' id='word_1_482' title='bbox 912 2550 1033 2580; x_wconf 89' lang='lat' dir='ltr'>semper</span> <span class='ocrx_word' id='word_1_483' title='bbox 1070 2539 1170 2570; x_wconf 83' lang='lat' dir='ltr'>simile</span> <span class='ocrx_word' id='word_1_484' title='bbox 1207 2539 1378 2579; x_wconf 83' lang='lat' dir='ltr'>provocat?</span> <span class='ocrx_word' id='word_1_485' title='bbox 1425 2539 1508 2570; x_wconf 77' lang='lat' dir='ltr'>Ant.</span> <span class='ocrx_word' id='word_1_486' title='bbox 1533 2539 1598 2571; x_wconf 88' lang='lat' dir='ltr'>Cur</span> 
     </span>
     <span class='ocr_line' id='line_1_44' title="bbox 127 2588 1598 2634; baseline 0.005 -16"><span class='ocrx_word' id='word_1_487' title='bbox 127 2588 215 2618; x_wconf 88' lang='lat' dir='ltr'>non?</span> <span class='ocrx_word' id='word_1_488' title='bbox 287 2588 343 2620; x_wconf 89' lang='lat' dir='ltr'>So.</span> <span class='ocrx_word' id='word_1_489' title='bbox 388 2589 433 2620; x_wconf 84' lang='lat' dir='ltr'>Ac</span> <span class='ocrx_word' id='word_1_490' title='bbox 472 2590 598 2621; x_wconf 83' lang='lat' dir='ltr'>tandem</span> <span class='ocrx_word' id='word_1_491' title='bbox 640 2592 808 2623; x_wconf 89' lang='lat' dir='ltr'>dicendum</span> <span class='ocrx_word' id='word_1_492' title='bbox 848 2594 881 2623; x_wconf 92' lang='lat' dir='ltr'>id</span> <span class='ocrx_word' id='word_1_493' title='bbox 920 2598 968 2624; x_wconf 90' lang='lat' dir='ltr'>est</span> <span class='ocrx_word' id='word_1_494' title='bbox 1004 2593 1036 2623; x_wconf 87' lang='lat' dir='ltr'>in</span> <span class='ocrx_word' id='word_1_495' title='bbox 1074 2604 1170 2623; x_wconf 87' lang='lat' dir='ltr'>unum</span> <span class='ocrx_word' id='word_1_496' title='bbox 1208 2593 1337 2634; x_wconf 87' lang='lat' dir='ltr'>aliquod</span> <span class='ocrx_word' id='word_1_497' title='bbox 1374 2604 1527 2624; x_wconf 82' lang='lat' dir='ltr'>summum</span> <span class='ocrx_word' id='word_1_498' title='bbox 1565 2599 1598 2625; x_wconf 81' lang='lat' dir='ltr'>et</span> 
     </span>
     <span class='ocr_line' id='line_1_45' title="bbox 127 2643 1597 2688; baseline 0.005 -17"><span class='ocrx_word' id='word_1_499' title='bbox 127 2647 241 2682; x_wconf 82' lang='lat' dir='ltr'>potens</span> <span class='ocrx_word' id='word_1_500' title='bbox 277 2643 341 2673; x_wconf 85' lang='lat' dir='ltr'>sive</span> <span class='ocrx_word' id='word_1_501' title='bbox 371 2643 486 2674; x_wconf 87' lang='lat' dir='ltr'>bonum</span> <span class='ocrx_word' id='word_1_502' title='bbox 519 2654 573 2674; x_wconf 90' lang='lat' dir='ltr'>seu</span> <span class='ocrx_word' id='word_1_503' title='bbox 609 2645 724 2676; x_wconf 87' lang='lat' dir='ltr'>malum</span> <span class='ocrx_word' id='word_1_504' title='bbox 759 2647 912 2679; x_wconf 81' lang='lat' dir='ltr'>desinere.</span> <span class='ocrx_word' id='word_1_505' title='bbox 969 2647 1054 2678; x_wconf 84' lang='lat' dir='ltr'>Am.</span> <span class='ocrx_word' id='word_1_506' title='bbox 1083 2647 1170 2683; x_wconf 90' lang='lat' dir='ltr'>Quid</span> <span class='ocrx_word' id='word_1_507' title='bbox 1207 2647 1374 2688; x_wconf 87' lang='lat' dir='ltr'>prohibet?</span> <span class='ocrx_word' id='word_1_508' title='bbox 1432 2648 1487 2678; x_wconf 93' lang='lat' dir='ltr'>So.</span> <span class='ocrx_word' id='word_1_509' title='bbox 1525 2648 1597 2679; x_wconf 86' lang='lat' dir='ltr'>Hac</span> 
     </span>
     <span class='ocr_line' id='line_1_46' title="bbox 127 2696 1596 2742; baseline 0.005 -17"><span class='ocrx_word' id='word_1_510' title='bbox 127 2696 273 2737; x_wconf 88' lang='lat' dir='ltr'>equidem</span> <span class='ocrx_word' id='word_1_511' title='bbox 300 2697 419 2728; x_wconf 89' lang='lat' dir='ltr'>ratione</span> <span class='ocrx_word' id='word_1_512' title='bbox 447 2708 606 2739; x_wconf 90' lang='lat' dir='ltr'>nunquam</span> <span class='ocrx_word' id='word_1_513' title='bbox 631 2704 766 2731; x_wconf 86' lang='lat' dir='ltr'>statuere</span> <span class='ocrx_word' id='word_1_514' title='bbox 796 2701 916 2742; x_wconf 86' lang='lat' dir='ltr'>legibus</span> <span class='ocrx_word' id='word_1_515' title='bbox 940 2702 1007 2732; x_wconf 74' lang='lat' dir='ltr'>haec</span> <span class='ocrx_word' id='word_1_516' title='bbox 1033 2702 1265 2732; x_wconf 87' lang='lat' dir='ltr'>contenderem.</span> <span class='ocrx_word' id='word_1_517' title='bbox 1310 2700 1392 2732; x_wconf 79' lang='lat' dir='ltr'>Ani.</span> <span class='ocrx_word' id='word_1_518' title='bbox 1416 2701 1458 2731; x_wconf 93' lang='lat' dir='ltr'>Et</span> <span class='ocrx_word' id='word_1_519' title='bbox 1487 2702 1596 2732; x_wconf 85' lang='lat' dir='ltr'>merito</span> 
     </span>
     <span class='ocr_line' id='line_1_47' title="bbox 127 2749 1593 2797; baseline 0.005 -18"><span class='ocrx_word' id='word_1_520' title='bbox 127 2749 266 2790; x_wconf 88' lang='lat' dir='ltr'>quidem.</span> <span class='ocrx_word' id='word_1_521' title='bbox 312 2751 367 2782; x_wconf 85' lang='lat' dir='ltr'>So.</span> <span class='ocrx_word' id='word_1_522' title='bbox 392 2750 455 2782; x_wconf 91' lang='lat' dir='ltr'>Dic</span> <span class='ocrx_word' id='word_1_523' title='bbox 486 2762 541 2793; x_wconf 89' lang='lat' dir='ltr'>per</span> <span class='ocrx_word' id='word_1_524' title='bbox 573 2752 671 2790; x_wconf 83' lang='lat' dir='ltr'>Deos,</span> <span class='ocrx_word' id='word_1_525' title='bbox 704 2755 1012 2797; x_wconf 76' lang='lat' dir='ltr'>nunquid&#39;negotia</span> <span class='ocrx_word' id='word_1_526' title='bbox 1040 2756 1108 2796; x_wconf 83' lang='lat' dir='ltr'>ipsa</span> <span class='ocrx_word' id='word_1_527' title='bbox 1139 2756 1273 2786; x_wconf 83' lang='lat' dir='ltr'>forensia</span> <span class='ocrx_word' id='word_1_528' title='bbox 1302 2761 1471 2797; x_wconf 88' lang='lat' dir='ltr'>mutuaque</span> <span class='ocrx_word' id='word_1_529' title='bbox 1507 2767 1593 2788; x_wconf 89' lang='lat' dir='ltr'>com-</span> 
     </span>
     <span class='ocr_line' id='line_1_48' title="bbox 126 2804 1595 2852; baseline 0.005 -19"><span class='ocrx_word' id='word_1_530' title='bbox 126 2804 241 2834; x_wconf 84' lang='lat' dir='ltr'>mercia</span> <span class='ocrx_word' id='word_1_531' title='bbox 263 2809 296 2835; x_wconf 87' lang='lat' dir='ltr'>et</span> <span class='ocrx_word' id='word_1_532' title='bbox 319 2811 411 2846; x_wconf 85' lang='lat' dir='ltr'>pacta</span> <span class='ocrx_word' id='word_1_533' title='bbox 433 2806 465 2836; x_wconf 88' lang='lat' dir='ltr'>in</span> <span class='ocrx_word' id='word_1_534' title='bbox 494 2807 684 2838; x_wconf 69' lang='lat' dir='ltr'>mechanicis</span> <span class='ocrx_word' id='word_1_535' title='bbox 707 2809 998 2852; x_wconf 83' lang='lat' dir='ltr'>artibus,jurgandi</span> <span class='ocrx_word' id='word_1_536' title='bbox 1021 2810 1265 2851; x_wconf 79' lang='lat' dir='ltr'>verberandique</span> <span class='ocrx_word' id='word_1_537' title='bbox 1280 2809 1365 2850; x_wconf 89' lang='lat' dir='ltr'>jura,</span> <span class='ocrx_word' id='word_1_538' title='bbox 1380 2810 1544 2841; x_wconf 87' lang='lat' dir='ltr'>citationes</span> <span class='ocrx_word' id='word_1_539' title='bbox 1563 2811 1595 2840; x_wconf 90' lang='lat' dir='ltr'>in</span> 
     </span>
     <span class='ocr_line' id='line_1_49' title="bbox 122 2855 1594 2906; baseline 0.005 -20"><span class='ocrx_word' id='word_1_540' title='bbox 122 2855 257 2898; x_wconf 78' lang='lat' dir='ltr'>judicia,</span> <span class='ocrx_word' id='word_1_541' title='bbox 273 2859 513 2891; x_wconf 82' lang='lat' dir='ltr'>constitutiones</span> <span class='ocrx_word' id='word_1_542' title='bbox 524 2860 681 2901; x_wconf 89' lang='lat' dir='ltr'>judicum,</span> <span class='ocrx_word' id='word_1_543' title='bbox 698 2868 729 2893; x_wconf 85' lang='lat' dir='ltr'>et</span> <span class='ocrx_word' id='word_1_544' title='bbox 753 2863 778 2894; x_wconf 92' lang='lat' dir='ltr'>si</span> <span class='ocrx_word' id='word_1_545' title='bbox 793 2874 854 2905; x_wconf 83' lang='lat' dir='ltr'>qua</span> <span class='ocrx_word' id='word_1_546' title='bbox 871 2865 917 2895; x_wconf 89' lang='lat' dir='ltr'>vel</span> <span class='ocrx_word' id='word_1_547' title='bbox 935 2865 1017 2896; x_wconf 89' lang='lat' dir='ltr'>circa</span> <span class='ocrx_word' id='word_1_548' title='bbox 1031 2864 1129 2894; x_wconf 84' lang='lat' dir='ltr'>forum</span> <span class='ocrx_word' id='word_1_549' title='bbox 1146 2865 1194 2895; x_wconf 86' lang='lat' dir='ltr'>vel</span> <span class='ocrx_word' id='word_1_550' title='bbox 1211 2870 1317 2905; x_wconf 81' lang='lat' dir='ltr'>portus</span> <span class='ocrx_word' id='word_1_551' title='bbox 1333 2870 1387 2895; x_wconf 91' lang='lat' dir='ltr'>aut</span> <span class='ocrx_word' id='word_1_552' title='bbox 1402 2864 1594 2906; x_wconf 86' lang='lat' dir='ltr'>imponenda</span> 
     </span>
     <span class='ocr_line' id='line_1_50' title="bbox 126 2910 1594 2960; baseline 0.005 -20"><span class='ocrx_word' id='word_1_553' title='bbox 126 2913 180 2939; x_wconf 80' lang='lat' dir='ltr'>aut</span> <span class='ocrx_word' id='word_1_554' title='bbox 203 2910 357 2952; x_wconf 81' lang='lat' dir='ltr'>exigenda</span> <span class='ocrx_word' id='word_1_555' title='bbox 379 2919 452 2944; x_wconf 85' lang='lat' dir='ltr'>sunt</span> <span class='ocrx_word' id='word_1_556' title='bbox 479 2915 665 2956; x_wconf 84' lang='lat' dir='ltr'>vectigalia:</span> <span class='ocrx_word' id='word_1_557' title='bbox 689 2917 737 2947; x_wconf 84' lang='lat' dir='ltr'>vel</span> <span class='ocrx_word' id='word_1_558' title='bbox 767 2919 893 2949; x_wconf 90' lang='lat' dir='ltr'>omnino</span> <span class='ocrx_word' id='word_1_559' title='bbox 922 2919 1058 2949; x_wconf 78' lang='lat' dir='ltr'>forensia</span> <span class='ocrx_word' id='word_1_560' title='bbox 1083 2929 1217 2960; x_wconf 74' lang='lat' dir='ltr'>quaeque</span> <span class='ocrx_word' id='word_1_561' title='bbox 1239 2918 1310 2960; x_wconf 90' lang='lat' dir='ltr'>jura</span> <span class='ocrx_word' id='word_1_562' title='bbox 1334 2919 1383 2949; x_wconf 85' lang='lat' dir='ltr'>vel</span> <span class='ocrx_word' id='word_1_563' title='bbox 1411 2919 1527 2949; x_wconf 90' lang='lat' dir='ltr'>urbana</span> <span class='ocrx_word' id='word_1_564' title='bbox 1543 2917 1594 2949; x_wconf 88' lang='lat' dir='ltr'>vel</span> 
     </span>
     <span class='ocr_line' id='line_1_51' title="bbox 130 2962 1592 3016; baseline 0.008 -23"><span class='ocrx_word' id='word_1_565' title='bbox 130 2962 266 3008; x_wconf 80' lang='lat' dir='ltr'>navalia,</span> <span class='ocrx_word' id='word_1_566' title='bbox 281 2970 313 2997; x_wconf 82' lang='lat' dir='ltr'>et</span> <span class='ocrx_word' id='word_1_567' title='bbox 336 2966 455 3009; x_wconf 87' lang='lat' dir='ltr'>reliqua</span> <span class='ocrx_word' id='word_1_568' title='bbox 477 2968 509 3000; x_wconf 88' lang='lat' dir='ltr'>id</span> <span class='ocrx_word' id='word_1_569' title='bbox 534 2979 654 3011; x_wconf 84' lang='lat' dir='ltr'>genus:</span> <span class='ocrx_word' id='word_1_570' title='bbox 680 2980 720 3002; x_wconf 89' lang='lat' dir='ltr'>an</span> <span class='ocrx_word' id='word_1_571' title='bbox 743 2972 822 3011; x_wconf 83' lang='lat' dir='ltr'>haec,</span> <span class='ocrx_word' id='word_1_572' title='bbox 838 2973 978 3015; x_wconf 74' lang='lat' dir='ltr'>inquam,</span> <span class='ocrx_word' id='word_1_573' title='bbox 994 2973 1043 3006; x_wconf 84' lang='lat' dir='ltr'>vcl</span> <span class='ocrx_word' id='word_1_574' title='bbox 1063 2973 1170 3005; x_wconf 85' lang='lat' dir='ltr'>horum</span> <span class='ocrx_word' id='word_1_575' title='bbox 1195 2971 1362 3015; x_wconf 85' lang='lat' dir='ltr'>quicquam</span> <span class='ocrx_word' id='word_1_576' title='bbox 1379 2972 1498 3015; x_wconf 87' lang='lat' dir='ltr'>legibus</span> <span class='ocrx_word' id='word_1_577' title='bbox 1513 2983 1592 3016; x_wconf 82' lang='lat' dir='ltr'>prae-</span> 
     </span>
    </p>
   </div>
  </div>
 </body>
</html>
