1840 3225
178 182 275 232 757]
622 180 695 217 DE
726 179 953 217 moinus
984 179 1083 217 ΜΒ.
1114 178 1185 217 vr.
1563 179 1641 220 349

177 286 276 317 duces
304 284 458 317 exercitus
487 283 630 324 eligendi
655 286 738 317 sunt,
767 289 935 321 eorumque
966 278 1099 310 ministri
1128 278 1161 309 in
1190 279 1285 316 bello,
1318 281 1454 321 magistri
1483 282 1638 322 equitum,

177 339 438 371 tribunimilitum
463 337 667 379 peditumque
694 334 898 370 ordinatores,
926 343 1005 374 quos
1033 332 1145 364 merito
1170 334 1339 364 multorum
1366 345 1452 366 more
1475 335 1641 377 praefectos

177 393 324 424 ordinum
351 391 612 433 nuncupabimus.
635 390 729 431 igitur
757 389 820 429 ipsi
847 387 994 418 custodes
1024 388 1131 428 legum
1155 387 1336 428 hujusmodi
1364 389 1518 420 exercitus
1545 389 1642 421 duces

178 447 298 479 futuros
327 447 446 488 aliquos
473 445 608 476 civitatis
635 444 722 486 hujus
748 443 832 474 cives
856 447 1057 483 proponant:
1084 441 1263 482 suffragium
1293 443 1399 473 ineant
1427 454 1546 479 omues»
1585 444 1639 486 qui

178 501 271 532 bellis
285 502 316 532 in
331 506 421 532 aetate
437 499 634 531 convenienti
660 498 880 533 interfuerunt,
907 501 961 526 aut
982 496 1050 537 jam
1074 496 1241 528 intersunt.
1265 497 1351 538 quod
1373 498 1399 528 si
1415 498 1483 539 quis
1499 499 1634 540 aliquem

179 566 199 586 a
212 555 300 586 nullo
320 554 512 597 propositum
542 553 703 594 proposito
728 552 834 594 aliquo
863 551 1111 593 praestantiorem
1142 550 1313 591 existimet,
1332 552 1424 582 liceat
1440 553 1469 583 ei
1484 554 1553 584 loco
1569 554 1638 595 ejus

178 610 272 640 alium
296 610 466 644 nominare,
481 608 507 639 si
537 607 632 638 modo
658 607 753 648 prius,
779 605 864 648 quod
893 606 937 636 ita
963 605 1097 646 judicet,
1109 605 1312 647 jurejurando
1342 607 1582 639 confirmaverit.
1606 614 1640 639 et

178 664 356 694 nominatus
384 663 499 705 majore
530 662 744 704 suffragiorum
780 671 911 692 numero
942 659 1108 702 deligatur.
1145 665 1209 690 tres
1235 665 1350 697 autem,
1380 661 1494 702 quibus
1518 662 1640 693 favetur

178 718 357 758 plurimum,
379 716 472 747 duces
503 717 658 748 exercitus
687 717 931 757 bellicarumque
962 725 1061 746 rerum
1088 720 1254 752 curatores,
1276 715 1541 756 quemadmodum
1571 728 1640 748 cus-

176 771 266 803 todes
279 771 393 813 legum,
409 772 660 813 comprobentur,
677 772 731 813 qui
754 771 918 812 praefectos
940 770 1083 801 ordinum
1100 769 1278 806 duodecim,
1294 781 1390 801 unum
1403 771 1530 802 cuilibet
1545 771 1643 802 tribui

176 826 352 859 nominent.
376 827 607 868 pronominatio
632 832 736 857 autem
753 831 786 856 et
809 825 992 867 suffragium
1020 824 1260 866 designatioque
1276 830 1308 855 et
1318 824 1472 867 judicium
1485 826 1531 857 ita
1546 826 1578 856 in
1592 827 1642 857 his

177 880 243 918 fiat,
259 882 522 922 quemadmodum
548 882 583 912 in
610 881 764 912 exercitus
791 880 932 911 ducibus.
955 879 1180 910 comitia-vero
1209 879 1242 910 in
1270 880 1447 921 praesentia,
1473 885 1643 922 antequam

178 941 299 966 creetur
313 936 476 967 consilium
502 940 536 968 et
562 935 703 978 praefecti
729 935 859 967 consilio
889 934 1076 975 deligantur,
1093 934 1238 965 custodes
1267 934 1372 975 legum
1400 935 1434 965 in
1448 935 1646 967 sanctissimo

178 989 500 1031 sufficientissimoque
516 991 585 1021 loco
601 990 737 1021 habeant
755 1001 761 1019 :
785 990 839 1020 ubi
854 999 993 1020 seorsum
1007 988 1131 1030 pedites
1146 993 1178 1019 et
1192 989 1312 1031 equites
1328 990 1471 1026 sedeant,
1486 991 1642 1031 tertioque

180 1044 333 1086 deinceps
348 1045 454 1081 ceteri,
471 1045 648 1087 quicunque
675 1045 708 1075 in
736 1044 827 1075 armis
852 1049 1024 1075 versantur.
1047 1048 1080 1074 et
1105 1043 1137 1073 in
1154 1042 1307 1084 eligendis
1323 1044 1452 1084 quidem
1467 1043 1647 1075 ductoribus

179 1104 213 1130 et
226 1099 382 1141 magistris
392 1100 543 1141 equitum,
559 1110 668 1131 omnes
679 1099 860 1141 suffragium
883 1098 1004 1135 ineant,
1035 1098 1067 1128 in
1098 1098 1255 1138 praefectis
1283 1097 1424 1129 ordinum
1451 1099 1648 1131 solummodo

179 1154 233 1196 qui
247 1159 335 1185 scuta
348 1154 470 1185 ferunt:
491 1154 589 1196 [756]
606 1155 637 1185 in
653 1155 783 1185 tribunis
799 1153 931 1184 militum
944 1153 1067 1194 equites
1085 1162 1205 1184 omnes·
1224 1158 1257 1183 at
1268 1153 1345 1183 levis
1358 1158 1518 1184 armaturae
1531 1159 1584 1184 aut
1598 1164 1648 1184 sa-

179 1208 373 1250 gittariorum
389 1216 622 1250 ceterorumque
636 1208 813 1251 hujusmodi
828 1208 992 1249 praefectos
1004 1206 1175 1248 ipsi,duces
1195 1207 1353 1237 exercitus
1369 1207 1429 1238 sibi
1445 1209 1650 1240 constituant.

179 1267 276 1293 restat
289 1263 505 1304 magistrorum
521 1264 659 1305 equitum
675 1263 862 1305 designatio.
884 1263 940 1292 hos
968 1261 1063 1302 igitur
1077 1260 1126 1290 illi
1140 1261 1316 1297 nominent,
1326 1262 1380 1302 qui
1395 1262 1538 1293 ductores
1554 1264 1649 1294 etiarn

180 1317 334 1348 exercitus
359 1318 579 1348 nominarunt:
599 1317 841 1358 suffragiumque
858 1317 974 1346 feratur
990 1315 1144 1345 similiter.
1161 1314 1305 1345 similiter
1319 1326 1443 1357 quoque
1459 1318 1651 1358 comparatio

179 1372 429 1412 pronominando
458 1373 522 1402 fiat.
545 1372 648 1403 ferant
674 1382 749 1402 vero
777 1370 955 1411 suffragium
983 1368 1188 1410 praesentibus
1216 1369 1376 1410 peditibus
1406 1371 1538 1412 equites,
1555 1377 1649 1414 atque

182 1425 255 1464 duo,
280 1427 332 1468 qui
361 1426 470 1469 majori
500 1426 716 1468 suffragiorum
743 1435 873 1456 numero
903 1424 1021 1455 delecti
1053 1429 1136 1460 sunt,
1154 1424 1300 1455 omnibus
1326 1425 1455 1466 praesint
1484 1427 1653 1468 equitibus.

181 1481 490 1522 pronominationem
516 1486 623 1512 autem
648 1481 696 1511 bis
711 1481 778 1511 fieri
800 1480 905 1511 liceat.
928 1478 1034 1515 tertio,
1051 1478 1078 1509 si
1107 1478 1176 1519 quis
1192 1478 1327 1516 dubitet,
1344 1479 1390 1510 illi
1405 1481 1552 1523 suffragio
1564 1482 1653 1523 judi-

183 1539 270 1576 cent,
299 1536 352 1576 qui
381 1536 578 1567 comitiorum
607 1536 736 1567 modum
765 1536 799 1566 in
829 1533 967 1576 singulos
997 1538 1144 1564 statuere.
1179 1533 1344 1565 consilium
1374 1535 1502 1576 triginta
1532 1541 1654 1568 constet

185 1588 397 1622 duodenariis.
420 1600 494 1620 nam
524 1589 702 1621 distributio
729 1590 801 1621 huic
830 1600 887 1631 per
917 1588 1080 1630 sexaginta
1105 1592 1325 1630 trecentosque
1347 1589 1430 1620 viros
1444 1591 1601 1622 convenit.
1624 1596 1658 1623 et

184 1643 218 1674 in
233 1649 364 1685 quatuor
377 1649 480 1686 partes
495 1655 551 1686 per
577 1645 750 1686 nonaginta
774 1644 987 1677 distribuatur.
1003 1643 1050 1673 ita
1073 1647 1143 1673 uta
1168 1643 1312 1674 censibus
1335 1642 1466 1685 singulis
1487 1645 1655 1677 consiliarii

186 1699 358 1740 nonaginta
385 1698 534 1730 ferantur.
570 1704 602 1730 et
628 1700 762 1740 primum
790 1698 916 1741 quidem
947 1698 1125 1729 necessario
1156 1697 1258 1728 serant
1286 1708 1404 1734 omnes,
1436 1698 1491 1740 qui
1520 1700 1655 1731 maximo

186 1763 283 1785 censu
309 1757 407 1783 sunt:
446 1758 479 1784 et
507 1753 562 1795 qui
590 1754 668 1785 ferre
704 1753 925 1795 supersederit,
961 1764 1019 1795 pro
1058 1753 1183 1784 arbitrio
1215 1753 1452 1784 condemnetur.
1490 1759 1656 1795 postquam

185 1818 259 1838 vero
288 1807 386 1838 delati
419 1813 503 1845 sunt,
532 1809 776 1840 conscribantur.
811 1813 962 1849 sequente
997 1808 1048 1840 die
1079 1819 1098 1839 a
1127 1807 1266 1839 secundo
1297 1817 1393 1838 censu
1422 1808 1535 1839 eodem
1565 1813 1659 1850 pacto
1688 1837 1698 1846 ,

187 1861 344 1893 ferantur:
367 1862 459 1892 tertia
473 1871 493 1892 a
517 1862 608 1893 tertio
636 1863 727 1899 ferat,
748 1863 926 1905 quicunque
953 1862 1038 1894 velit.
1061 1861 1272 1893 necessarium
1300 1872 1374 1892 vero
1403 1862 1444 1892 sit
1465 1862 1550 1893 istud
1566 1864 1658 1895 trium

189 1927 337 1948 censuum
361 1915 456 1947 viris:
482 1921 608 1957 quartus
638 1922 742 1948 autem
768 1918 977 1958 minimusque
1007 1927 1119 1947 census
1148 1926 1166 1946 a
1193 1926 1286 1957 poena
1314 1916 1355 1946 sit
1376 1916 1465 1954 liber,
1480 1917 1505 1947 si
1521 1918 1590 1959 quis
1605 1929 1659 1949 eo-

190 1981 256 2001 rum
281 1970 360 2001 ferre
381 1970 528 2002 noluerit.
552 1976 662 2011 quarta.
690 1971 754 2007 die,
777 1981 816 2000 ex
846 1975 957 2010 quarto
982 1970 1172 2010 minimoque
1205 1980 1301 2001 censu
1328 1981 1437 2001 omnes
1464 1971 1576 2009 ferant,
1599 1974 1659 2004 hac

190 2025 384 2062 conditione,
408 2030 443 2056 ut
471 2025 496 2055 si
520 2025 588 2066 quis
610 2035 649 2055 ex
666 2025 758 2056 tertio
772 2025 821 2055 vel
839 2029 948 2066 quarto
965 2035 1062 2056 censu
1073 2034 1138 2055 non
1160 2023 1276 2059 tulerit,
1288 2024 1418 2055 minime
1434 2025 1610 2059 damnetur.
1634 2028 1660 2059 si

190 2088 263 2108 vero
290 2078 445 2119 quispiam
471 2078 564 2119 primi
587 2078 758 2110 secundive
784 2088 898 2109 census
923 2078 1003 2108 ferre
1016 2077 1201 2119 neglexerit,
1213 2078 1459 2109 condemnetur:
1485 2079 1528 2110 ita
1544 2085 1588 2117 ut,
1604 2081 1659 2122 qui

191 2132 322 2163 secundi
338 2142 450 2163 census
465 2137 523 2169 est,
537 2132 569 2162 in
586 2132 680 2174 triplo
695 2132 787 2174 primi
803 2132 911 2163 damni
923 2132 1150 2164 condemnetur
1164 2144 1173 2172 3
1197 2132 1250 2174 qui
1268 2142 1340 2163 vero
1355 2133 1447 2174 primi
1462 2139 1521 2170 est,
1537 2135 1570 2165 in
1582 2145 1659 2176 qua-

191 2186 314 2227 druplo.
339 2186 390 2217 die
414 2187 527 2228 quinta
549 2187 747 2228 magistratus
773 2187 815 2218 ad
838 2198 947 2219 omnes
971 2187 1055 2219 cives
1081 2187 1241 2229 descripta
1262 2187 1393 2218 efferant
1407 2189 1593 2219 nominum:
1619 2189 1659 2220 de

192 2240 305 2282 quibus
332 2251 438 2272 omnes
463 2242 572 2272 ferant.
603 2242 658 2283 qui
671 2242 820 2279 noluerit,
844 2242 944 2284 primo
960 2243 1076 2274 damno
1089 2241 1324 2273 condemnetur.
1340 2253 1446 2273 eorum
1462 2253 1547 2280 vero,
1559 2244 1611 2285 qui
1625 2255 1662 2275 cx

192 2294 335 2325 omnibus
362 2294 506 2325 censibus
530 2295 625 2326 electi
650 2295 775 2333 fuerint,
803 2295 979 2333 dimidium,
1005 2297 1064 2328 hoc
1090 2300 1139 2327 est
1162 2302 1286 2328 centum
1313 2297 1506 2338 octuaginta,
1520 2303 1602 2328 sorte
1618 2299 1659 2329 ad

194 2347 291 2378 annui
305 2353 433 2379 senatus
447 2349 591 2380 ordinem
602 2350 829 2391 comprobetur.
854 2351 901 2382 sic
923 2350 1031 2393 utique
1054 2350 1294 2392 magistratuum
1317 2350 1433 2382 creatio
1457 2351 1552 2388 facta,
1578 2352 1662 2383 inter

193 2400 286 2432 unius
307 2406 340 2432 et
361 2403 472 2444 populi
494 2407 680 2444 potestatem
703 2405 763 2445 erit
783 2405 911 2436 media:
936 2416 1067 2448 quarum
1097 2406 1235 2437 medium
1260 2410 1366 2436 tenere
1393 2416 1514 2447 semper
1535 2411 1660 2447 oportet

193 2455 429 2497 rempublicam.
454 2455 550 2498 [757]
575 2458 655 2488 servi
681 2459 766 2489 enim
778 2464 810 2490 et
824 2459 944 2491 domini
960 2461 1052 2492 amici
1067 2470 1227 2501 nunquam
1241 2464 1351 2490 erunt:
1376 2469 1434 2490 nec
1450 2460 1540 2500 probi
1554 2466 1586 2491 et
1601 2461 1662 2492 im-

193 2510 296 2552 probi,
322 2511 347 2541 si
375 2510 546 2552 aequalibus
571 2511 744 2542 afficiantur
769 2513 950 2546 honoribus.
983 2514 1190 2555 inaequalibus
1218 2514 1303 2544 enim
1338 2514 1472 2555 aequalia
1494 2515 1660 2557 inaequalia

193 2564 282 2600 fiunt,
298 2563 359 2595 nisi
375 2574 549 2595 mensuram
564 2565 733 2605 accipiant.
755 2576 829 2598 nam
845 2572 971 2609 propter
986 2568 1054 2599 haec
1068 2573 1198 2608 utraque
1213 2567 1418 2599 seditionibus
1432 2569 1592 2610 replentur
1613 2581 1660 2602 res

193 2619 341 2659 publicae.
366 2628 457 2649 verus
485 2619 570 2649 enim
597 2619 718 2660 priscus
744 2621 798 2653 ille
823 2631 936 2660 sermo,
961 2622 1000 2653 ab
1017 2622 1196 2663 aequalitate
1211 2621 1380 2653 amicitiam
1393 2623 1560 2664 procreari,
1573 2631 1657 2656 recte

196 2671 365 2703 admodum
391 2677 423 2703 et
448 2673 604 2704 concinne
628 2673 737 2705 fertur.
759 2675 907 2716 quoniam
934 2686 1006 2707 vero
1036 2686 1098 2706 non
1121 2675 1196 2706 satis
1222 2681 1361 2717 apertum
1386 2682 1445 2714 est,
1461 2687 1604 2718 quaenam
1620 2678 1660 2708 sit

195 2726 368 2767 aequalitas‚
384 2737 446 2768 qua
462 2727 494 2758 id
511 2727 655 2765 efficitur,
670 2727 782 2760 iccirco
799 2739 856 2760 nos
871 2730 961 2761 valde
978 2730 1147 2762 turbamur.
1171 2730 1241 2760 duae
1264 2730 1382 2772 quippe
1406 2737 1479 2761 sunt
1500 2732 1662 2773 aequalita-

194 2786 252 2816 ωε,
269 2781 378 2813 eodem
391 2783 517 2824 quidem
535 2784 661 2815 nomine
677 2785 852 2826 appellatae,
866 2786 924 2818 sed
938 2787 1053 2818 effectu
1068 2787 1100 2817 in
1115 2787 1220 2818 multis
1236 2798 1325 2829 paene
1341 2788 1514 2819 contrariae.
1537 2792 1569 2817 et
1578 2786 1657 2818 alte-

195 2844 260 2864 ram
275 2836 375 2867 omnis
388 2837 499 2869 civitas
514 2838 681 2880 legumque
697 2839 778 2870 lator
793 2846 874 2871 sorte
890 2840 1086 2883 disponendo
1102 2846 1203 2883 potest
1231 2841 1265 2873 in
1292 2842 1513 2873 distribuendis
1536 2842 1660 2872 honori-

195 2887 252 2919 bus
268 2888 425 2930 adhibere,
440 2903 508 2924 eam
524 2893 607 2932 dico,
620 2904 690 2936 quae
705 2905 845 2933 numere,
860 2897 1001 2939 pondere
1017 2901 1049 2929 et
1063 2906 1206 2930 mensura
1217 2901 1265 2929 est
1282 2896 1411 2939 oequalis
1426 2907 1432 2926 :
1457 2894 1513 2927 sed
1536 2895 1660 2927 verissi-
