1840 3225
207 240 285 278 494
719 234 981 277 EPISTOLA
1017 237 1128 278 VIII.
1576 242 1673 292 1352

209 341 258 378 fit,
271 340 297 371 si
312 340 384 382 quis
398 340 438 370 ad
452 339 486 370 id
501 339 664 371 dumtaxat
676 341 849 377 incumbat,
862 346 897 372 ut
913 341 1032 372 divitiis
1055 352 1088 373 se
1104 341 1294 383 amicosque.
1311 347 1354 379 et,
1375 348 1414 373 ut
1428 343 1518 380 libet,
1534 343 1675 374 aerarinm

208 395 337 435 expleat
349 404 405 435 per
417 394 548 425 insidias
564 394 803 436 crudeliumque
815 395 1051 436 conjurationes
1064 407 1073 435 3
1087 397 1155 437 ipse
1167 406 1180 436 f
1190 406 1286 437 auper
1296 396 1458 433 videlicet,
1473 397 1630 438 impotens
1639 405 1673 427 se

209 448 383 484 continere,
393 447 450 478 sed
461 458 525 489 prae
537 448 633 478 animi
644 449 789 489 angustia
798 449 1013 490 voluptatibus
1026 451 1233 481 succumbens
1245 462 1251 479 :
1270 455 1423 491 prae'oerea
1435 451 1604 491 opulentos
1615 450 1671 481 ho·

208 502 322 537 mines,
335 506 481 543 tanquam
496 502 639 534 inimicos
652 503 837 539 decernens,
851 503 998 539 trucidet,
1015 505 1178 545 rapiatque
1194 505 1362 545 pecunias:
1380 511 1473 545 atque
1488 504 1608 535 interea
1621 514 1672 535 so·

209 555 266 586 ciis
281 555 547 597 familiaribusque
562 556 678 592 edicat,
691 557 752 587 sibi
767 557 894 598 quidem
913 558 946 588 in
963 558 1022 593 his,
1038 569 1110 588 cum
1134 560 1175 588 sit
1189 568 1319 600 egenus,
1335 558 1585 589 succensendum
1607 568 1672 589 non

209 619 291 640 esse.
306 611 417 640 eodem
437 611 543 647 modo,
560 611 585 641 si
601 611 672 652 quis
686 611 831 642 similiter
845 611 1005 642 civitatem
1020 622 1108 642 suam
1121 612 1280 643 beneficiis
1301 612 1439 643 afficiens
1452 613 1619 643 honoretur
1632 611 1673 642 ab

208 663 288 704 ipsa,
299 664 376 694 dum
390 665 497 695 multis
511 674 561 696 res
579 675 751 706 paucorum
764 665 881 696 civium
893 675 948 707 per
963 676 1019 696 sua
1029 666 1155 696 decreta
1170 666 1326 697 distribuit
1340 677 1347 695 :
1362 667 1414 697 vel
1431 666 1454 696 si
1465 666 1536 707 quis
1548 675 1671 707 magne

208 717 383 758 praesidens
398 719 528 755 civitati,
547 719 684 759 pluribus
700 719 933 761 minoribusque
957 720 1133 750 civitatibus
1151 720 1331 760 imperanti,
1348 719 1497 760 pecunias
1517 719 1669 750 minorum

207 772 369 804 civitatum
388 761 505 814 in'juste
520 774 669 803 attribuat
682 783 758 804 suae.
780 775 838 804 hoc
855 774 938 804 enim
955 780 1047 815 pacto
1060 785 1163 815 neque
1190 774 1275 804 Dion
1295 783 1400 814 neque
1425 773 1504 804 alius
1531 782 1670 814 unquam

208 833 322 868 sponte
346 837 400 857 sua
416 826 457 857 ad
470 827 646 868 potentiam
658 829 868 868 progreditur,
879 829 1088 868 perniciosam
1104 833 1136 858 et
1144 828 1206 858 sibi
1221 834 1253 858 et
1267 828 1401 868 posteris
1413 832 1568 868 perpetuo
1583 826 1668 857 futu-

206 891 286 913 ram.
298 883 437 922 prudens
452 891 525 911 vero
538 882 576 911 ad
594 881 848 912 constituendam
863 882 987 912 accedit
1000 882 1238 923 rempublicam,
1251 882 1399 922 legesque
1411 880 1669 922 condendasjus·

207 937 344 968 tissimas
364 941 458 976 atque
483 935 640 976 optimas:
665 942 697 966 et
711 935 744 965 id
760 935 889 976 quidem
909 935 1025 976 absque
1038 935 1175 966 caedibus
1190 934 1489 975 expulsionibusque
1510 935 1670 966 civilibus.

205 1001 276 1034 quae
297 990 392 1021 modo
408 1000 477 1020 curn
494 996 600 1030 ageret
616 989 712 1026 Dion,
730 990 924 1020 constituens
939 990 1007 1030 pati
1020 990 1151 1031 profana
1180 990 1285 1030 potius
1300 999 1395 1030 quam
1416 989 1531 1025 tacere,
1554 999 1670 1020 cavens

205 1054 332 1088 quoque
346 1054 388 1074 ne
401 1044 467 1084 ipse
483 1048 651 1084 pateretur,
666 1043 781 1073 cecidit
792 1048 910 1078 tamen,
927 1053 998 1073 cum
1010 1042 1077 1084 jam
1089 1043 1129 1074 ad
1144 1053 1300 1074 summum
1323 1043 1573 1084 superandorum
1595 1044 1668 1074 hos-

205 1101 284 1131 tium
296 1098 502 1140 pervenisset.
518 1106 622 1137 neque
639 1097 749 1127 mirum
763 1097 869 1134 alicui,
883 1096 968 1138 quod
979 1096 1095 1127 accidit
1111 1097 1222 1134 Dioni,
1236 1097 1335 1127 videri
1349 1097 1456 1128 debet.
1479 1096 1567 1138 pium
1583 1098 1669 1128 enim

203 1154 304 1184 virum
329 1157 603 1192 temperatumque
615 1155 648 1180 et
664 1151 851 1192 prudentem
866 1151 994 1181 omnino
1011 1150 1140 1191 quidem
1153 1151 1185 1180 in
1200 1150 1296 1182 rebus
1311 1150 1468 1191 ejusmodi
1483 1149 1573 1191 impii
1587 1161 1669 1181 nun·

204 1217 296 1250 quarn
319 1206 444 1236 fallunt.
467 1204 523 1235 sed
537 1214 643 1245 neque
669 1204 846 1235 mirandum
872 1210 933 1241 est,
958 1204 985 1235 si
1011 1204 1094 1235 idem
1124 1204 1194 1244 ipsi,
1221 1203 1306 1245 quod
1329 1204 1426 1245 probo
1454 1203 1668 1244 gubernatori,

205 1264 310 1293 forsan
335 1259 503 1291 acciderit:
529 1268 624 1298 quem
647 1258 755 1288 futura
777 1263 949 1299 tempestas
973 1259 1054 1288 haud
1081 1257 1253 1288 admodum
1278 1259 1368 1294 latet,
1397 1257 1453 1288 sed
1482 1259 1607 1289 insueta
1634 1264 1669 1290 et

203 1316 319 1347 iccirco
329 1312 501 1354 improvisa
515 1316 742 1351 tempestatum
757 1312 943 1352 magnitudo
960 1312 1056 1342 latere
1073 1316 1174 1353 potest
1189 1322 1225 1342 ac
1249 1313 1278 1342 vi
1302 1311 1432 1342 latendo
1455 1311 1666 1354 submergere.

203 1371 263 1400 hoc
278 1368 385 1409 utique
402 1366 498 1396 modo'
509 1365 648 1395 Dionem
662 1373 727 1395 sors
742 1365 940 1406 aliquantum
951 1365 1106 1396 fefellisse
1120 1364 1256 1396 videtur.
1270 1365 1356 1406 quod
1367 1365 1452 1396 enim
1463 1366 1536 1416 mali
1549 1373 1666 1403 essent,

204 1432 276 1454 eum
293 1430 357 1452 non
373 1420 492 1451 latebat
505 1430 511 1448 :
537 1419 688 1460 quamvis,
706 1429 798 1459 quam
812 1419 969 1459 profunda
984 1425 1067 1450 esset
1078 1419 1112 1449 in
1127 1419 1174 1450 eis
1189 1420 1314 1450 inscitia
1329 1424 1362 1450 et
1376 1420 1528 1460 iniquitas
1543 1421 1666 1452 voraci-

202 1474 477 1517 tasque‚latuerit.
499 1483 562 1514 qua
574 1472 705 1513 quidem
728 1473 760 1503 in
784 1483 818 1503 re
841 1473 995 1514 deceptus
1014 1473 1173 1509 occubuit,
1198 1473 1339 1504 Siciliam
1361 1474 1541 1504 incredibili
1565 1474 1666 1506 dolori

199 1529 384 1571 subjiciens·
409 1527 505 1568 [352]
530 1536 600 1567 quae
614 1525 710 1566 igitur
724 1531 795 1566 post
811 1527 889 1561 iiaec,
907 1536 977 1566 quae
989 1531 1114 1556 narrata
1134 1531 1218 1562 sunt,
1241 1527 1329 1558 vobis
1352 1527 1492 1563 consulo,
1511 1529 1666 1559 hactenus

202 1583 334 1626 quidem
347 1581 433 1612 dicta
449 1581 523 1610 sint.
545 1580 656 1620 quibus
671 1586 773 1610 autem
791 1580 830 1610 de
844 1580 947 1611 causis
961 1580 1026 1621 ipse
1041 1581 1073 1610 in
1094 1581 1234 1611 Siciliam
1250 1581 1340 1621 quasi
1357 1581 1540 1622 compulsus
1561 1581 1664 1613 redie-

201 1639 269 1674 rim,
286 1635 452 1668 ostendere
468 1634 635 1665 arbitratus
659 1645 728 1665 sum
752 1639 907 1675 oportere,
930 1644 972 1664 ne
993 1634 1044 1664 cui
1067 1635 1202 1664 reversio
1232 1644 1301 1665 mea
1323 1635 1461 1665 absurda
1486 1645 1524 1666 ac
1549 1641 1665 1677 praeter

200 1691 353 1722 rationem
367 1694 512 1730 suscepta
526 1689 695 1719 videretur.
718 1689 933 1730 quamobrem,
951 1687 976 1718 si
992 1688 1055 1724 cui,
1068 1699 1137 1729 qua:
1156 1698 1240 1719 nunc
1262 1688 1338 1724 dixi,
1365 1689 1576 1730 probabiliora
1596 1691 1664 1722 visa

200 1752 286 1781 sunt,
313 1755 349 1775 ac
371 1743 559 1774 sufficientes
574 1741 732 1773 exstitisse
756 1742 952 1779 occasiones,
968 1752 1023 1773 cur
1042 1742 1089 1773 ita
1113 1742 1214 1779 fieret,
1242 1743 1418 1779 videantur,
1442 1743 1519 1774 satis
1533 1744 1664 1785 quidem

199 1799 451 1839 sufficienterque
460 1796 527 1838 jam
542 1796 639 1827 fuisse
653 1796 772 1828 dictum
786 1796 980 1839 putabimus-

852 1954 1004 2003 VIII.

470 2077 618 2109 PLATO
644 2076 803 2109 DIONIS
826 2078 1109 2117 PROPINQUIS
1134 2080 1188 2111 ET
1211 2081 1383 2114 AMICIS.

198 2169 276 2206 Qua
300 2167 494 2209 potissimum
510 2167 637 2197 vivendi
652 2169 774 2199 ratione
788 2178 935 2210 prospere
953 2169 1127 2200 succedant
1141 2181 1201 2206 res,
1217 2181 1324 2202 revera
1338 2173 1475 2203 conabor
1487 2173 1576 2205 vobis
1601 2181 1658 2215 pro

195 2221 312 2252 viribus
323 2230 480 2252 enarrare.
502 2231 594 2261 spero
609 2228 715 2251 autem
730 2231 793 2252 non
807 2222 895 2251 vobis
909 2223 1021 2257 solum,
1038 2234 1108 2263 qnae
1125 2224 1155 2253 in
1177 2234 1210 2254 re
1228 2231 1330 2255 vestra
1344 2227 1419 2262 sint,
1430 2237 1481 2258 me
1494 2228 1658 2258 consultu-

194 2283 274 2311 rum,
287 2274 342 2305 sed
355 2275 442 2305 vobis
455 2274 583 2316 quidem
599 2275 731 2305 maxime
747 2286 754 2305 :
779 2276 920 2306 secundo
934 2285 1008 2305 vero
1025 2277 1094 2306 loco
1108 2278 1265 2314 omnibus,
1291 2280 1345 2319 qui
1372 2286 1449 2310 sunt
1473 2281 1657 2323 Syracusis:

193 2329 287 2359 tertio
302 2329 435 2359 inimicis
447 2329 543 2359 etiam
557 2329 666 2359 vestris
679 2336 711 2359 et
725 2329 878 2365 hostibus,
902 2335 1110 2370 praeterquam
1126 2331 1151 2361 si
1166 2332 1235 2372 quis
1251 2332 1373 2363 illorum
1390 2334 1486 2375 impio
1501 2342 1537 2365 se
1550 2335 1654 2376 ipsum

194 2383 314 2413 scelere
329 2382 451 2423 polluit.
475 2383 542 2413 baec
557 2383 643 2413 enim
658 2383 847 2413 insanabilia
871 2389 955 2419 sunt,
979 2394 1081 2424 neque
1098 2386 1224 2425 expiare
1251 2397 1387 2428 unquam
1402 2389 1469 2419 haec
1488 2390 1654 2431 quisquam

193 2441 313 2476 posset.
336 2436 533 2466 considerate
548 2445 631 2471 vero,
647 2436 731 2477 quod
743 2437 776 2467 in
792 2437 959 2477 praesentia
973 2436 1088 2467 dicam.
1109 2448 1202 2469 omne
1222 2439 1288 2481 jam
1315 2446 1447 2471 vestrum
1471 2442 1552 2474 circa
1575 2442 1656 2474 Sici-

193 2489 269 2520 liam
292 2500 429 2526 omnem,
447 2489 598 2520 dissoluta
620 2491 800 2532 tyrannide,
814 2491 978 2521 consilium
990 2496 1084 2532 atque
1102 2493 1238 2523 studium
1253 2493 1286 2524 in
1304 2495 1352 2524 his
1365 2500 1515 2526 versatur.
1536 2502 1655 2538 nempe

193 2543 247 2573 alii
275 2543 401 2584 quidem
433 2544 583 2574 affectant
612 2545 808 2586 tyrannidem
838 2545 953 2575 iterum
984 2546 1146 2582 suscitare,
1177 2547 1232 2577 alii
1264 2548 1440 2589 tyrannidis
1470 2550 1652 2581 memorium

192 2606 317 2627 omnem
334 2606 459 2638 prorsus
474 2598 683 2638 exstinguere.
695 2598 863 2629 consilium
876 2609 950 2629 vero
963 2599 993 2628 in
1010 2599 1188 2641 hujusmodi
1199 2601 1295 2631 rebus
1309 2602 1390 2642 apud
1401 2602 1517 2633 multos
1527 2608 1652 2634 rectum

192 2650 310 2691 ubique
325 2651 425 2681 videri
441 2652 530 2687 solet,
545 2651 569 2681 si
591 2651 634 2681 ita
657 2662 703 2682 res
731 2652 972 2688 constituantur,
999 2659 1034 2683 ut
1059 2653 1164 2684 hostes
1189 2663 1282 2695 quam
1310 2655 1454 2686 maximis
1476 2655 1652 2688 afficiantur

193 2704 295 2740 malis,
310 2704 419 2735 amicis
433 2710 539 2735 autem
552 2705 697 2736 beneficii
713 2706 882 2747 plurimum
896 2706 1054 2738 afferatur.
1077 2712 1110 2738 at
1123 2717 1199 2738 vero
1214 2716 1413 2750 nequaquam
1425 2708 1459 2739 id
1472 2709 1566 2740 facile
1588 2715 1652 2746 est,

192 2763 240 2797 ut,
255 2758 310 2799 qui
321 2758 421 2788 multa
433 2759 503 2788 aliis
513 2759 653 2789 inferunt
663 2759 789 2795 damna,
802 2760 861 2802 ipsi
873 2770 936 2791 non
946 2761 1046 2791 multa
1060 2761 1198 2792 vicissim
1212 2762 1252 2792 ab
1263 2762 1333 2792 aliis
1348 2762 1518 2804 patiantur.
1541 2773 1648 2805 neque

192 2820 275 2843 nunc
289 2821 368 2853 opus
381 2817 431 2842 est
445 2813 555 2842 horum
568 2814 714 2855 exempla
729 2814 819 2855 longe
836 2815 1016 2856 perquirere
1033 2826 1039 2844 :
1064 2816 1182 2857 quippe
1198 2825 1270 2847 cum
1283 2826 1352 2857 quae
1367 2823 1470 2857 nuper
1491 2817 1524 2847 in
1540 2817 1649 2849 Siciiia

192 2866 387 2902 acciderunt,
414 2866 489 2896 satis
515 2867 659 2908 exemplo
674 2868 764 2898 nobis
776 2878 844 2899 esse
866 2869 997 2909 possint.
1021 2877 1134 2900 cuneta
1149 2869 1234 2900 enim
1246 2871 1292 2900 sic
1309 2869 1461 2901 accidisse
1485 2870 1646 2906 videntur,

193 2921 267 2950 dum
284 2919 336 2951 alii
352 2919 478 2959 quidem
493 2920 606 2952 inferre
623 2922 716 2957 maia,
732 2922 785 2952 alii
797 2930 870 2953 vero
885 2923 1036 2964 repellere
1052 2929 1084 2955 et
1099 2923 1207 2955 ulcisci
1222 2923 1461 2956 contenderent.
1483 2924 1648 2967 inquibus
