1840 3225
175 177 285 228 923]
624 178 696 215 DE
739 175 969 214 LEGIBUS
1017 177 1115 216 LlB.
1150 178 1218 216 XI.
1561 178 1638 215 427

168 272 325 312 neminem
342 282 508 313 mendacio
526 282 673 322 decipere
691 271 819 312 debent.
844 271 941 321 [921]
965 280 990 310 si
1017 288 1118 311 autem
1145 281 1297 311 artificum
1315 280 1428 320 aliquis
1445 279 1476 309 in
1494 284 1633 319 tempore

168 341 287 366 statuto
301 347 381 377 opus
394 347 449 378 per
464 336 615 367 malitiam
632 346 695 366 non
713 334 891 369 absolverit,
907 344 943 364 ac
968 334 1070 364 Deum
1088 335 1158 365 vitaz
1175 335 1317 365 datorem
1343 334 1486 365 caecitate
1503 332 1637 374 quadam

169 391 267 420 animi
281 390 444 432 ignoscere
459 391 532 431 sibi,
547 397 695 430 tanquam
712 388 919 420 domesticum
934 398 1024 418 suum
1035 389 1184 429 aliquem,
1202 389 1377 424 arbitratus,
1392 388 1492 428 ipsum
1510 387 1637 417 minime

169 449 315 475 vereatur
333 457 338 474 :
363 437 496 486 primum
511 445 584 475 Deo
596 444 656 484 ipsi
671 454 780 484 poenas
795 443 883 473 dabit
899 454 904 471 :
931 442 1045 473 deinde
1061 444 1119 473 hac
1137 443 1205 483 lege
1220 453 1290 472 reus
1306 443 1408 473 factus
1424 442 1534 482 operis,
1551 442 1636 481 qnod

167 498 200 528 in
223 490 365 539 ternpore
391 495 453 529 non
477 498 565 533 fecit,
593 499 769 528 mercedem
797 497 968 538 persolvat,
992 507 1027 527 ac
1053 497 1091 527 ab
1118 497 1208 526 initio
1230 507 1333 526 rursus
1356 497 1389 526 in
1404 495 1519 526 eodem
1534 495 1637 536 spatio

168 553 318 594 temporis
342 563 420 593 opus
448 552 541 593 gratis
570 552 698 582 efficiat.
722 551 780 581 sed
804 550 891 592 quod
911 551 1065 581 venditori
1093 550 1133 580 de
1156 560 1256 581 rerum
1281 551 1441 580 venalium
1458 550 1560 591 pretio
1586 551 1636 579 lex

168 607 335 642 consuluit,
351 606 385 636 id
397 607 501 647 ipsum
514 606 618 647 opifici
633 616 758 647 quoque
773 605 916 636 consulit.
941 610 1051 635 caveat
1065 614 1150 646 ergo,
1164 615 1205 634 ne
1220 603 1322 646 pluris
1333 613 1426 645 quam
1440 614 1563 643 aequum
1577 611 1636 639 est,

167 660 236 701 ipse
253 670 344 690 suum
359 660 490 690 liceatur
504 670 604 700 opus;
628 661 681 690 sed
699 670 795 700 quam
807 659 1052 700 simpiicissime,
1075 664 1108 689 et
1131 664 1166 688 ut
1193 658 1324 699 dignum
1346 664 1406 693 est,
1423 657 1552 688 licitatio
1571 657 1636 690 fiat.

166 724 231 745 non
256 714 339 745 enim
364 714 486 755 ignorat
512 713 629 755 opifex,
651 724 712 754 quo
739 713 840 754 pretio
868 713 999 754 dignum
1021 724 1099 754 opus
1123 723 1213 743 suum
1229 713 1280 743 sit.
1301 723 1361 743 nec
1376 712 1472 743 debet
1487 712 1520 742 in
1536 712 1636 742 libera

165 768 294 799 civitate
319 769 430 799 artifex
459 774 524 799 arte
551 768 631 809 ipsa,
659 778 730 808 quae
756 772 865 808 aperta
892 778 939 798 res
953 773 1001 798 est
1016 773 1050 797 et
1066 777 1085 797 a
1101 767 1266 798 mendacio
1283 768 1377 807 longe
1392 770 1522 801 remota,
1538 764 1635 796 rudes

165 821 324 863 decipere.
347 822 379 852 in
395 822 444 852 his
460 822 555 862 igitur
568 821 714 863 injuriam
730 822 865 862 patienti
889 821 1038 852 adversus
1052 822 1222 852 facientem
1239 820 1397 862 judicium
1421 819 1580 850 reddatur.
1609 819 1635 848 si

165 875 237 917 quis
253 876 358 917 opifici
376 875 550 906 mercedem
565 876 740 906 secundum
755 881 849 916 pacta
872 886 934 906 non
961 875 1094 911 dederit,
1121 875 1178 906 sed
1201 876 1315 907 Jovem
1339 875 1475 906 civitatis
1501 878 1635 904 tutorem

165 929 407 971 Minervamque
420 929 513 971 hujus
533 931 577 960 rei
594 930 778 971 participem
793 930 979 971 neglexerit,
995 936 1028 960 et
1043 940 1139 971 parvo
1153 931 1240 961 lucro
1257 937 1356 960 motus
1373 938 1516 969 magnam
1533 928 1635 958 homi-

165 976 242 1014 num
253 983 434 1014 societatem
450 994 506 1024 pro
524 984 606 1014 virili
621 990 709 1025 parte
725 984 906 1014 dissolverit
920 996 926 1013 ε
952 984 1015 1021 lex,
1029 994 1092 1014 una
1107 995 1181 1015 cum
1196 984 1334 1014 Deorum
1353 984 1479 1018 auxilio,
1500 982 1637 1013 civitatis

164 1037 274 1068 unioni
301 1039 524 1079 patrocinetur.
549 1039 602 1079 qui
626 1037 728 1078 operis
751 1039 875 1079 accepti
902 1039 1079 1068 mercedem
1107 1043 1258 1078 tempore,
1283 1048 1346 1078 quo
1368 1043 1478 1078 pactus
1494 1042 1552 1072 est,
1570 1046 1635 1066 non

165 1091 326 1128 obtulerit,
338 1092 471 1134 duplum
484 1092 596 1122 reddat
608 1103 617 1130 3
641 1102 677 1123 ac
694 1092 718 1122 si
730 1102 832 1123 annus
848 1092 1045 1133 praeterierit,
1060 1093 1203 1133 quamvis
1216 1092 1361 1133 pecuniae
1374 1096 1513 1131 acceptae
1523 1096 1634 1121 mutuo

163 1147 232 1176 sine
246 1155 338 1176 usura
351 1145 443 1177 reddi
461 1145 609 1182 debeant,
629 1147 680 1176 hie
692 1151 798 1177 tamen
814 1156 871 1187 pro
887 1146 1020 1187 singulis
1036 1146 1191 1177 drachmis
1206 1146 1343 1187 singulas
1359 1150 1462 1176 sextas
1478 1144 1634 1175 drachmae

163 1204 271 1241 partes
296 1201 454 1232 mensibus
479 1201 609 1242 singulis
634 1201 720 1231 dato.
743 1201 854 1231 harum
881 1211 982 1231 rerum
998 1211 1107 1232 causas
1123 1201 1258 1231 tribuum
1281 1200 1406 1240 judiees
1433 1205 1636 1240 cognoscant.

164 1264 273 1285 verum
286 1255 435 1296 quoniam
448 1255 488 1285 de
503 1255 668 1296 opificibus
679 1255 873 1286 mentionem
886 1255 1030 1291 fecimus,
1045 1261 1077 1286 et
1092 1256 1296 1296 imperatores
1308 1255 1469 1295 celerique
1483 1254 1633 1284 bellorum

163 1308 301 1340 artifices
315 1309 410 1339 modo
426 1310 563 1350 quodam
578 1309 707 1350 opifices
723 1315 804 1345 sunt,
817 1319 881 1340 non
896 1310 1032 1340 alienum
1048 1315 1107 1345 est,
1119 1314 1153 1339 ut
1170 1308 1209 1339 de
1226 1309 1274 1339 his
1289 1319 1416 1350 quoque
1433 1308 1585 1338 dicamus.
1608 1309 1635 1338 si

157 1368 238 1404 ‘ergo
265 1358 421 1404 quispiam
447 1365 554 1394 horum
581 1374 661 1404 opus
687 1364 815 1404 aliquod
841 1363 1007 1406 publicum
1031 1364 1096 1394 sive
1112 1368 1224 1404 sponte
1242 1373 1297 1393 seu
1315 1363 1424 1404 jussus
1448 1362 1634 1403 susceperit,

159 1422 323 1458 recteque,
341 1417 426 1458 quod
442 1418 547 1459 coepit,
565 1418 746 1453 absolverit,
759 1418 846 1458 juste
862 1418 920 1448 sibi
937 1419 989 1448 lex
1003 1419 1152 1454 honores,
1175 1417 1229 1458 qui
1244 1417 1400 1448 bellicosis
1417 1417 1488 1446 viris
1505 1417 1633 1458 praeniia

160 1476 246 1506 sunt,
260 1471 305 1502 ita
318 1472 442 1508 reddet,
458 1480 493 1502 ut
504 1471 630 1501 laudare
646 1482 807 1512 nunquam
823 1472 957 1502 desinat.
980 1473 1029 1502 sin
1054 1480 1160 1502 autem
1183 1471 1225 1507 ei,
1242 1471 1294 1512 qui
1309 1482 1375 1501 rem
1389 1471 1534 1501 bellicam
1551 1471 1633 1500 bene

163 1525 308 1566 gesserit,
334 1526 413 1556 nihil
440 1524 593 1562 redditur,
615 1525 703 1567 juste
729 1531 956 1566 conqueretur.
978 1526 1085 1567 itaque
1110 1526 1160 1556 lex
1177 1526 1322 1566 quaedam
1338 1525 1377 1555 de
1394 1526 1525 1555 hiscum
1540 1524 1634 1555 laude

160 1579 270 1616 mixta,
294 1590 364 1620 quae
390 1590 454 1610 non
479 1584 571 1620 cogat
600 1579 740 1620 quidem,
765 1580 820 1609 sed
848 1581 993 1610 consulat
1010 1580 1202 1610 multitudini
1218 1579 1344 1615 civium,
1360 1584 1505 1620 ponatur.
1532 1579 1629 1621 [9⁶22]

161 1633 352 1664 honorentur
362 1633 438 1664 boui
452 1633 521 1669 viri,
538 1633 591 1674 qui
609 1638 663 1663 aut
676 1633 859 1664 fortitudine
874 1638 929 1664 aut
948 1634 1063 1664 bellica
1075 1634 1212 1674 quadam
1228 1632 1342 1674 peritia
1357 1633 1517 1663 civitatem
1533 1640 1632 1664 totam

159 1688 370 1718 servaverint:
396 1694 428 1718 et
445 1688 569 1718 maximi
585 1688 720 1718 honores
735 1688 798 1717 illis
813 1687 915 1728 primo
928 1688 1147 1728 attribuantur,
1169 1688 1223 1729 qui
1236 1687 1388 1718 bonorum
1404 1688 1505 1728 legum
1522 1689 1632 1718 condi-

159 1747 259 1773 torum
275 1743 360 1783 leges
375 1743 533 1783 praecipue
550 1742 726 1772 coluerunt.
747 1741 814 1783 jam
829 1741 924 1782 igitur
940 1741 979 1772 de
993 1742 1105 1783 pactis,
1122 1752 1193 1783 quae
1216 1742 1354 1772 maxima
1377 1742 1520 1772 homines
1546 1742 1631 1773 inter

159 1807 192 1827 se
210 1801 355 1833 tractant,
371 1802 578 1838 praeterquam
592 1796 631 1827 de
644 1796 727 1826 orbis
743 1801 837 1837 atque
853 1796 1019 1833 tutoribus,
1047 1797 1111 1827 fere
1130 1796 1199 1837 jam
1226 1797 1344 1828 dictum
1363 1802 1413 1827 est
1427 1808 1434 1825 ι
1459 1796 1499 1827 de
1516 1797 1631 1837 quibus

160 1860 244 1881 nunc
259 1851 434 1882 necessario
449 1855 497 1881 est
511 1850 692 1882 dicendum.
716 1851 826 1881 horum
852 1851 990 1881 omnium
1010 1851 1133 1881 initium
1157 1856 1216 1886 est,
1233 1856 1296 1880 tum
1314 1861 1431 1887 eorum,
1449 1851 1500 1891 qui
1517 1852 1631 1882 mortui

160 1909 243 1941 sunt,
261 1909 295 1935 ut
316 1905 416 1941 libuit,
431 1905 569 1935 testandi
593 1905 761 1946 cupiditas,
775 1910 844 1935 tum
859 1915 979 1942 eorum,
996 1905 1048 1946 qui
1063 1905 1142 1936 nihil
1161 1905 1269 1935 testati
1285 1910 1366 1940 sunt,
1384 1905 1517 1936 fortuna.
1541 1906 1580 1936 ob
1596 1905 1632 1936 id

161 1963 268 1988 autem
283 1959 460 1989 necessario
475 1958 657 1995 dicendum,
674 1970 692 1989 0
708 1959 825 1995 Clinia,
839 1958 915 1995 dixi,
929 1959 1077 2000 quoniam
1094 1959 1184 2001 hujus
1199 1959 1243 1989 rei
1259 1958 1475 1989 difficultatem
1485 1961 1631 1990 conside·

160 2012 268 2042 rabam
282 2023 289 2041 z
314 2023 374 2043 nec
401 2013 486 2043 enim
512 2013 664 2054 possibile
689 2018 739 2044 est
764 2014 884 2055 absque
910 2013 1019 2043 ordine
1043 2012 1077 2043 id
1104 2013 1290 2054 relinquere.
1315 2023 1388 2043 nam
1405 2014 1502 2044 multa
1516 2014 1632 2054 singuli

160 2066 358 2108 diversaque,
374 2072 407 2097 et
417 2066 499 2097 inter
510 2077 556 2103 se,
572 2077 609 2098 ac
620 2067 744 2109 legibus
757 2073 790 2098 et
804 2067 978 2098 viventium
1003 2067 1136 2098 moribus
1151 2067 1381 2110 majoribusque
1396 2068 1458 2098 suis
1475 2069 1631 2099 contraria

158 2130 291 2162 propere
307 2122 517 2157 testabuntur,
532 2122 559 2152 si
576 2122 645 2163 quis
661 2126 787 2158 statuet,
803 2121 1014 2163 quodcunque
1028 2126 1251 2152 testamentum
1260 2122 1293 2152 in
1306 2122 1368 2152 fine
1380 2122 1454 2152 vitae
1467 2122 1629 2153 conditum

157 2174 261 2212 fuerit,
286 2175 319 2206 id
343 2175 471 2206 omnino
486 2176 551 2206 fore
568 2176 763 2206 inviolatum.
785 2177 882 2207 stulta
895 2176 980 2206 enim
992 2181 1025 2206 et
1040 2175 1164 2217 abjecta
1183 2175 1319 2218 quadam
1333 2177 1514 2206 morositate
1529 2176 1627 2206 ferme

158 2239 268 2260 omnes
284 2236 478 2271 premuntur,
493 2230 620 2271 quando
634 2231 798 2261 morituros
824 2241 857 2261 se
877 2230 944 2272 jam
968 2230 1169 2260 arbitrantur.
1217 2230 1292 2262 Cu.
1319 2230 1484 2267 Quomode
1512 2230 1545 2260 id
1571 2230 1630 2267 ais,

160 2283 300 2324 hospes?
348 2283 486 2315 Aruns.
510 2284 659 2315 Difficilis
674 2285 816 2326 quaedam
835 2296 882 2315 res
895 2290 954 2320 est,
970 2296 988 2314 0
1003 2284 1118 2320 Clinia,
1136 2284 1302 2325 homojam
1315 2284 1494 2314 moriturus.
1519 2285 1629 2325 hisque

161 2337 265 2367 verbis
281 2337 532 2378 frequentissime
550 2338 659 2375 utitur,
681 2350 749 2380 quae
767 2339 988 2380 legumlatores
1010 2345 1125 2369 terrent
1140 2344 1234 2379 atque
1251 2339 1394 2379 fatigant.
1440 2339 1516 2371 Cri.
1541 2339 1631 2375 Quo-

162 2390 257 2422 modo
274 2391 358 2421 istud
372 2392 381 2420 ?
429 2392 566 2422 AruEN.
592 2392 715 2434 Nempe
733 2404 804 2424 cum
819 2394 896 2424 velit
910 2403 1034 2424 suorum
1046 2394 1181 2423 omnium
1198 2403 1267 2423 osse
1285 2392 1438 2428 dominus,
1453 2393 1519 2423 haec
1535 2393 1632 2430 solet,

162 2450 194 2476 et
209 2445 339 2486 quidem
355 2455 425 2476 curn
440 2446 496 2482 ira,
513 2445 630 2477 dicere.
675 2447 752 2478 Cri.
777 2448 930 2484 Quaenam
946 2448 956 2477 ?
1002 2447 1140 2477 Arnas.
1165 2447 1282 2483 Grave,
1293 2447 1406 2488 inquit,
1421 2453 1468 2477 est
1484 2447 1629 2483 nimium,

157 2509 178 2530 ο
210 2499 280 2534 Dii,
307 2500 331 2530 si
355 2510 427 2530 mea
453 2501 526 2530 milri
551 2510 613 2530 non
634 2500 751 2537 licebit,
778 2502 955 2543 cuicunque
985 2502 1070 2539 volo,
1094 2502 1283 2542 relinquere,
1307 2507 1340 2531 et
1356 2502 1425 2532 aliis
1440 2502 1541 2542 plura,
1558 2502 1631 2532 aliis

158 2554 318 2594 pauciora,
330 2558 424 2594 prout
437 2564 512 2594 erga
526 2564 576 2584 rnc
587 2554 661 2584 boni
674 2555 786 2586 malive
798 2556 918 2597 liquido
933 2556 1055 2586 inventi
1069 2561 1153 2590 sunt.
1168 2561 1233 2587 tum
1251 2556 1282 2585 iu
1299 2556 1404 2586 morbo
1416 2562 1482 2586 tum
1494 2556 1525 2586 in
1539 2558 1628 2586 senio

159 2613 224 2637 tum
240 2607 272 2637 in
290 2607 360 2638 aliis
375 2607 506 2638 fortunis
522 2608 598 2638 meis
613 2608 804 2640 sufficienter
817 2609 1021 2651 comprobati.
1068 2609 1146 2641 ΟΜ.
1169 2610 1220 2640 An
1236 2620 1298 2640 nou
1314 2619 1408 2646 recte,
1425 2611 1551 2649 hospes,
1569 2611 1626 2641 tibi

157 2660 245 2702 loqui
260 2661 406 2692 videntur
420 2661 431 2691 ἓ
478 2661 615 2692 Arnen.
640 2662 737 2693 Prisci
753 2664 985 2704 legumlatores,
1001 2674 1020 2694 o
1036 2663 1153 2700 Clinia,
1164 2664 1276 2694 molles
1288 2664 1382 2695 fuisso
1396 2665 1471 2695 mihi
1484 2664 1629 2695 videntur

158 2719 191 2744 et
221 2714 262 2746 ad
291 2716 451 2746 minimum
480 2716 556 2757 quid
582 2717 787 2747 humanarum
814 2727 917 2748 rerum
943 2718 976 2747 in
1007 2718 1144 2748 ferendis
1166 2718 1289 2759 legibus
1311 2719 1499 2760 respexisse.
1547 2718 1624 2749 Car.

157 2768 304 2804 Quonam
330 2776 425 2811 pacto
444 2771 455 2800 ?
502 2771 641 2801 Arflnx.
664 2770 732 2801 Illis
758 2772 899 2802 morituri
926 2772 1059 2802 hominis
1085 2772 1195 2808 verbis,
1221 2782 1240 2802 ο
1265 2773 1383 2814 optime
1401 2774 1457 2808 vir,
1475 2772 1622 2803 commoti

155 2823 258 2863 legem
268 2823 354 2854 illam
369 2825 570 2866 scripserunt,
600 2835 652 2865 per
666 2835 758 2866 quam
776 2826 851 2856 licet
864 2825 987 2866 cuique,
1006 2833 1162 2866 utcunque
1178 2827 1263 2862 volit,
1278 2827 1463 2867 simpliciter
1487 2837 1541 2856 sun
1566 2826 1629 2855 dis-

144 2886 291 2939 vponere·
323 2877 420 2920 [923]
445 2890 503 2921 ego
517 2884 620 2910 autem
637 2886 668 2910 et
683 2886 718 2910 tu
733 2880 763 2910 in
780 2880 905 2911 civitati·
924 2887 977 2910 tun
989 2881 1142 2911 morituris
1157 2882 1350 2912 commodius
1364 2880 1625 2922 respondebimus
