1840 3225
134 222 232 273 243]
700 221 1055 263 MENEXENus.
1543 229 1593 265 63

131 332 191 363 est,
207 327 290 368 quod
309 332 424 359 metum
442 326 560 359 Graecis
573 327 699 357 insitum
716 327 839 368 penitus
855 328 1055 369 depulerunt,
1084 327 1284 369 feceruntque
1311 338 1350 359 nc
1375 328 1508 370 amplius
1533 339 1589 360 na-

131 381 215 412 vium
229 382 424 424 virorumque
440 391 599 412 numerum
618 380 881 422 pertimescerent.
927 381 1076 422 Utrisque
1092 383 1140 413 his
1154 383 1271 413 factum
1286 387 1345 419 est,
1360 388 1422 413 tam
1438 383 1469 412 in
1483 383 1589 414 Mara-

131 435 226 466 thone
240 441 316 467 terra
333 435 553 477 pugnantibus,
567 445 658 477 quam
675 434 750 465 mari
766 440 874 476 postea
889 435 971 467 cirea
983 435 1182 474 Salaminam,
1200 442 1234 467 ut
1248 436 1358 478 reliqui
1375 436 1477 468 Graeei
1489 441 1521 468 et
1532 437 1590 469 do-

133 495 277 520 cerentur
291 495 323 521 et
335 494 587 531 provocarentur,
601 490 640 519 ab
656 489 716 520 illis
730 489 858 530 quidem
877 494 968 529 terra,
979 490 1017 520 ab
1033 490 1081 520 his
1096 495 1199 521 autern
1214 492 1300 528 mari,
1314 492 1352 522 ad
1366 491 1473 532 proelia
1484 498 1594 522 contra

133 543 276 574 barbaros
291 543 446 585 intrepide
462 543 697 575 committenda.
741 544 880 574 Tertium
897 554 997 574 assero
1021 545 1105 585 quod
1130 545 1160 574 in
1188 544 1314 576 Plataeis
1341 552 1460 586 gestum
1486 552 1545 583 est,
1561 551 1593 577 et

131 605 257 628 numero
273 603 306 628 et
320 597 446 638 virtute,
462 598 569 629 salutis
586 598 719 629 Graeciae
735 608 859 629 causam
885 598 1048 629 exstitisse.
1096 598 1271 629 Commune
1300 610 1371 630 vero
1396 601 1426 630 id
1451 600 1517 641 jam
1545 607 1592 633 est

132 651 380 684 Lacedaemoniis
394 658 426 683 et
442 652 685 684 Atheniensibus
698 652 830 683 facinus.
855 653 950 694 igitur
965 663 1071 683 ornnes
1086 653 1118 683 hi
1135 652 1290 685 Graeciam
1306 654 1337 684 in
1353 655 1480 686 summis
1501 657 1592 687 nobis

129 711 189 736 eta
205 706 336 747 posteris
352 706 572 738 laudabuntur.
603 707 681 738 Post
694 707 761 738 haec
778 706 882 737 multae
899 707 1026 748 insuper
1039 706 1219 738 Graecorum
1237 709 1326 739 urbes
1341 710 1444 740 adhuc
1457 711 1513 740 sub
1524 711 1592 741 bar-

129 759 209 790 baris
223 760 452 791 conveniebant
466 772 472 790 :
498 771 547 791 rex
564 766 668 792 autem
695 761 871 792 minabatur
897 760 1027 792 Graecos
1055 772 1086 792 se
1114 761 1224 792 iterum
1253 761 1443 795 invasurum.
1489 764 1592 796 Decet

129 813 269 854 profecto
294 814 363 845 illos
388 825 640 855 commemorare,
664 815 718 856 qui
747 815 940 856 superiorum
966 815 1112 856 operibus
1137 814 1244 846 salutis
1271 821 1437 847 extremam
1468 828 1591 848 manum

125 867 353 909 imposuerunt,
367 879 439 899 cum
453 879 578 900 omnem
594 879 630 900 ex
648 869 723 900 mari
739 869 907 900 barbariem
924 869 1130 910 depulissent.
1155 870 1186 899 hi
1204 880 1274 900 vero
1290 870 1429 911 suerunt,
1444 871 1499 913 qui
1510 872 1591 903 circa

98 946 99 949 η
128 921 394 964 Eurymedontem
411 923 509 954 classe
527 928 714 965 pugnarunt,
728 929 758 954 et
775 923 806 953 in
826 922 968 966 Cyprum
987 923 1145 953 militaturi
1159 934 1191 954 se
1207 924 1428 956 contulerunt:
1452 927 1591 968 itemque

129 975 160 1006 in
178 976 355 1019 AEgyptum
373 978 568 1019 navigavere,
585 976 795 1018 plurimasque
808 977 884 1007 alias
902 982 1046 1007 terrarum
1063 987 1130 1007 oras
1156 983 1368 1019 peragrarunt.
1392 979 1500 1010 horum
1528 991 1592 1011 me-

132 1030 256 1061 minisse
272 1036 406 1072 oportet,
423 1032 470 1062 his
486 1032 582 1073 gratia
595 1037 641 1062 est
656 1032 812 1068 habenda,
828 1032 913 1073 quod
931 1041 1033 1072 regem
1061 1032 1255 1072 perterritum
1282 1033 1455 1074 coegerunt
1477 1035 1516 1065 de
1543 1046 1592 1066 sa-

131 1085 196 1116 lute
211 1095 266 1116 sua
281 1085 416 1127 cogitare
432 1086 536 1127 potius
553 1095 646 1127 quam
661 1086 698 1115 ad
716 1085 895 1116 Graeeorum
911 1085 1078 1126 perniciem
1096 1086 1224 1116 insidias
1240 1087 1379 1120 tendere.
1427 1087 1534 1129 Atque
1560 1090 1591 1120 id

128 1139 244 1170 bellum
260 1150 317 1181 per
332 1151 439 1171 omnes
456 1141 543 1170 urbes
559 1139 707 1170 diffusum
723 1140 794 1177 fuit,
811 1140 884 1170 dum
902 1139 1005 1170 Graeei
1030 1139 1127 1181 [242]
1145 1151 1177 1170 se
1192 1140 1276 1181 ipsos
1293 1151 1463 1184 omnesque
1477 1143 1592 1184 lingum

128 1193 268 1234 ejusdem
286 1194 427 1226 homines
443 1195 589 1225 adversus
605 1194 748 1224 barbaros
765 1199 947 1225 tutarentur.
993 1194 1076 1224 Pace
1093 1205 1163 1225 vero
1178 1195 1304 1225 demum
1321 1196 1477 1233 confecta,
1493 1197 1593 1228 hono-

130 1253 257 1289 rataque
273 1248 410 1284 civitate,
426 1248 556 1289 contigit
573 1248 613 1284 ei,
629 1249 713 1289 quod
731 1248 809 1278 solet
825 1249 864 1278 ab
890 1248 1068 1278 hominibus
1094 1248 1126 1278 in
1156 1258 1221 1285 eos,
1237 1248 1350 1289 quibus
1374 1260 1519 1291 prospere
1546 1261 1594 1282 res

125 1302 308 1340 succedunt,
325 1303 415 1333 oriri:
443 1302 541 1344 primo
558 1302 682 1343 quidem
700 1302 870 1341 aemulatio,
886 1302 924 1332 ab
941 1301 1139 1333 aemulatione
1155 1302 1270 1333 deinde
1281 1302 1411 1343 invidia,
1429 1314 1497 1344 quae
1509 1305 1592 1336 hanc

124 1355 283 1387 civitatem
301 1356 428 1387 invitam
445 1356 475 1386 in
494 1356 608 1386 bellum
624 1366 694 1387 cum
713 1355 831 1386 Graeeis
847 1357 1016 1396 gerendum
1046 1356 1146 1387 traxit.
1193 1356 1271 1386 Post
1298 1357 1363 1388 haec
1391 1358 1470 1388 inito
1496 1359 1592 1399 bello,

125 1410 157 1440 in
171 1410 314 1452 'l'auagra
329 1411 485 1452 congressi
501 1416 583 1447 sunt,
601 1421 655 1451 pro
673 1410 813 1440 libertate
830 1410 1024 1441 Boeotiorum
1052 1410 1199 1441 adversus
1230 1410 1485 1443 Lacedaemonios
1511 1423 1591 1444 con-

126 1470 290 1496 certantes
315 1475 449 1506 cumque
465 1465 600 1496 incertus
627 1475 740 1506 puguae
768 1470 1019 1507 essetheventuS,
1035 1466 1121 1506 quod
1150 1470 1259 1505 postea
1287 1472 1426 1496 secutum
1452 1472 1510 1508 est,
1526 1478 1590 1498 rem

124 1518 224 1559 ipsam
250 1518 383 1560 aperuit.
406 1518 545 1560 plerique
571 1529 645 1549 sane
671 1519 870 1559 aufugerunt,
895 1518 1101 1549 destituentes
1126 1518 1278 1556 Boeotios,
1305 1520 1418 1561 quibus
1443 1521 1589 1552 auxilium

125 1572 248 1603 allaturi
264 1578 494 1604 convenerunt:
521 1573 616 1603 nostri
633 1577 737 1603 autem
754 1572 805 1603 die
823 1572 911 1603 tertia
927 1573 958 1603 in
976 1572 1168 1614 OEnophytis
1184 1573 1277 1614 potiti
1304 1574 1443 1610 victoria,
1460 1586 1513 1606 eos
1538 1577 1592 1617 qui

126 1625 241 1667 injuste
258 1627 410 1667 fugerant,
422 1627 508 1668 juste
525 1628 724 1658 reduxerunt.
770 1627 814 1657 Hi
834 1627 941 1668 utique
959 1627 1047 1668 primi
1064 1633 1136 1668 post
1152 1627 1268 1658 bellum
1286 1628 1457 1665 Persicum,
1475 1629 1594 1661 Graecis

125 1681 222 1721 gratia
236 1680 384 1712 libertatis
395 1681 532 1712 auxiliati
545 1686 651 1712 contra
666 1681 805 1722 Graecos,
819 1682 873 1712 viri
885 1682 1011 1723 quidem
1026 1681 1164 1722 praeelari
1175 1687 1207 1712 et
1220 1682 1368 1713 libertatis
1382 1688 1523 1714 auctores
1535 1684 1594 1720 his,

127 1735 240 1776 quihus
256 1746 348 1777 opem
367 1736 511 1773 tulerant,
526 1736 571 1766 his
588 1736 617 1766 in
637 1736 859 1777 monumentis,
875 1735 1017 1766 honorati
1045 1747 1062 1766 a
1087 1735 1226 1773 civitate,
1244 1736 1358 1777 priores
1385 1742 1456 1767 sunt
1485 1738 1591 1778 positi.

126 1789 185 1820 His
203 1801 273 1821 vcro
289 1791 431 1831 peractiS,
447 1802 516 1822 cum
533 1791 775 1821 increbresceret
787 1790 915 1827 bellum,
932 1790 1099 1832 Graecique
1116 1801 1223 1821 omnes
1239 1790 1371 1832 sumptis
1388 1791 1478 1821 armis
1491 1791 1592 1832 regio·
1617 1811 1619 1813 -

130 1855 200 1875 nem
218 1846 428 1881 devastarent,
444 1844 574 1886 urbique
589 1855 652 1875 non
668 1844 794 1886 dignam
817 1845 945 1886 gratiam
962 1845 1150 1883 redderent3
1174 1855 1227 1875 eos
1244 1845 1339 1875 nostri
1355 1845 1456 1875 navali
1483 1845 1592 1887 proelio

126 1904 321 1940 superarunt,
335 1905 367 1930 et
380 1910 484 1930 eorum
502 1900 597 1930 duces
614 1899 855 1930 Lacedaemones
879 1899 1182 1939 comprehenderunt
1197 1910 1202 1928 :
1228 1908 1306 1939 quos
1332 1898 1472 1940 quamvis
1494 1899 1589 1939 jugu—

127 1952 189 1984 lare
205 1953 322 1989 liceret,
339 1954 522 1984 dimiserunt
549 1964 721 1994 pacemque
747 1954 931 1991 firmarunt5
956 1952 1180 1989 existimantes,
1197 1953 1343 1983 adversus
1367 1952 1508 1993 ejusdem
1536 1963 1591 1994 ge-

127 2008 209 2039 neris
225 2008 365 2039 homines
381 2009 420 2039 ad
437 2008 597 2040 victoriam
615 2019 714 2049 usque
730 2008 945 2050 pugnandum,
960 2018 1062 2049 neque
1087 2008 1126 2038 ob
1143 2007 1297 2048 propriam
1325 2007 1460 2038 civitatis
1488 2008 1590 2049 indig-

128 2062 288 2093 nationem
305 2062 483 2094 Graecorum
509 2063 760 2094 communionem
786 2063 910 2103 penitus
935 2062 1178 2097 dissolvendam,
1193 2063 1247 2092 sed
1275 2062 1421 2093 adversus
1446 2062 1590 2093 barbaros

125 2117 164 2147 ad
181 2127 288 2148 necem
306 2126 403 2158 usque
419 2117 612 2148 certandum.
657 2116 725 2147 Hos
740 2116 848 2157 itaque
873 2117 1000 2147 laudare
1020 2117 1100 2147 viros
1124 2117 1227 2153 decet,
1244 2116 1297 2158 qui
1322 2117 1382 2147 hoe
1409 2117 1490 2147 bello
1520 2128 1589 2158 per-

129 2175 199 2201 acto
228 2171 279 2201 hic
295 2170 427 2212 jacent:
454 2171 601 2212 quoniam
627 2171 831 2201 ostenderunt
856 2170 980 2201 inanem
1006 2181 1073 2201 esse
1097 2170 1219 2201 illorum
1246 2171 1468 2212 suspicionem,
1486 2172 1511 2202 si
1535 2173 1590 2213 qui

128 2224 368 2256 Atheniensium
385 2225 491 2256 virtuti
508 2225 600 2256 diffisi
616 2225 784 2267 opinentur
799 2225 830 2255 in
845 2225 943 2266 primo
960 2230 1068 2256 contra
1084 2225 1228 2256 barbaros
1245 2225 1327 2256 bello
1343 2225 1420 2255 alios
1435 2226 1587 2267 quosdam

127 2281 355 2321 praestantiores
372 2279 621 2312 Atheniensibus
637 2280 801 2311 exstitisse.
848 2279 890 2311 Hi
907 2280 1002 2321 enim,
1019 2290 1089 2310 curn
1107 2280 1207 2310 omnis
1234 2279 1358 2311 Graecia
1382 2280 1587 2311 seditionibus

125 2335 304 2376 agitaretur,
321 2334 443 2376 ipsique
459 2334 539 2365 viros
555 2333 665 2366 ceteris
680 2334 801 2366 Graecis
818 2334 1045 2375 praestantiores
1062 2334 1143 2364 bello
1159 2338 1320 2375 superatos
1335 2335 1588 2375 comprehendis-

124 2396 205 2425 sent,
221 2389 455 2420 declaraverunt
470 2400 523 2419 eos
540 2399 675 2420 seorsum
692 2399 724 2419 se
739 2389 875 2429 vincere,
892 2389 1077 2430 quibuscum
1095 2388 1300 2418 communiter
1312 2388 1455 2418 barbaros
1467 2399 1587 2430 expug-

126 2449 287 2474 naverant.
328 2443 466 2474 Tertium
481 2448 553 2485 post
569 2454 676 2485 pacem
693 2444 774 2474 hanc
790 2444 904 2474 bellum
920 2442 1117 2484 improvisum
1139 2446 1172 2473 et
1196 2452 1287 2483 grave
1312 2447 1451 2473 exortum
1479 2448 1537 2478 est,
1554 2441 1586 2472 in

126 2507 189 2538 quo
214 2508 284 2528 eum
312 2497 399 2527 multi
421 2497 579 2538 fortesque
606 2497 662 2528 viri
687 2496 917 2533 occubuissent,
932 2497 983 2528 hic
1012 2496 1200 2527 conduntur.
1231 2506 1361 2537 quorum
1388 2495 1477 2526 multi
1503 2495 1587 2527 cirea

123 2550 260 2581 Siciliam
277 2550 419 2592 plurimis
434 2557 505 2582 sunt
522 2551 612 2592 potiti
629 2551 764 2583 victoriis
779 2562 833 2593 pro
860 2551 960 2581 salute
989 2550 1085 2593 [243]
1111 2549 1348 2590 Leontinorum,
1363 2549 1476 2590 quibus
1498 2550 1585 2591 jure-

121 2603 258 2644 jurando
274 2605 390 2635 astricti
407 2615 498 2646 opem
514 2605 676 2636 ferebant:
703 2616 766 2646 quo
792 2605 909 2636 foedere
936 2606 974 2635 ad
1004 2615 1041 2635 ea
1065 2604 1132 2635 loca
1157 2604 1389 2645 navigaverant.
1413 2615 1482 2635 eum
1512 2615 1584 2636 vero

124 2658 273 2690 diuturna
287 2664 368 2690 esset
382 2659 551 2700 navigatio,
568 2670 603 2690 ac
620 2659 741 2690 interim
758 2670 856 2690 rerum
874 2659 1050 2690 discrimine
1062 2658 1254 2700 penuriaque
1265 2658 1375 2690 civitas
1383 2664 1583 2700 premeretur,

123 2722 226 2754 neque
243 2713 302 2744 illis
320 2720 424 2754 posset
439 2724 625 2750 succurrere,
641 2714 762 2756 negatis
777 2714 920 2744 subsidiis
943 2724 989 2744 res
1013 2723 1119 2744 eorum
1145 2713 1228 2742 haud
1255 2723 1399 2753 prospere
1427 2723 1585 2744 successe-

123 2773 204 2798 runt.
227 2778 356 2808 quorum
374 2768 480 2798 hostes
499 2767 643 2808 belloque
659 2767 825 2798 adversarii
841 2767 986 2808 majorem
1011 2766 1224 2807 temperantia-2
1250 2767 1431 2808 virtutisque
1448 2767 1584 2803 laudem,

123 2831 214 2861 quam
231 2821 321 2852 amici
338 2821 477 2857 aliorum,
495 2821 621 2852 habent.
668 2821 764 2851 Multi
782 2826 928 2862 pra-terea
945 2819 1046 2851 navali
1074 2819 1155 2850 bello
1185 2830 1240 2861 per
1264 2820 1505 2861 Hellespontum
1531 2820 1582 2850 dic

121 2883 181 2903 una
197 2884 303 2904 omncs
319 2875 559 2905 adversariorum
583 2885 677 2905 naves
703 2880 864 2916 ceperunt,
883 2874 1090 2915 plurimasque
1118 2873 1191 2904 alias
1218 2873 1410 2905 devicerunt.
1458 2873 1580 2903 Bellum

124 2936 195 2956 vcro
211 2927 323 2958 iccirco
339 2928 526 2970 insperatum
544 2930 715 2970 durumque
734 2930 852 2968 vocavi,
870 2929 942 2969 quia
959 2928 1062 2959 nullus
1089 2926 1290 2959 existimasset
1316 2928 1448 2968 reliques
1474 2936 1578 2956 οηιηυ,ι
