1840 3225
126 239 223 290 443]
534 239 606 278 DE
639 238 945 278 REPUBLICA
977 237 1074 278 ΜΒ,
1111 239 1178 279 IV.
1522 240 1597 278 145

125 344 235 375 eadem
251 348 284 375 et
296 343 330 375 in
347 344 499 386 cujusque
513 344 616 375 anima
631 353 745 385 genera
760 353 838 379 esse,
855 354 891 374 ao
906 354 1034 375 numero
1051 345 1147 386 paria.
1196 344 1311 376 GLAu.
1335 344 1387 376 Sic
1403 350 1497 376 certe.
1536 344 1592 377 So.

127 397 214 434 Quin
236 403 268 429 et
294 399 354 429 hoc
378 398 584 430 necessarium
608 403 666 434 est,
683 397 946 438 quemadmodum
974 403 1005 428 et
1030 408 1092 438 quo
1121 399 1243 440 sapiens
1271 403 1337 429 erat
1360 399 1481 435 civitas,
1497 397 1540 428 ita
1564 403 1597 428 et

130 452 242 483 eodem
259 452 431 494 sapientem
447 462 513 483 esse
529 452 695 493 privatum.
741 450 856 482 GLAU.
881 450 993 482 Plane.
1039 452 1094 482 So.
1120 451 1199 482 Item
1215 463 1277 494 quo
1294 453 1380 483 fortis
1395 458 1441 483 est
1460 453 1595 493 privatus

132 504 246 546 aliquis
261 511 293 536 et
320 506 491 547 quomodo,
506 506 617 536 eodem
647 511 679 536 et
707 505 750 535 ita
775 505 883 535 sortem
910 515 976 535 esse
999 505 1178 535 civitatem:
1203 510 1236 536 et
1260 506 1290 535 in
1315 507 1425 537 ceteris
1451 505 1596 536 omnibus

126 559 166 589 ad
183 559 326 590 virtutem
344 565 471 600 utraque
487 559 626 590 similiter
642 570 674 590 se
690 559 814 589 habere.
863 558 978 589 GLAu.
1002 558 1139 590 Necesse
1166 564 1222 589 est.
1269 560 1324 590 So.
1351 559 1449 600 Atqui
1474 564 1505 589 et
1524 558 1593 599 jus-

125 616 203 648 tum,
219 623 238 643 ο
264 611 399 650 Glauco,
419 613 518 643 virum
543 613 683 644 dicemus
709 613 818 643 cadem
847 612 977 648 ratione,
1005 623 1067 653 qua
1094 613 1228 643 dicimus
1255 612 1426 643 civitatem.
1473 612 1590 644 GLAU.

126 664 346 696 Necessarium
364 666 394 697 id
409 666 550 697 omnino.
596 667 652 698 So.
675 666 721 697 At
737 667 876 697 nondum
898 666 978 697 illud
1003 666 1091 696 obliti
1118 677 1234 701 sumus,
1249 666 1333 707 quod
1359 667 1468 697 civitas
1492 677 1530 697 ex
1557 676 1594 696 eo

120 717 208 760 justa
220 720 286 750 visa
302 725 361 758 est,
377 721 464 762 quia,
479 732 549 752 cum
566 721 622 752 tria
637 721 671 751 in
688 732 723 752 ea
741 721 804 752 sint
818 720 981 751 hominuni
996 730 1120 761 genera,
1137 731 1225 750 suum
1242 720 1374 761 quisque
1397 719 1502 761 explet
1528 719 1593 750 offi-

106 771 218 805 .cium.
263 773 376 806 GLAU.
400 775 495 806 Haud
527 781 609 806 certe
640 776 715 806 mihi
745 775 836 806 obliti
867 774 1018 805 videmur.
1063 774 1118 805 So.
1142 773 1325 804 Meminisse
1355 784 1428 815 ergo
1459 778 1595 814 oportet,

122 826 208 867 quod
223 827 354 870 quisque
369 834 519 871 nostrum,
533 829 623 870 cujus
639 829 770 871 singulae
785 828 896 859 animae
915 833 1015 868 partes
1030 828 1114 868 quod
1132 838 1220 858 suum
1236 833 1283 858 est
1308 833 1417 868 agunt,
1434 832 1466 858 et
1484 827 1589 868 justus

120 880 179 912 erit
193 886 225 911 et
239 892 295 912 sua
311 893 473 924 peragens.
519 883 631 914 GLAU.
653 884 836 915 Meminisse
861 893 995 924 prorsus.
1041 883 1097 914 So.
1121 882 1237 912 Nonne
1266 881 1408 912 rationali
1438 881 1589 922 potentiae

121 935 269 966 convenit
282 936 446 978 imperare,
463 947 533 968 cum
549 938 673 979 sapiens
689 938 728 968 sit
743 943 890 978 geratque
906 936 1001 967 totius
1018 936 1130 966 animae
1147 935 1375 977 providentiam
1390 935 1401 965 ?
1426 935 1582 966 irascendi

123 998 194 1019 vero
210 993 328 1019 naturae
344 990 473 1032 obsequi
489 990 600 1021 rationi
616 1001 735 1032 proque
762 991 816 1021 illa
841 990 1003 1031 pugnare?
1051 989 1165 1021 Grau.
1189 989 1334 1020 Penitus.
1380 989 1436 1020 So.
1459 988 1588 1024 Nonne,

122 1045 157 1071 ut
172 1050 265 1083 supra
281 1043 492 1081 tractavimus,
508 1045 635 1076 musicae
651 1050 683 1075 et
699 1045 904 1086 gymnasticae
922 1044 1030 1074 mixtio
1048 1049 1141 1085 atque
1168 1043 1386 1084 temperantia,
1402 1048 1437 1073 ut
1461 1053 1590 1074 concor-

119 1094 174 1126 dia
188 1095 247 1126 ista
263 1096 336 1138 sint,
352 1097 469 1129 efficit?
495 1109 590 1129 unum
607 1099 733 1139 quidem
750 1099 857 1129 horum
874 1098 1041 1128 intendens
1059 1107 1239 1138 augensque
1267 1095 1364 1138 [442]
1391 1101 1423 1126 et
1448 1096 1588 1127 nutriens

120 1148 274 1188 praeclaris
289 1151 480 1182 sermonibus
497 1156 529 1182 et
554 1151 740 1192 disciplinis,
757 1151 885 1182 alterum
914 1161 985 1181 vero
1012 1151 1183 1186 remittens,
1200 1151 1325 1186 sedans,
1343 1149 1589 1181 mansuefaciens

120 1212 176 1244 per
191 1203 380 1235 harmoniam
397 1210 491 1246 atque
507 1206 685 1248 rhythmum
700 1206 711 1235 ?
758 1205 871 1236 GLAu.
895 1204 1048 1236 Maxime.
1093 1205 1149 1235 So.
1174 1204 1318 1245 Cumque
1333 1204 1377 1234 ita
1393 1204 1508 1234 nutrita
1523 1205 1590 1235 haec

116 1256 235 1288 fuerint
249 1263 292 1295 et,
307 1268 378 1299 quae
392 1269 448 1289 sua
462 1263 545 1296 sunt,
561 1269 666 1289 revera
681 1259 861 1300 didicerint,
879 1263 910 1289 et
926 1260 1045 1300 optime
1061 1258 1177 1288 fuerint
1201 1258 1334 1294 erudita,
1352 1258 1451 1288 ardori
1473 1269 1590 1289 concu-

117 1311 280 1352 piscentiae
296 1313 507 1353 praesidebunt
523 1325 530 1343 :
555 1324 626 1354 quae
643 1324 711 1354 pars
728 1314 840 1344 animae
857 1313 888 1343 in
905 1323 1095 1354 quocunque
1112 1317 1159 1343 est
1176 1312 1320 1352 plurima,
1337 1322 1438 1352 neque
1451 1322 1589 1353 unquam

117 1364 320 1406 pecuniarum
348 1367 542 1407 possessione
568 1367 705 1408 repletur
720 1378 726 1397 z
752 1367 984 1408 cavebuntque,
1016 1377 1055 1397 ne
1079 1366 1284 1407 corporalium
1313 1364 1509 1407 voluptatum
1537 1377 1590 1396 ex-

119 1417 261 1458 pletione
278 1419 411 1450 adaucta
429 1420 574 1461 grandior
592 1417 807 1461 robustiorque
823 1420 949 1459 evadat,
964 1419 1105 1462 nolitque
1121 1430 1176 1450 suo
1192 1420 1345 1450 duntaxat
1360 1420 1462 1450 officio
1487 1419 1589 1460 fungi,

117 1472 172 1502 sed
189 1472 342 1514 subjicere
357 1474 414 1505 sibi
431 1475 483 1505 illa
498 1476 681 1512 contendat,
696 1475 811 1516 quibus
828 1475 979 1515 imperare
995 1480 1104 1504 natura
1120 1484 1183 1505 non
1206 1474 1311 1510 debet,
1327 1480 1420 1515 atque
1446 1474 1490 1504 ita
1517 1474 1589 1504 uni-

116 1535 234 1556 versam
251 1528 389 1558 omnium
407 1529 499 1559 vitam
516 1534 679 1570 pervertat.
726 1529 842 1560 GLAU.
865 1529 916 1560 Sic
934 1538 1067 1569 prorsus.
1113 1528 1168 1559 So.
1194 1528 1282 1564 Quin
1300 1528 1393 1558 etiam
1422 1528 1460 1558 ab
1486 1533 1586 1558 exter-

115 1579 164 1610 nis
179 1580 319 1613 hostibus
334 1582 400 1613 liaec
416 1582 549 1613 animam
575 1593 698 1613 omnem
726 1593 901 1624 corpusque
928 1582 1078 1622 custodit,
1095 1582 1169 1612 dum
1195 1582 1271 1612 illud
1300 1581 1428 1623 quidem
1456 1581 1586 1622 provide

115 1634 264 1671 consulit,
278 1635 338 1667 hoc
353 1641 457 1667 autem
475 1642 662 1677 propugnat,
678 1637 874 1678 obtemperat
889 1636 1035 1677 principi,
1050 1635 1246 1672 fortitudine,
1257 1646 1327 1677 quae
1343 1635 1486 1667 consulta
1500 1640 1587 1674 sunt,

115 1688 249 1729 peragit.
293 1688 409 1721 GLAu.
434 1690 518 1721 Vera
534 1691 600 1721 haec
617 1695 699 1721 sunt.
745 1690 801 1721 So.
827 1689 950 1720 Fortem
966 1689 1108 1731 profecto
1126 1690 1184 1720 hac
1201 1700 1237 1719 ex
1256 1694 1343 1730 parte
1359 1689 1455 1719 virum
1478 1699 1588 1730 quem—

115 1750 178 1782 que
193 1752 350 1783 vocamus,
366 1744 492 1784 quando
509 1743 539 1773 in
558 1743 626 1784 ipso
642 1742 812 1775 iracundiae
829 1743 915 1784 vigor
929 1743 972 1773 ita
989 1743 1149 1773 institutus
1165 1748 1223 1778 est,
1240 1748 1275 1773 ut
1291 1743 1321 1773 in
1340 1743 1448 1774 mediis
1474 1742 1587 1784 volup-

113 1794 229 1824 tatibus
243 1800 275 1826 et
289 1796 448 1827 doloribus
466 1797 496 1827 in
512 1797 668 1828 sententia
684 1807 738 1827 sua
750 1796 904 1838 persistat,
918 1807 980 1826 non
995 1796 1083 1826 aliter
1093 1807 1159 1827 esse
1173 1796 1212 1826 de
1226 1795 1353 1826 terribili
1364 1795 1587 1836 judicandum,

114 1858 208 1889 quam
222 1850 300 1881 ratio
316 1850 383 1892 ipsa
398 1851 573 1882 dictaverit.
619 1851 735 1883 GLAu.
759 1851 872 1882 Probe.
918 1851 974 1883 So.
1000 1850 1180 1891 Sapientem
1194 1861 1265 1880 vero
1277 1850 1360 1880 brevi
1372 1849 1425 1879 illa
1436 1860 1472 1880 ex
1485 1854 1585 1890 parte,

115 1913 186 1944 quae
201 1909 234 1934 et
247 1904 410 1946 imperavit
423 1906 453 1935 in
469 1906 538 1947 ipso
555 1910 587 1936 et
601 1906 662 1935 ista
677 1897 820 1940 difflant,
835 1904 953 1934 habens
971 1903 1003 1933 in
1021 1913 1052 1933 se
1068 1902 1134 1943 ipsa
1150 1903 1323 1938 scientiam,
1339 1913 1401 1944 qua
1425 1903 1585 1940 discernit,

111 1957 188 1998 quid
206 1958 399 1999 potissimum
416 1971 450 1990 ex
468 1970 524 1990 usu
541 1960 580 1989 sit
596 1965 656 1989 tam
672 1958 801 1999 singulis
817 1968 909 1999 quarn
927 1957 1071 1988 universo
1089 1968 1124 1987 ex
1139 1957 1186 1987 his
1204 1957 1299 1987 tribus
1315 1956 1408 1988 coetui
1430 1957 1584 1987 constitu·

112 2015 158 2043 to.
200 2012 315 2045 GnAu.
341 2013 446 2045 Certe.
491 2013 547 2043 So.
568 2013 809 2054 Temperantem
826 2022 928 2042 rursus
943 2012 1078 2052 aliquem
1097 2011 1291 2053 appellamus
1309 2012 1415 2042 horum
1446 2010 1582 2051 ipsorum

114 2065 251 2096 amicitia
267 2072 359 2108 atque
375 2067 555 2104 concordia,
569 2067 696 2108 quando
711 2071 743 2096 et
758 2066 842 2108 quod
865 2065 1011 2107 praesidet
1036 2070 1067 2096 et
1093 2065 1178 2107 quod
1204 2065 1320 2102 subest,
1336 2065 1368 2095 in
1396 2065 1580 2095 sententiam

115 2119 246 2150 eandem
264 2121 467 2158 conveniunt,
484 2122 632 2152 rationem
649 2121 768 2152 scilicet
783 2121 934 2161 imperare
950 2120 1073 2156 decere,
1089 2129 1192 2160 neque
1208 2120 1246 2149 ab
1263 2119 1316 2149 illa
1342 2119 1580 2150 desciscendum

112 2182 190 2204 esse.
237 2173 350 2205 GLAU.
373 2175 592 2217 Temperantia
611 2175 749 2216 profecto
771 2175 848 2204 nihil
875 2179 922 2205 est
947 2174 1030 2203 aliud
1058 2179 1090 2204 et
1116 2173 1257 2214 privatim
1287 2178 1319 2203 et
1343 2172 1480 2213 publice.
1525 2172 1581 2204 So.

112 2227 222 2260 Justus
238 2229 373 2270 denique
391 2240 427 2260 ex
441 2240 479 2260 eo
497 2235 590 2271 atque
605 2229 648 2259 ita
664 2230 721 2260 erit
737 2229 880 2271 quisque,
897 2239 932 2259 ex
950 2239 1012 2269 quo
1030 2239 1113 2269 saepe.
1125 2227 1190 2268 jam
1213 2227 1346 2257 diximus
1373 2232 1405 2256 et
1430 2227 1581 2267 quemad-

112 2282 239 2312 modum
254 2283 465 2324 exposuimus.
512 2283 627 2315 GLAU.
652 2283 869 2314 Necessarium
886 2283 915 2313 id
930 2283 1075 2313 omnum.-
1111 2283 1167 2312 So.
1191 2281 1276 2318 Quid
1292 2292 1382 2322 porro
1397 2281 1407 2311 ?
1424 2286 1511 2311 estne
1524 2281 1581 2311 ali-

113 2335 201 2376 quid,
218 2337 302 2376 quod
321 2337 401 2368 hanc
418 2342 551 2367 nostram
571 2347 668 2378 usque
684 2337 763 2368 adeo
780 2336 966 2367 sententIam
983 2335 1178 2371 interturbet,
1195 2341 1229 2366 ut
1244 2335 1328 2365 aliud
1347 2334 1487 2365 videatur
1512 2345 1579 2366 esse

113 2389 203 2419 nobis
215 2388 338 2430 justitia
354 2401 446 2432 quam
462 2391 547 2432 quod
563 2391 593 2421 in
611 2390 738 2421 civitate
753 2391 895 2421 constitit
911 2390 922 2420 ?
967 2390 1082 2421 GLAu.
1107 2390 1187 2420 Mihi
1203 2388 1330 2430 quidem
1356 2399 1420 2418 non
1447 2388 1580 2418 videtur.

111 2441 166 2472 So.
189 2442 398 2481 Quinimmo,
414 2444 530 2485 siquid
547 2445 650 2475 adhuc
674 2444 755 2474 inter
770 2454 829 2474 nos
853 2444 884 2473 in
912 2443 1119 2474 controversia
1143 2443 1194 2479 sit,
1211 2442 1254 2473 sic
1280 2442 1392 2471 iterum
1420 2441 1580 2482 superiora

108 2494 234 2538 penitus
249 2497 508 2535 confirmabimus,
526 2499 658 2528 absurda
678 2499 731 2528 illa
747 2498 819 2528 huic
847 2498 1044 2539 objicientes.
1091 2496 1206 2528 Grau.
1230 2495 1370 2532 Qualia?
1417 2495 1473 2526 St).
1498 2494 1576 2525 Vel-

110 2550 154 2580 uti
171 2550 194 2581 si
222 2551 254 2580 in
270 2551 330 2581 hoc
345 2551 513 2583 deliberare
528 2562 585 2582 nos
601 2553 772 2593 oportuerit
788 2553 828 2583 de
843 2552 968 2582 civitate
986 2551 1037 2580 illa
1054 2551 1155 2591 deque
1173 2549 1298 2579 homine
1315 2547 1456 2579 similiter
1482 2553 1575 2590 atque

109 2603 164 2634 illa
179 2609 253 2634 nato
270 2609 364 2646 atque
380 2605 508 2642 nutrito,
525 2607 666 2647 nunquid
694 2607 737 2636 vir
752 2606 834 2643 talis,
852 2616 920 2637 cum
938 2605 1114 2646 depositum
1131 2603 1196 2634 auri
1214 2603 1259 2633 vel
1275 2602 1393 2644 argenti
1410 2603 1577 2643 acceperit,

107 2658 250 2689 videatur
263 2660 456 2700 quandoque
472 2657 610 2690 fraudem
626 2661 854 2701 excogitaturus
869 2672 875 2690 ι
901 2669 1009 2690 censes
1025 2659 1159 2699 aliquem
1173 2657 1387 2698 judicaturum
1401 2656 1576 2697 ejuscemo-

109 2711 142 2741 di
158 2712 254 2742 virum
269 2712 408 2743 fraudem
437 2712 533 2755 [443]
560 2714 751 2744 committere
767 2714 872 2755 potius
888 2724 980 2755 quam
998 2713 1085 2743 aliter
1102 2711 1231 2742 affectos
1248 2711 1387 2740 homines
1402 2710 1411 2739 ?
1459 2709 1575 2741 GLAU-

106 2762 273 2796 Neminem
290 2777 424 2807 prorsus.
469 2767 524 2797 So.
551 2766 604 2797 An
622 2777 684 2797 non
702 2778 720 2798 a
735 2767 904 2808 sacrilegiis
932 2767 993 2802 hic,
1011 2765 1111 2802 furtis,
1128 2765 1367 2806 proditionibus,
1384 2769 1445 2794 tam
1473 2763 1574 2804 priva-

109 2817 165 2848 tim
179 2819 324 2850 adversus
341 2819 461 2851 sodales
477 2831 570 2862 quam
588 2821 713 2862 publice
729 2822 876 2852 adversus
894 2832 955 2851 rem
975 2820 1144 2861 publicam,
1160 2819 1309 2849 innocens
1334 2818 1413 2848 erit?
1460 2816 1574 2847 (ὶιΛν.

108 2869 274 2904 Innocens.
321 2873 377 2907 So.
401 2873 503 2916 Atqui
519 2886 621 2918 neque
639 2875 752 2907 infidus
769 2876 816 2907 vel
836 2876 867 2906 in
880 2874 1085 2916 jurejurando
1102 2874 1146 2905 vcl
1165 2873 1402 2916 quibuscunque
1425 2880 1573 2901 commer-

197 2926 283 2958 mat.
312 2928 365 2959 Tr.
869 2929 916 2960 11.
1460 2923 1485 2953 T
