1840 3225
205 234 257 272 so
787 231 1052 272 PLATONIS
1579 229 1678 284 [336

207 334 294 376 justo
309 336 433 374 damnaj
450 336 556 367 amicis
573 335 749 372 utilitatem,
768 335 1008 377 haudquaquam
1025 334 1150 376 sapiens
1163 333 1367 376 judicandus.
1391 342 1493 374 neque
1507 331 1589 364 enim
1606 343 1677 364 vera

211 388 290 420 haec.
307 391 450 421 constitit
465 401 598 431 namque
613 390 699 420 nullo
717 390 808 420 m‘odo
820 389 939 429 justum
948 390 1019 420 *esse
1030 399 1207 430 quenquam
1220 388 1344 419 lasdcre.
1391 386 1449 417 Po.
1465 386 1577 418 Fateor
1588 386 1677 428 equi-

210 443 293 473 dem.
339 444 394 475 So.
418 444 632 483 Pugnabimus
649 444 753 485 itaque
770 453 832 473 una
856 454 914 483 ego
931 448 1028 478 actu,
1045 443 1070 473 si
1094 442 1164 483 quis
1190 443 1248 472 hoc
1271 445 1386 472 asserat
1411 441 1458 471 vel
1483 440 1675 471 Simonidem

212 496 259 526 vel
277 496 421 528 Biantem
440 497 553 528 dixisse
571 498 617 528 vel
636 497 792 528 Pittacum
810 496 858 526 vel
885 495 1019 537 aliquem
1037 496 1129 526 alium
1157 496 1332 536 sapientum
1359 496 1581 536 beatorumque
1595 494 1676 525 viro·

210 560 288 580 rum.
334 550 395 581 Po.
422 551 576 593 Equidem
608 553 746 592 pugnare
774 555 876 581 tecum
902 560 963 580 una
990 551 1135 580 adversus
1161 561 1231 581 eum
1258 555 1382 591 paratus
1408 559 1487 580 sum.
1532 549 1588 580 So.
1613 548 1675 580 Sed

209 603 303 638 nosti,
323 603 418 645 [330]
437 604 527 644 cujus
545 604 618 634 mihi
634 615 700 634 csse
726 605 792 634 haec
816 603 972 634 sententia
997 603 1148 639 videatur,
1166 614 1227 644 qua
1240 603 1359 644 justum
1375 603 1518 634 asseritur
1532 604 1677 645 prodesse

209 655 329 692 amicis,
344 657 479 687 inimicis
507 657 638 687 obesse?
684 657 746 688 Po.
772 655 968 697 Cujusnam?
1015 657 1069 687 So.
1093 657 1255 688 Periandri
1281 668 1346 688 esse
1371 657 1512 688 existimo
1528 656 1577 687 vei
1601 657 1678 687 Per-

207 707 306 740 diccae
324 710 371 740 vel
388 709 497 740 Xerxis
512 710 558 741 vel
577 710 703 741 [smenii
726 710 880 746 Thebani,
896 716 949 741 aut
974 710 1098 741 alterius
1115 710 1278 752 cujusdam
1295 710 1437 752 opulenti
1453 711 1520 747 viri,
1543 709 1677 741 maxima

204 773 237 794 se
263 773 353 804 posse
370 764 518 805 putantis.
547 764 610 795 Po.
636 764 719 795 Vera
734 764 863 794 nimium
881 764 1028 805 loqueris.
1063 765 1118 795 So.
1142 765 1313 806 Postquam
1329 766 1388 795 hoc
1404 764 1530 795 minime
1547 769 1678 805 apparet

207 821 263 846 aut
282 815 407 856 justitia
431 827 497 848 esse
523 822 577 848 aut
599 816 732 857 justum,
757 816 833 857 quid
859 811 944 847 aliud
970 817 1028 848 hoc
1059 828 1126 848 esse
1152 818 1222 858 quis
1249 819 1384 850 dixerit?
1427 819 1678 860 Thrasymachus

206 874 310 900 autem
328 871 442 911 saepius
454 870 687 911 disputantibus
704 871 793 901 nobis
808 871 1022 902 contradicere
1037 872 1270 909 concupiverat,
1288 872 1341 903 sed
1358 883 1376 903 a
1392 872 1606 914 prm-sentibus,
1621 871 1678 913 qui

207 932 264 952 nos
280 924 387 954 audire
402 923 630 960 desiderabant,
649 925 821 965 prohibitus
845 924 1051 965 acquieverat.
1075 931 1240 966 postquam
1263 937 1333 957 vero
1348 926 1441 958 finem
1458 925 1586 957 dicendi
1602 926 1678 957 feci-

208 986 275 1006 mus
299 981 392 1018 atque
418 988 476 1018 ego
504 979 571 1009 haec
597 977 673 1014 dixi,
700 989 763 1008 non
791 977 918 1008 ulterius
944 988 976 1008 se
1001 979 1178 1009 continuit:
1204 990 1308 1010 verum
1336 991 1368 1011 se
1395 980 1496 1021 ipsum
1513 980 1677 1021 colligens,

205 1033 354 1070 tanquam
370 1030 433 1061 sera
449 1032 591 1072 quaedam
607 1031 640 1061 in
664 1042 721 1062 nos
738 1031 889 1072 impetum
905 1031 991 1072 fecit,
1006 1032 1095 1073 quasi
1111 1043 1168 1063 nos
1185 1034 1325 1074 protinus
1341 1032 1565 1074 discerpturus.
1609 1033 1675 1064 Ita-

205 1093 267 1123 que
294 1083 397 1120 ambo‚
426 1095 484 1125 ego
507 1090 602 1126 atque
626 1085 861 1120 Polemarchus,
889 1086 1024 1116 exterriti
1047 1097 1164 1117 sumus.
1189 1087 1242 1117 ille
1265 1098 1337 1118 vero
1367 1087 1564 1125 exclamavit,
1592 1087 1674 1124 Quae

205 1146 258 1166 vos
288 1146 380 1178 nugae
410 1138 573 1178 hactenus,
597 1149 615 1169 o
642 1139 795 1176 Socrates,
825 1139 1045 1180 occuparunt?
1084 1140 1200 1181 quidve
1239 1139 1374 1171 invicem
1403 1140 1559 1181 insanitis,
1588 1139 1678 1171 vobis

205 1188 282 1229 ipsis
297 1192 557 1222 succumbentes?
581 1193 667 1234 quod
681 1193 704 1223 si
719 1202 824 1223 revera
838 1203 930 1223 nosse
943 1192 1033 1234 cupis
1044 1192 1164 1233 justum
1177 1193 1254 1235 quid
1271 1193 1322 1230 sit,
1336 1204 1375 1225 ne
1391 1193 1545 1235 interroga
1560 1193 1676 1234 solum,

203 1252 283 1273 neve
298 1244 420 1275 vincere
435 1246 622 1287 concupisce
635 1247 904 1287 reprehendendo,
918 1252 1084 1288 postquam
1100 1247 1156 1278 tibi
1173 1258 1353 1289 responsum
1364 1248 1468 1284 fuerit,
1479 1248 1675 1279 animadver-

204 1300 272 1327 tens
290 1297 411 1329 facilius
426 1309 493 1330 esse
508 1300 694 1341 interrogare
710 1310 802 1341 quam
818 1301 1004 1341 respondere
1019 1312 1027 1332 ε
1045 1301 1101 1331 sed
1118 1306 1149 1331 tu
1169 1301 1237 1343 ipse
1252 1302 1419 1342 responde,
1435 1303 1509 1344 quid
1526 1301 1673 1343 essejus-

203 1355 268 1380 tum
279 1350 446 1383 existimes.
459 1363 561 1394 neque
572 1354 647 1384 mihi
661 1353 758 1389 dicas,
770 1354 853 1394 quod
867 1354 982 1385 decens
993 1354 1046 1394 sit,
1057 1364 1159 1395 neque
1171 1355 1254 1396 quod
1271 1355 1357 1391 utile,
1373 1365 1476 1396 neque
1488 1355 1676 1396 proficuum,

202 1413 306 1444 neque
328 1406 540 1447 conducibile,
567 1418 669 1448 neque
695 1407 879 1438 conferens:
915 1419 1019 1438 verum
1051 1408 1143 1448 plane
1173 1413 1205 1438 et
1233 1408 1395 1449 perspicue
1425 1409 1500 1439 mihi
1527 1409 1675 1446 edissere,

202 1457 351 1497 quidnam
368 1459 466 1491 dicas.
489 1470 590 1502 neque
612 1461 693 1492 enirn
718 1461 891 1498 admittam,
908 1462 934 1492 si
963 1461 1143 1503 hujusmodi
1167 1472 1266 1503 nugas
1292 1462 1461 1494 induxeris.
1504 1462 1584 1494 Haec
1611 1473 1672 1503 ego

201 1510 331 1542 audiens
346 1513 507 1544 exterritus
521 1524 600 1551 sum,
615 1519 647 1545 et
663 1515 764 1555 ipsum
782 1519 947 1555 aspectans
968 1515 1126 1556 perhorrui
1144 1527 1150 1545 :
1177 1520 1283 1557 atque,
1300 1521 1334 1546 ut
1350 1516 1490 1552 arbitror,
1505 1516 1563 1546 nisi
1587 1516 1672 1557 prior

201 1573 272 1593 eum
288 1565 475 1605 aspexissem
500 1577 592 1608 quarn
619 1567 687 1609 ipse
718 1578 778 1604 me,
796 1573 898 1598 mutus
926 1568 1052 1608 penitus
1079 1568 1256 1600 evasissem.
1280 1579 1363 1600 nunc
1388 1569 1516 1610 qnando
1532 1570 1672 1600 oratione

198 1617 268 1657 ipsa
283 1621 456 1660 exasperari
479 1622 586 1662 coepit,
611 1621 730 1663 respexi
754 1623 793 1652 ad
821 1633 892 1652 eum
917 1622 1021 1662 prior:
1047 1622 1193 1662 quocirca
1217 1623 1403 1664 respondere
1418 1623 1464 1654 ilii
1482 1623 1581 1664 potui,
1597 1623 1674 1653 sub·

200 1672 442 1715 trcmiscensque
458 1675 534 1712 dixi,
551 1675 580 1706 Ο
605 1676 850 1718 Thrasymache‚
865 1686 905 1706 ne
922 1676 1012 1706 nobis
1028 1676 1147 1707 saevias.
1173 1676 1198 1707 si
1213 1677 1295 1707 enim
1319 1676 1353 1707 in
1379 1677 1527 1708 sermonis
1543 1675 1673 1707 investi-

199 1725 325 1766 gatione
342 1726 419 1768 lapsi
437 1739 540 1760 sumus
567 1740 688 1771 egoque
715 1735 746 1761 et
769 1730 832 1766 hic,
849 1740 905 1771 pro
926 1735 1011 1760 certo
1035 1731 1150 1760 habeto
1167 1730 1282 1760 invitos
1299 1740 1413 1762 errasse
1435 1741 1503 1761 nos.
1526 1730 1668 1772 profecto

198 1778 225 1809 si
240 1778 353 1810 aurum'
373 1781 559 1819 rimaremur,
574 1794 733 1825 nunquam
761 1789 872 1824 sponte
898 1784 944 1814 ita
969 1784 1238 1815 succumberemus
1263 1784 1397 1815 invicem
1420 1784 1619 1825 inquirendo,
1635 1788 1671 1815 ut

197 1831 411 1865 inventionem
437 1836 669 1877 impediremus.
696 1848 790 1878 quare
816 1849 856 1869 ne
881 1837 1050 1879 existimes,
1075 1848 1146 1869 cum
1175 1838 1208 1868 in
1237 1838 1401 1879 praesentia
1419 1838 1573 1879 justitiam
1599 1848 1670 1879 per-

197 1891 378 1925 scrutemur,
406 1899 469 1920 rem
500 1901 574 1921 auro
599 1891 696 1921 multo
727 1891 952 1932 pretiosiorem,
981 1901 1079 1932 usque
1107 1892 1186 1922 adeo
1210 1892 1344 1922 invicem
1375 1902 1432 1922 nos
1457 1892 1569 1932 ignave
1593 1902 1672 1923 con-

198 1941 321 1981 cedere,
346 1947 466 1974 utnon
494 1944 578 1975 omni
605 1944 709 1975 studio
738 1945 925 1982 annitamur,
956 1955 1018 1986 quo
1047 1945 1146 1986 ipsam
1174 1945 1267 1986 plane
1293 1944 1529 1986 comperiamus.
1552 1945 1619 1981 sed,
1635 1950 1671 1975 ut

198 1999 291 2033 puto,
321 2006 389 2026 eam
429 1999 553 2039 assequi
587 2009 650 2029 non
682 1999 831 2030 valemus.
870 2004 1062 2040 quapropter
1096 1999 1192 2029 nostri
1229 1998 1327 2041 [337]
1361 1998 1457 2028 multo
1488 1998 1585 2039 magis
1614 2008 1669 2029 vos

198 2046 355 2087 sapientes
378 2050 512 2081 misereri
536 2052 628 2082 decet
650 2063 742 2093 quam
774 2063 893 2094 urgere.
938 2053 1028 2084 Tunc
1057 2053 1110 2084 ille
1135 2054 1202 2084 haec
1225 2053 1368 2089 audiens,
1391 2052 1481 2083 valde
1504 2052 1666 2083 sardonice

198 2101 386 2143 profuseque
413 2103 490 2144 risit,
521 2110 565 2141 et,
600 2106 628 2136 O
660 2105 822 2141 Hercules,
859 2106 973 2146 inquit,
1003 2107 1070 2137 brec
1104 2107 1157 2136 illa
1186 2106 1278 2136 solita
1309 2111 1356 2136 est
1389 2105 1523 2137 Socratis
1556 2106 1666 2136 ironia.

197 2163 302 2184 verum
327 2155 393 2187 liaec
421 2167 478 2197 ego
502 2159 651 2199 cognovi,
668 2164 762 2199 atque
786 2159 928 2200 praedixi,
943 2159 1028 2200 quod
1056 2165 1087 2189 tu
1115 2159 1301 2200 respondere
1326 2158 1453 2199 quidem
1477 2157 1588 2194 nolles,
1609 2158 1664 2189 sed

196 2206 296 2237 ironia
318 2209 421 2249 potius
449 2212 587 2248 utereris,
618 2217 650 2242 et
679 2212 815 2253 denique
845 2212 951 2242 onmia
979 2212 1094 2243 faceres
1125 2212 1230 2253 potius
1257 2222 1350 2253 quam
1373 2210 1575 2252 interroganti
1599 2211 1666 2242 cui-

197 2270 290 2301 quam
312 2264 525 2303 responderes.
570 2266 712 2306 Sapiens,
738 2266 878 2307 inquam,
902 2276 946 2303 es,
972 2276 990 2296 o
1017 2265 1272 2307 Thrasymacho:
1299 2271 1444 2306 recteque
1470 2265 1563 2300 nosti,
1580 2265 1665 2305 quod

196 2314 222 2344 si
249 2325 341 2356 quem
365 2317 579 2360 interrogata,
606 2325 683 2360 quot
707 2321 874 2351 duodecim
901 2324 983 2356 sunt,
1012 2320 1264 2361 interrogansque
1290 2319 1483 2360 praedicereS‚
1512 2317 1563 2348 Ne
1589 2317 1668 2349 mihi

195 2368 293 2405 dicas,
309 2371 598 2410 amice‚duodecim
615 2384 681 2404 csse
704 2374 749 2404 bis
773 2385 838 2410 sex,
853 2384 955 2414 neque
978 2379 1022 2404 ter
1046 2379 1190 2414 quatuor,
1214 2383 1315 2414 neque
1339 2372 1436 2403 sexies
1462 2372 1537 2409 duo,
1562 2381 1664 2412 neque

195 2428 305 2462 quater
328 2424 405 2455 tria:
432 2425 569 2467 alioquin
595 2427 719 2457 minime
746 2427 924 2468 hujusmodi
951 2438 1047 2468 nugas
1073 2427 1256 2457 admittam:
1280 2437 1372 2457 nemo
1388 2426 1442 2456 tibi
1466 2426 1509 2456 sic
1532 2425 1668 2456 interro-

193 2476 281 2515 ganti
318 2481 530 2519 responderet.
579 2479 625 2511 At
659 2481 682 2511 si
713 2481 770 2511 tibi
803 2481 926 2516 dixerit,
956 2481 1139 2517 Quomodo,
1178 2491 1196 2510 o
1224 2480 1465 2521 Thrasymache,
1505 2479 1596 2516 dicis,
1626 2488 1666 2509 ne

194 2531 398 2570 respondeam
428 2544 546 2569 eorum,
576 2544 646 2575 quas
681 2534 863 2575 prmdixisti‚
896 2535 1089 2575 quicquain?
1121 2539 1235 2569 utrum,
1263 2545 1282 2564 o
1310 2533 1455 2564 mirabilis
1478 2534 1539 2573 vir,
1560 2542 1663 2574 neque

193 2582 313 2614 etiamsi
341 2585 447 2616 horum
482 2587 600 2629 aliquid
639 2594 686 2619 cst
711 2589 888 2625 duodecim,
917 2589 992 2619 iliud
1023 2589 1239 2629 respondeam,
1270 2589 1323 2619 sed
1350 2588 1484 2618 alienum
1511 2586 1662 2628 quiddam

193 2644 212 2664 a
242 2637 337 2667 vero?
368 2639 414 2669 vel
453 2651 516 2681 quo
554 2647 649 2682 pacto
674 2643 705 2673 id
733 2643 800 2673 ais?
824 2643 899 2684 quid
929 2648 960 2672 tu
987 2643 1033 2673 ilii
1060 2643 1099 2672 ad
1127 2643 1220 2674 haec?
1264 2642 1378 2673 Turta.
1404 2641 1506 2678 Quam
1533 2641 1591 2672 hoe
1618 2641 1663 2672 illi

191 2689 316 2721 simite?
361 2691 416 2724 So.
441 2693 527 2724 Nihil
553 2695 710 2735 prohibet.
735 2697 876 2738 quamvis
898 2697 980 2727 enim
1008 2696 1106 2727 simile
1134 2707 1196 2726 non
1223 2696 1274 2737 sit,
1291 2696 1315 2726 si
1343 2701 1445 2725 tamen
1475 2694 1662 2734 interrogato

190 2740 236 2772 illi
274 2743 373 2776 simite
403 2746 553 2784 videatur,
593 2754 723 2789 putasne
759 2751 844 2781 illum
883 2751 984 2781 minus
1018 2762 1055 2781 ex
1093 2752 1163 2789 hoc,
1190 2751 1274 2792 qnod
1311 2749 1369 2780 sibi
1397 2748 1562 2784 videbitur,
1599 2758 1661 2779 res-

191 2806 373 2837 ponsurum,
389 2799 452 2830 sive
480 2811 536 2831 nos
561 2802 780 2834 interdicamus
802 2804 865 2834 sive
891 2805 977 2834 non?
1022 2804 1136 2834 ΤΗιιΛ.
1159 2805 1209 2835 Sic
1225 2809 1256 2835 et
1284 2809 1315 2833 tu
1343 2802 1462 2834 facies?
1485 2807 1517 2832 et
1539 2802 1658 2843 aliquid

188 2860 306 2892 eorum,
328 2862 398 2892 qum
435 2853 663 2892 interdixeram,
697 2857 921 2897 respondebis?
968 2858 1023 2889 So.
1055 2859 1307 2899 Haudquaquam
1343 2857 1518 2890 admirarer,
1557 2856 1582 2885 si
1613 2855 1663 2885 in-

187 2904 319 2943 quirenti
347 2906 418 2937 milri
441 2907 484 2938 sic
508 2897 673 2940 videretur.
716 2910 830 2941 Turta.
856 2910 899 2941 At
915 2911 938 2942 si
955 2922 1014 2952 ego
1030 2911 1121 2942 aliam
1139 2911 1370 2952 responsionem
1394 2909 1433 2940 de
1454 2909 1577 2950 justitia
1602 2908 1659 2939 dc-

188 2963 394 2990 munstrarero
420 2967 528 3001 praeter
552 2973 658 2993 omncs
683 2964 765 2996 istas,
785 2965 911 3006 istisque
935 2965 1103 2999 moliorem,
1121 2976 1179 3004 qua
1200 2970 1228 2994 tv
1245 2965 1372 3001 dignum
1392 2973 1480 3004 parua
1499 2962 1623 3009 putabis
1643 2962 1654 2992 ?
