1840 3225
275 204 352 241 204
864 199 1133 239 PLATONIS
1628 203 1742 255 ’[559

273 314 335 346 que
350 304 477 336 habebit
491 308 523 335 et
537 305 644 335 horum
662 302 776 335 similia
788 304 970 346 gubernatio
987 302 1147 346 popularis
1162 313 1170 333 :
1203 301 1384 344 critque,ut
1408 308 1549 345 apparet,
1570 303 1673 336 dulcis
1689 313 1737 334 res

271 358 401 399 publica
416 363 449 390 et
463 358 530 390 sine
546 359 627 391 duce
643 369 680 390 ac
696 358 792 396 varia,
808 359 1017 400 aequalitatem
1033 358 1190 400 quandam
1213 357 1354 388 similiter
1379 358 1552 399 aequalibus
1574 358 1738 400 inaequali-

274 412 392 453 busque
408 412 608 444 distribuens.
652 412 735 444 Ant.
761 412 933 443 Manifesta
959 412 1128 444 admodum
1154 421 1268 443 narras.
1312 412 1370 443 So.
1394 412 1628 453 Contemplare,
1652 412 1739 454 quis·

271 475 344 496 nam
367 466 412 496 vir
424 466 494 496 talis
508 467 649 507 privatim
666 466 726 497 sit:
752 477 792 497 an
808 466 886 497 sorte
903 467 1001 507 primo
1026 465 1278 506 investigandum
1302 470 1360 503 est,
1376 466 1639 507 quemadmodum
1655 466 1687 496 in
1705 476 1737 497 re

272 519 398 559 publica
415 519 557 556 fecimus,
573 530 710 561 quonam
727 524 819 561 pacto
836 520 904 550 talis
921 519 1094 550 efficiatur?
1139 519 1223 549 Am.
1245 518 1295 550 Ita
1312 530 1444 560 prorsus.
1490 519 1547 552 So.
1563 519 1680 550 Nonne
1694 519 1738 550 ita

272 573 406 604 maxime
422 573 548 611 accidit,
564 578 598 605 ut
612 574 695 605 avari
711 573 806 616 patris
821 579 852 604 et
869 584 1038 616 paucorum
1063 573 1213 615 potentias
1237 574 1347 615 cupidi
1370 574 1451 605 filius
1473 573 1586 615 aliquis
1608 574 1666 604 sub
1681 583 1737 614 pa-

271 627 366 657 rentis
390 627 524 658 moribus
547 627 721 658 nutriatur?
768 627 855 658 Am.
879 627 943 659 Cur
966 627 1055 657 non?
1101 627 1156 658 So.
1179 627 1240 658 Hic
1262 627 1293 657 vi
1310 627 1486 669 voluptates
1509 638 1580 659 suas
1600 632 1737 665 coercet,

273 689 471 722 quaeeunque
488 682 531 714 ad
544 687 686 723 sumptus
702 681 857 718 alliciunt,
872 682 992 720 nonxad
1006 681 1123 712 lucrum
1141 693 1148 711 z
1173 691 1243 722 quae
1260 682 1387 723 quidem
1404 682 1582 723 voluptates
1597 691 1661 711 non
1683 691 1737 712 ne-

271 735 410 766 cessariae
427 736 647 777 appellantur?
692 736 774 768 Am.
801 736 1007 767 Manifestum
1024 741 1081 767 est.
1125 735 1180 766 So.
1204 735 1255 766 An
1273 736 1328 772 vis,
1349 746 1389 767 ne
1404 736 1437 767 in
1451 734 1655 777 ambiguitate
1670 745 1736 766 ver-

271 798 384 826 semur,
401 788 434 820 in
451 790 555 831 primis
570 791 697 830 quidem
714 801 764 822 eas
775 800 845 832 quae
857 790 1037 821 necessariae
1053 794 1125 820 sunt
1136 790 1327 831 cupiditates
1341 795 1373 821 et
1386 800 1457 832 qnae
1469 800 1531 820 non
1542 788 1737 825 necessariae,

269 841 507 874 discernamus?
530 843 612 875 Am.
637 844 720 875 Volo
736 843 894 885 equidem.
939 844 995 876 So.
1019 843 1210 875 Necessariae
1235 843 1361 884 quidem
1378 843 1439 874 illae
1462 842 1572 874 merito
1587 852 1735 874 vocaren-

269 900 331 932 tur,
348 907 425 937 quas
440 908 583 928 amovere
597 908 660 928 non
675 908 848 939 possumus,
862 902 894 928 et
909 909 979 939 quae
995 909 1066 928 cum
1093 898 1320 939 percipiuntur,
1344 908 1401 928 nos
1423 897 1556 939 juvant:
1580 897 1635 928 has
1650 896 1733 927 enim

268 949 376 981 ambas
390 961 526 991 quaerere
539 956 679 982 naturam
696 956 831 982 nostram
858 951 1064 982 necessarium
1094 957 1153 982 est.
1177 952 1305 982 nonne?
1351 951 1433 983 Ant.
1457 951 1609 982 Maxime,
1633 949 1731 992 [559]

270 1003 328 1034 So.
349 1003 425 1034 Jure
441 1004 535 1045 igitur
547 1015 599 1035 eas
614 1005 804 1036 necessarias
819 1005 1059 1046 appellabimus.
1107 1005 1186 1036 Ani.
1208 1004 1296 1036 Jure.
1341 1005 1398 1036 So.
1422 1005 1473 1035 An
1489 1015 1553 1036 non
1575 1009 1659 1036 recte
1681 1014 1734 1034 eas

269 1057 456 1088 necessarias
473 1068 539 1089 esse
555 1059 749 1099 negabimus,
765 1070 835 1100 quae
852 1059 999 1089 removeri
1026 1064 1168 1100 possunt,
1190 1059 1317 1100 quando
1333 1058 1402 1100 quis
1416 1058 1612 1100 ajuventute
1629 1068 1737 1089 assue-
1766 1083 1776 1091 .

270 1110 349 1140 verit
364 1123 370 1140 :
397 1121 506 1152 quaeve
523 1123 594 1143 cum
610 1113 735 1150 adsunt,
748 1112 824 1143 nihil
841 1113 976 1144 afferunt
991 1113 1076 1145 boni.
1088 1114 1184 1143 immo
1197 1114 1380 1154 plerumque
1395 1113 1529 1144 nocent?
1554 1112 1636 1143 Aur.
1652 1111 1736 1142 Prae·

268 1163 351 1194 clare
366 1165 506 1207 quidem.
551 1167 606 1198 So.
631 1167 834 1208 Accipiamus
849 1178 953 1198 earum
980 1167 1150 1209 exemplar,
1169 1172 1213 1204 ut,
1230 1178 1300 1208 quae
1317 1173 1454 1208 utraeque
1475 1167 1550 1204 sint,
1564 1175 1735 1207 cognosca-

269 1226 350 1252 mus,
377 1223 409 1249 et
430 1219 464 1249 in
488 1219 587 1260 figura
616 1221 749 1262 quadam
780 1232 832 1252 eas
863 1221 1076 1263 inspiciamus.
1120 1221 1202 1253 Am.
1233 1221 1285 1253 Sic
1309 1226 1442 1262 oportet.
1487 1221 1545 1252 So.
1569 1219 1736 1261 Cupiditas

269 1271 378 1312 utique
406 1274 593 1305 comedendi
616 1275 744 1317 cibique
769 1281 802 1306 et
825 1275 960 1317 obsonii,
977 1286 1074 1317 usque
1101 1276 1140 1306 ad
1167 1275 1378 1306 salubritatem
1401 1280 1434 1306 et
1456 1275 1570 1306 bonam
1594 1273 1734 1314 corporis

271 1325 495 1369 valetudinem,
511 1328 684 1360 necessaria
699 1334 759 1361 est.
797 1329 879 1361 Am.
902 1330 1053 1361 Arbitror.
1093 1329 1149 1361 So.
1174 1329 1267 1361 Certe
1283 1329 1346 1360 cibi
1362 1339 1435 1360 usus
1449 1328 1569 1369 duplici
1584 1328 1624 1359 de
1639 1337 1733 1359 causa

268 1380 474 1420 necessarius,
503 1387 535 1412 et
560 1383 634 1424 quia
663 1383 730 1414 sine
759 1383 828 1425 ipso
858 1384 922 1415 vita
950 1395 1014 1415 non
1039 1383 1162 1420 sufficit,
1187 1389 1219 1415 et
1246 1383 1321 1425 quia
1346 1382 1440 1414 utilis.
1484 1382 1568 1413 Am.
1600 1381 1651 1413 Ita
1676 1387 1734 1412 est.

267 1433 325 1465 So.
343 1433 482 1465 Allorum
497 1446 569 1466 vcro
580 1437 862 1475 condimentorum,
873 1443 1027 1480 quatenus
1043 1439 1081 1469 ad
1095 1439 1207 1469 bonam
1219 1437 1356 1479 corporis
1371 1436 1588 1468 habitudinem
1601 1435 1732 1467 confert.

268 1485 350 1517 Am.
373 1487 513 1521 Prorsus.
559 1491 615 1523 So.
640 1491 695 1522 Sin
711 1492 832 1523 confert
856 1492 933 1523 nihil
962 1493 1071 1523 horum
1097 1491 1353 1534 concupiscentia
1373 1500 1577 1532 supervacua,
1592 1499 1662 1531 quae
1679 1499 1734 1531 per

272 1543 507 1582 temperantiam
524 1553 543 1574 a
561 1543 729 1585 juventute
743 1546 878 1577 coerceri
901 1551 1015 1588 potest,
1039 1546 1128 1577 obest
1142 1551 1246 1577 autem
1262 1544 1396 1586 corpori,
1419 1544 1508 1575 obest
1527 1549 1560 1574 et
1582 1542 1679 1574 menti
1693 1542 1734 1573 ad

268 1595 466 1635 prudentiam
490 1601 522 1628 et
545 1599 792 1640 temperantiam,
818 1600 925 1630 merito
949 1611 1012 1630 non
1036 1599 1207 1631 necessaria
1229 1598 1451 1630 nominabitur.
1498 1597 1580 1629 Anr.
1602 1596 1735 1629 Merito.

269 1649 326 1681 So.
342 1649 409 1681 Has
422 1651 514 1692 igitur
527 1657 723 1692 sumptuosas
737 1653 937 1695 cupiditates,
953 1654 1022 1685 illas
1038 1665 1109 1685 vero
1121 1654 1255 1696 quaestui
1277 1653 1411 1688 deditas,
1423 1651 1499 1693 quia
1513 1650 1676 1683 conferant
1690 1649 1729 1681 ad

268 1705 437 1743 agendum,
456 1705 645 1739 vocabimus.
689 1707 772 1738 Am.
796 1707 939 1745 Quidni?
979 1708 1034 1739 So.
1057 1708 1210 1749 Idemque
1226 1708 1265 1738 de
1281 1706 1419 1738 venereis
1434 1705 1565 1747 aliisque
1580 1705 1735 1738 dicemus.

269 1756 354 1788 Am.
378 1758 479 1790 Idem.
524 1760 579 1792 So.
607 1761 766 1798 Profecto,
782 1772 875 1803 quem
892 1762 998 1792 fucum
1015 1762 1108 1802 paulo
1123 1767 1196 1792 ante
1212 1760 1450 1795 nominavimus,
1466 1759 1548 1790 hunc
1563 1768 1630 1789 esse
1645 1758 1732 1790 dice·

270 1811 389 1849 bamus,
406 1813 459 1853 qui
477 1814 589 1845 talibus
606 1815 818 1856 voluptatibus
833 1820 866 1846 et
880 1814 1059 1845 libidinibus
1075 1815 1185 1856 plenus
1197 1818 1244 1845 est
1259 1818 1291 1844 et
1306 1812 1531 1854 cupiditatibus
1547 1821 1609 1842 non
1626 1822 1734 1843 neces—

269 1865 355 1895 sariis
371 1871 417 1897 est
433 1868 647 1910 mancipatus:
672 1879 743 1900 eum
771 1879 856 1908 vero,
877 1869 931 1910 qui
959 1868 1152 1909 necessariis,
1177 1877 1304 1909 parcum
1328 1871 1360 1897 et
1383 1875 1553 1907 paucorum
1580 1866 1732 1906 potentias

268 1919 431 1959 cupidum.
465 1920 546 1953 Am.
569 1922 682 1953 Procul
698 1922 807 1953 dubio.
852 1923 906 1954 So.
932 1921 1053 1953 Rursus
1069 1922 1212 1958 dicimus,
1229 1920 1491 1963 quemadmodum
1506 1929 1543 1950 ex
1560 1929 1731 1960 paucorum

268 1974 421 2012 potentia:
446 1974 563 2016 cupido
590 1975 750 2017 popularis
776 1975 919 2007 efficitur.
940 1975 1063 2007 videtur
1089 1980 1192 2007 autem
1220 1974 1294 2006 mihi
1315 1975 1374 2005 hoc
1398 1978 1492 2015 pacto
1516 1977 1550 2004 ut
1563 1972 1730 2014 plurimum

269 2024 348 2056 fieri.
391 2027 473 2058 Aur.
498 2028 643 2065 Quonam
657 2030 668 2060 ?
714 2030 770 2060 So.
795 2030 931 2067 Quando
944 2029 1082 2071 juvenis,
1099 2035 1135 2060 ut
1151 2029 1244 2060 modo
1260 2027 1407 2067 diximus,
1423 2026 1556 2058 nutritus
1569 2026 1687 2058 ruditer
1699 2032 1732 2058 et

267 2077 354 2110 aride
369 2080 499 2111 nimium
515 2082 654 2113 sucorum
671 2083 730 2114 mel
749 2088 864 2124 gustat,
886 2084 1085 2125 adhaeretque
1111 2083 1290 2114 ardentibus
1306 2080 1605 2122 vehementibusque
1620 2086 1652 2111 et
1667 2080 1732 2112 cal-

268 2131 340 2163 lidis
352 2133 550 2172 animalibus,
567 2137 747 2177 potentibus
769 2137 968 2168 ornnisormes
991 2143 1023 2168 et
1045 2137 1144 2168 varias
1166 2137 1344 2178 voluptates
1367 2134 1506 2176 undique
1529 2144 1730 2175 comparare:

267 2185 343 2217 hinc
359 2187 466 2228 utiquo
488 2183 630 2219 existima
646 2200 714 2220 eam
731 2189 802 2221 oriri
827 2190 1043 2227 mutationem,
1067 2200 1129 2231 qua
1151 2191 1210 2221 iste
1232 2200 1270 2220 ex
1293 2199 1462 2230 paucorum
1488 2187 1640 2228 potentia,
1658 2199 1730 2230 quae

267 2238 356 2270 ineo
371 2245 430 2277 est,
455 2241 563 2272 transit
578 2242 608 2272 in
625 2242 818 2283 popularem.
864 2242 947 2274 Am.
972 2243 1189 2275 Necessarium
1212 2248 1270 2274 est.
1317 2242 1373 2273 So.
1394 2240 1561 2282 quuid,
1577 2242 1729 2282 quemad-

266 2295 396 2325 modum
412 2294 521 2325 civitas
537 2296 723 2333 mutabatur,
747 2297 821 2327 dum
845 2297 1033 2328 extrinsecus
1051 2296 1225 2338 praesidium
1246 2296 1379 2338 partium
1396 2294 1483 2326 alteri
1499 2300 1694 2336 praestaretur
1709 2307 1730 2327 a

267 2347 360 2378 simili
374 2348 495 2380 simile:
519 2349 563 2380 ita
578 2350 785 2382 adolescentis
801 2356 936 2381 mutatur
951 2351 1123 2392 ingenium,
1140 2351 1214 2382 dum
1230 2360 1331 2382 rursus
1353 2355 1546 2381 externarum
1569 2349 1730 2391 cupidita-

269 2406 334 2432 tum
349 2402 470 2443 species
485 2409 619 2444 cognata
634 2410 667 2435 et
689 2405 795 2435 similis
819 2404 907 2436 alteri
932 2405 1140 2446 cupiditatum
1168 2404 1284 2446 speciei
1306 2415 1422 2440 earum,
1445 2413 1516 2445 quae
1538 2403 1624 2434 ineo
1639 2409 1729 2440 sunt.

268 2455 475 2497 suffragatur?
519 2457 602 2488 Am.
635 2458 762 2489 Prorsus
789 2458 927 2500 quidem.
974 2458 1030 2490 So.
1055 2459 1149 2496 Quod
1173 2459 1200 2490 si
1226 2457 1296 2499 quis
1322 2462 1430 2489 contra
1455 2461 1617 2498 praestetur
1639 2457 1728 2488 favor

267 2514 385 2540 naturae
402 2509 470 2551 ejus
488 2521 655 2552 paucorum
680 2510 800 2553 imperii
821 2512 982 2552 studiosae,
1008 2512 1072 2543 sive
1088 2523 1105 2542 a
1122 2517 1208 2553 patre
1232 2522 1286 2543 seu
1311 2510 1491 2542 domesticis
1515 2510 1597 2547 aliis,
1624 2509 1724 2552 [560]

267 2562 508 2594 admonentibus
531 2564 827 2606 increpantibusque
840 2576 847 2596 :
873 2565 985 2596 seditio
999 2571 1031 2596 et
1046 2565 1208 2597 reluctatio
1223 2571 1256 2596 et
1272 2575 1378 2607 pugna
1392 2564 1426 2595 in
1439 2564 1508 2606 ipso
1523 2564 1562 2594 ad
1575 2573 1608 2594 se
1624 2564 1727 2605 ipsum

266 2619 341 2647 tunc
354 2616 535 2649 innascitur.
580 2617 661 2650 Am.
686 2617 751 2649 Cur
766 2619 854 2649 non?
899 2618 954 2650 So.
979 2619 1019 2649 Et
1034 2620 1236 2661 quandoque,
1260 2624 1295 2649 ut
1319 2618 1460 2658 arbitror,
1476 2617 1632 2658 popularis
1647 2627 1725 2648 con·

267 2669 347 2700 ditio
363 2680 531 2710 paucorum
549 2673 642 2703 statui
664 2672 760 2709 cedit,
777 2677 809 2703 et
823 2672 981 2703 nonnullae
997 2672 1186 2714 cupiditates
1203 2672 1312 2714 partim
1331 2671 1498 2706 intereunt,
1514 2670 1626 2712 partim
1641 2671 1726 2702 exci-

267 2724 359 2763 dunt,
378 2724 494 2763 pudore
511 2724 616 2765 aliquo
642 2725 673 2755 in
697 2726 800 2756 animo
824 2725 958 2767 juvenili
982 2732 1099 2758 exorto.
1123 2728 1207 2758 unde
1233 2736 1334 2757 rursus
1359 2724 1520 2756 excolitur.
1565 2723 1651 2755 Am.
1674 2724 1728 2755 Fit

266 2787 502 2817 nonnunquam.
537 2778 592 2810 So.
611 2777 730 2809 Rursus
747 2784 857 2820 praetcr
870 2789 933 2817 eas,
949 2790 1018 2821 quae
1029 2780 1222 2817 exciderunt,
1234 2779 1422 2820 cupiditates
1434 2777 1502 2808 aliae
1514 2776 1728 2809 coalescentes

267 2836 421 2871 cognatas,
452 2838 577 2873 propter
604 2832 758 2864 inscitiam
799 2839 934 2876 paternae
972 2834 1167 2865 educationis
1203 2834 1307 2865 multae
1346 2832 1605 2873 vehementesque
1633 2830 1726 2861 fiunt.

266 2885 350 2917 Am.
374 2885 425 2918 Sic
440 2890 521 2918 certe
539 2886 602 2918 fieri
618 2888 790 2920 consuevit.
836 2888 892 2920 So.
916 2888 1158 2929 Trahuntporro
1183 2888 1221 2919 ad
1249 2898 1281 2918 sc
1302 2885 1556 2923 consuetudines,
1582 2894 1631 2923 ac,
1647 2884 1724 2931 dum
