1840 3225
255 213 335 252 262
852 207 1114 247 PLAToms
1539 224 1541 226 -
1640 209 1712 260 [66

254 315 389 346 busdam
411 319 445 345 et
471 312 721 346 concretionibus
746 311 824 346 fieri,
849 321 885 342 ac
909 317 1061 354 praeterea
1084 311 1220 342 laevitate
1237 312 1470 353 asperitateque
1492 312 1593 354 magis
1616 321 1713 354 quam

253 374 361 400 cetera
375 369 432 399 uti.
453 368 626 399 tenduntur
649 376 668 397 a
684 366 790 408 lingua
805 376 893 397 venae
908 367 946 396 ad
965 365 1069 397 cordis
1091 365 1209 402 sedem,
1226 375 1373 407 saporum
1384 366 1503 397 nuntiae
1517 378 1526 397 ε
1550 367 1583 397 in
1595 376 1675 408 quas
1689 367 1716 398 si

255 432 317 463 qua
344 422 388 453 ita
412 422 591 458 inciderint,
606 425 642 452 ut
667 420 829 451 humidam
852 421 953 451 carnis
974 421 1140 451 mollitiem
1157 421 1365 461 penetrantia,
1383 421 1519 451 terrestri
1533 429 1591 451 sua
1605 426 1717 451 natura

255 476 379 508 modice
392 477 571 518 liquefacta,
581 485 678 506 venas
688 475 772 516 ipsas
785 476 969 506 contrahant
982 475 1169 515 arefaciantq
1175 484 1224 510 ue,
1236 484 1363 516 sapores
1380 474 1559 515 hujusmodi
1569 473 1693 516 pariunt
1710 486 1716 503 ε

255 530 415 566 videlicet,
426 531 451 561 si
461 531 614 571 asperiora
626 534 708 565 sunt,
725 529 854 560 acerbos
866 538 1015 569 acresque
1028 539 1036 567 ;
1051 529 1099 558 sin
1115 538 1225 569 aspera
1239 529 1351 565 minus,
1367 534 1506 560 austeros
1519 533 1552 559 et
1561 529 1717 570 ponticos.

256 595 327 626 quae
351 590 385 615 et
408 585 480 615 illas
502 589 646 626 purgant,
674 588 718 620 et,
745 584 772 613 si
793 593 856 624 qua
868 583 983 623 lingua:
995 583 1217 618 inhaerescunt,
1231 583 1384 614 abluunt:
1409 583 1527 614 siultra
1540 582 1669 614 modum
1679 581 1715 613 id

255 638 383 675 faciant,
406 644 586 680 naturaeque
611 638 711 679 ipsius
731 637 875 669 nonnihil
896 637 1112 678 liquefaciant,
1134 638 1234 678 qualis
1247 643 1296 668 est
1306 638 1339 668 in
1350 637 1433 668 nitro
1446 637 1599 678 potentia,
1611 646 1717 668 amara

255 693 362 723 omnia
375 693 586 724 nominantur.
601 693 649 722 sin
665 698 772 723 autern
786 692 850 722 vim
860 691 941 723 nitro
951 691 1204 733 temperatiorem
1218 691 1335 722 habent
1346 692 1511 733 leniosque
1523 691 1718 733 abstergunt,

257 747 351 783 salsa,
378 747 445 778 sine
470 746 688 778 amaritudinis
710 746 891 788 asperitate,
916 746 1079 787 magisque
1104 746 1206 777 amica
1230 745 1322 776 nobis
1345 751 1507 787 apparent.
1529 756 1599 787 quae
1610 750 1717 776 autem

257 801 414 842 applicata
426 801 486 832 oris
500 801 664 837 caliditati,
677 801 716 831 ab
731 811 831 841 eoque
846 800 971 831 mollita
984 805 1016 830 et
1031 799 1201 831 fervefacta
1214 800 1316 841 ipsum
1341 800 1480 831 vicissim
1500 799 1717 836 fervefaciunt,

257 864 373 896 suaque
399 855 526 886 levitate
541 865 661 886 sursum
676 856 715 885 ad
732 865 841 886 sensus
857 854 971 896 capitis
985 855 1158 891 elevantur,
1173 864 1289 896 suoque
1302 858 1422 885 attactu
1436 854 1558 895 singula
1575 853 1722 885 dividunt

257 914 383 950 propter
404 908 581 951 hujusmodi
606 909 697 945 vires,
722 913 814 939 acuta
839 913 1002 940 vocantur.
1035 908 1110 950 [66]
1150 907 1338 950 quandoque
1362 918 1436 939 vero
1461 909 1529 939 haec
1540 907 1663 944 eadem,
1678 918 1717 939 ex

257 963 425 1004 putredine
438 968 609 999 attenuata,
623 966 771 1004 angustas
787 972 884 994 venas
899 962 1128 1003 ingrediuntur,
1152 967 1331 1003 coguntque
1346 966 1452 1002 partes
1463 962 1637 998 interiores,
1653 967 1719 993 tam

256 1021 395 1047 terrenas
428 1027 523 1058 quam
546 1016 776 1058 quodammodo
799 1016 918 1052 aereae,
934 1017 1071 1058 jactatas
1090 1015 1226 1046 invicem
1247 1015 1453 1051 commisceri,
1487 1015 1719 1058 permixtasque

257 1070 438 1101 circumlabi
464 1071 552 1107 alias,
580 1076 612 1101 et
635 1071 713 1101 alias
735 1071 868 1112 ingredi,
896 1071 1098 1112 ingressuque
1114 1080 1171 1100 suo
1186 1074 1367 1111 penetratas
1381 1079 1535 1101 concavas
1548 1073 1717 1111 censesque

258 1124 382 1155 efficere
396 1136 404 1155 ε
428 1124 482 1155 ubi
503 1135 658 1156 concavus
679 1130 711 1156 et
725 1125 920 1166 ampullosus
933 1126 1040 1155 humor
1052 1124 1119 1155 a'e'ri
1135 1123 1406 1160 circumfunditur,
1421 1124 1512 1165 isque
1522 1125 1631 1155 humor
1642 1124 1722 1155 alias

257 1183 376 1209 terreus
402 1171 527 1220 quoquo
549 1179 643 1210 modo
675 1185 734 1215 est,
761 1180 838 1210 alias
864 1190 971 1221 purus,
995 1180 1093 1221 fitque
1119 1189 1159 1209 ex
1173 1188 1255 1220 aqua
1277 1188 1415 1210 concava
1449 1179 1610 1209 vasculum
1636 1178 1723 1210 afiris

256 1232 420 1264 humidum
442 1239 536 1275 atque
559 1235 686 1265 clarum.
708 1234 766 1265 sed
788 1233 874 1275 quod
896 1244 934 1264 ex
956 1244 1034 1275 pura
1048 1233 1188 1264 nascitur
1207 1243 1298 1274 aqua,
1313 1233 1457 1274 perlucet
1475 1233 1627 1273 undique,
1651 1242 1719 1263 am-

257 1287 406 1328 pullaque
431 1293 581 1326 vocatum
598 1288 682 1330 quod
697 1294 803 1319 autem
826 1298 862 1319 ex
880 1289 1035 1319 lutulento
1058 1287 1160 1329 magis
1183 1288 1323 1323 humore,
1339 1287 1431 1318 simul
1455 1288 1572 1328 agitato
1592 1286 1721 1329 quidem

256 1341 404 1383 elatoque
429 1347 462 1373 et
484 1343 702 1379 circumtenso‚
720 1342 890 1379 conficitur,
907 1343 1060 1379 ebullitio,
1077 1343 1164 1373 bulla
1188 1342 1438 1382 fermentumque
1462 1341 1586 1372 dicitur.
1608 1341 1719 1372 harum

256 1396 396 1427 omnium
411 1397 592 1438 passionum
612 1407 706 1428 causa
730 1396 821 1428 acida
836 1398 972 1438 qualitas
991 1397 1179 1438 appellatur.
1193 1397 1242 1427 his
1257 1396 1409 1432 omnibus,
1425 1406 1494 1437 quae
1510 1395 1551 1427 de
1573 1396 1621 1426 his
1636 1395 1723 1426 dicta

256 1455 340 1486 sunt,
357 1451 512 1482 contraria
533 1451 639 1492 passio
655 1461 674 1482 a
697 1451 856 1482 contraria
871 1461 965 1482 causa
992 1451 1208 1492 proficiscitur.
1230 1451 1357 1492 quando
1383 1460 1456 1481 vero
1479 1450 1722 1491 ingredientium

255 1505 392 1546 qualitas
404 1505 532 1536 humida
540 1511 589 1536 est
600 1506 715 1547 linguae
731 1506 875 1547 qualitati
885 1506 1068 1536 naturaliter
1081 1515 1210 1536 concors
1224 1511 1257 1536 et
1269 1512 1490 1541 consentanea,
1507 1514 1543 1535 ac
1556 1504 1637 1535 lenit
1644 1504 1720 1535 ruol-

253 1559 353 1601 litque
378 1569 459 1596 eam,
475 1566 730 1601 contractamque
746 1560 906 1591 demulcet
929 1560 1142 1601 asperitatem,
1158 1566 1191 1591 et
1206 1570 1275 1601 quae
1290 1559 1324 1590 in
1338 1559 1428 1591 nobis
1441 1563 1555 1600 praeter
1575 1563 1720 1589 naturam

255 1619 416 1645 contracta
424 1615 475 1644 vel
487 1624 593 1656 sparsa
601 1614 738 1650 fuerunt,
747 1615 868 1645 relaxat
879 1615 929 1645 vel
943 1615 1074 1655 colligit,
1090 1625 1127 1645 ac
1140 1614 1317 1644 summatim
1328 1614 1505 1644 naturalem
1515 1613 1647 1654 singulis
1656 1622 1721 1643 res-

252 1667 339 1699 tituit
352 1668 503 1705 habitum,
519 1679 614 1699 suave
630 1668 807 1711 hujusmodi
822 1679 914 1699 omne
927 1669 1123 1709 amicumque
1140 1674 1189 1699 est
1201 1668 1358 1703 omnibus,
1374 1668 1579 1698 violentarum
1595 1676 1720 1708 quoque

252 1723 434 1764 passionum
447 1723 607 1754 medicina
622 1728 715 1764 atque
732 1723 913 1759 remedium,
931 1722 1086 1763 dulceque
1108 1729 1246 1753 vocatur.
1271 1721 1366 1753 Circa
1379 1721 1501 1752 narium
1518 1721 1583 1751 vim
1597 1721 1722 1762 species

253 1785 318 1808 non
333 1777 416 1808 s'unt.
437 1777 611 1818 semigenia
625 1778 711 1807 enim
720 1776 850 1807 odorum
861 1781 984 1807 natma.
999 1777 1119 1818 speciei
1134 1786 1211 1807 vero
1223 1776 1304 1806 nulli
1317 1776 1469 1817 competit
1478 1774 1607 1806 odorem
1619 1775 1720 1806 ullum

252 1831 369 1862 habere
385 1842 392 1861 :
418 1831 473 1862 sed
496 1836 610 1862 nostrae
627 1831 710 1862 circa
725 1832 792 1861 haec
808 1840 897 1861 venae
914 1831 952 1861 ad
969 1835 1059 1860 terrae
1075 1835 1109 1861 et
1123 1840 1212 1870 aquae
1238 1839 1352 1870 genera
1369 1829 1565 1870 angustiores
1578 1833 1663 1865 sunt,
1679 1828 1720 1860 ad

251 1885 336 1926 ignis
350 1895 425 1916 vero
439 1885 583 1926 aerisque
600 1895 716 1926 genera
729 1885 866 1915 latiores.
889 1885 1035 1925 quocirca
1059 1894 1153 1915 nemo
1166 1893 1305 1924 unquam
1318 1883 1447 1914 istorum
1469 1883 1607 1924 aliquem
1622 1882 1722 1914 sensit

253 1939 403 1971 odorem:
420 1940 476 1970 sed
489 1940 522 1970 in
537 1938 769 1970 madefactione
782 1939 977 1980 quorundam
989 1939 1040 1969 vel
1056 1938 1279 1980 liquefactione
1291 1938 1341 1968 vel
1355 1938 1576 1978 evaporatione
1587 1937 1721 1978 gignun-

253 1998 304 2024 tur
328 1993 449 2025 odores.
495 2004 566 2024 cum
581 1993 667 2024 enirn
689 1993 723 2023 in
739 1993 846 2024 ae‘rem
863 2003 944 2034 aqua
957 1993 1009 2023 vel
1034 1993 1091 2023 ae'r
1105 1993 1138 2023 in
1153 2002 1266 2033 aquam
1281 1991 1403 2027 transit,
1418 1991 1451 2022 in
1465 1990 1570 2022 medio
1591 1991 1721 2022 istorum

254 2047 368 2078 odores
383 2048 472 2083 fiunt,
485 2048 647 2088 omnisque
659 2047 736 2078 odor
747 2053 800 2077 aut
814 2047 917 2077 fumus
929 2053 977 2078 est
993 2054 1047 2078 aut
1058 2048 1171 2087 caligo.
1183 2047 1239 2077 sed
1254 2047 1365 2077 horum
1380 2045 1464 2087 quod
1479 2055 1517 2076 ex
1533 2045 1607 2078 a'e're
1618 2051 1721 2076 muta-

254 2105 304 2131 tur
319 2101 351 2131 in
368 2111 491 2142 aquam,
508 2101 611 2142 caligo
628 2112 636 2138 ;
652 2101 735 2141 quod
750 2110 825 2131 vero
841 2110 878 2131 ex
895 2110 977 2141 aqua
991 2101 1024 2131 in
1041 2101 1158 2136 a'erem,
1175 2101 1289 2131 fumus.
1310 2101 1386 2131 hinc
1401 2100 1447 2135 fit,
1463 2107 1497 2130 ut
1511 2109 1593 2141 aqua
1607 2101 1721 2131 odores

254 2155 410 2186 tenuiores
426 2155 500 2190 sint,
517 2155 590 2186 aere
607 2155 783 2185 crassiores.
806 2155 889 2196 quod
906 2155 1040 2185 maxime
1057 2155 1254 2196 perspicuum
1271 2154 1316 2189 fit,
1330 2154 1466 2195 quando,
1482 2160 1569 2184 certa
1583 2154 1719 2195 quadam

252 2219 287 2239 re
301 2208 428 2239 naribus
453 2214 646 2245 occurrente,
660 2209 774 2250 aliquis
789 2209 820 2238 in
841 2219 874 2239 se
890 2209 994 2249 ipsum
1008 2210 1212 2239 veliementer
1232 2208 1376 2248 spiritum
1389 2207 1531 2238 retrahit.
1551 2213 1627 2238 tunc
1643 2217 1720 2239 sane

252 2262 359 2292 nullus
373 2262 465 2292 simul
480 2261 583 2292 influit
603 2261 690 2297 odor,
707 2261 833 2302 spiritus
859 2267 964 2292 autem
980 2261 1019 2292 ab
1035 2261 1129 2292 odore
1145 2262 1247 2292 nudus
1263 2262 1345 2292 solus
1366 2261 1516 2302 sequitur.
1538 2260 1609 2291 duze
1625 2261 1719 2302 igitur

255 2315 304 2345 lrae
319 2315 354 2346 in
377 2315 424 2346 his
435 2315 602 2346 varietates
618 2315 735 2356 absque
759 2315 886 2345 nomine
902 2320 984 2350 suut,
1004 2314 1078 2356 [67]
1095 2325 1155 2345 nec
1178 2325 1215 2346 ex
1232 2315 1374 2356 pluribus
1389 2325 1449 2346 nec
1471 2325 1509 2345 ex
1524 2314 1720 2356 simplicibus

255 2369 440 2411 speciebus:
466 2369 523 2399 sed
538 2369 600 2400 duo
614 2369 658 2399 ibi
673 2369 800 2399 nomina
815 2374 937 2400 tantum
951 2369 1119 2400 manifesta
1134 2375 1216 2406 sunt,
1233 2379 1327 2400 suave
1348 2370 1472 2401 scilicet
1486 2375 1520 2401 et
1542 2369 1722 2401 molestum.

255 2425 318 2455 hoc
334 2422 463 2465 quidem
477 2423 631 2454 disturbat
641 2423 799 2464 violatque
813 2433 939 2454 omnem
954 2433 1026 2454 eam
1037 2425 1256 2465 capacitatem,
1272 2433 1342 2465 quae
1356 2433 1375 2455 a
1390 2434 1512 2455 summo
1527 2423 1639 2465 capitia
1652 2432 1721 2453 ver·

254 2478 318 2509 tice
333 2478 374 2509 ad
384 2478 567 2509 umbilicum
580 2477 788 2520 protenditur.
809 2478 890 2509 illud
906 2488 979 2509 vero
991 2478 1126 2509 eandem
1136 2479 1266 2515 mulcet,
1277 2483 1310 2509 et
1318 2478 1421 2510 amico
1431 2477 1568 2520 quodam
1580 2477 1722 2519 ingressu

255 2533 431 2563 naturalem
447 2533 511 2575 ejus
527 2538 630 2564 servat
645 2533 796 2564 habitum.
826 2533 965 2564 Tertiam
981 2539 1133 2574 praeterea
1142 2534 1207 2564 vim
1222 2533 1392 2569 sentiendi,
1404 2533 1546 2564 auditum
1560 2531 1720 2565 videlicet,

255 2586 301 2617 ita
312 2586 511 2618 considerare
525 2587 684 2624 debemus,
700 2594 745 2624 ut,
761 2588 873 2630 quibus
884 2598 922 2618 ex
934 2589 1036 2619 causis
1048 2589 1212 2629 passiones
1225 2589 1290 2631 ejus
1304 2587 1501 2629 proveniant,
1516 2595 1720 2627 exponamus.

258 2641 387 2672 omnino
397 2641 491 2682 igitur
504 2652 615 2674 vocem
627 2652 779 2684 ponamus
789 2643 999 2684 pulsationem
1014 2643 1173 2684 quandam
1187 2643 1227 2674 ab
1242 2642 1316 2674 aere
1327 2651 1384 2683 per
1397 2650 1487 2672 aures
1495 2640 1720 2680 cerebrumque

250 2700 290 2726 et
305 2696 490 2736 sanguinem
504 2707 602 2737 usque
617 2697 657 2728 ad
674 2698 810 2728 animam
824 2703 1053 2739 penetrantem.
1076 2704 1183 2729 natam
1198 2703 1322 2739 quoque
1337 2705 1377 2726 ex
1392 2704 1431 2726 ea
1444 2694 1626 2729 motionem,
1641 2693 1721 2724 inci·

257 2749 398 2790 pientem
413 2760 431 2780 a
447 2750 550 2791 capite
566 2757 599 2781 et
612 2752 646 2782 in
662 2751 771 2783 sedem
783 2752 900 2794 jecoris
921 2752 1129 2787 desinentem,
1147 2752 1287 2783 auditum
1304 2759 1459 2781 vocemus.
1479 2748 1577 2780 motio
1591 2746 1721 2789 quidem

257 2804 348 2834 velox
364 2809 456 2835 acuta
472 2805 626 2845 provenit,
642 2806 733 2837 tarda
748 2807 850 2848 gravis
864 2818 870 2837 ;
889 2817 951 2838 una
968 2808 1098 2848 {equalis
1112 2813 1206 2848 atque.
1222 2805 1320 2840 laevis,
1337 2804 1494 2836 contraria
1510 2812 1583 2833 vero
1598 2811 1720 2843 aspera.

258 2867 382 2900 magna,
398 2868 468 2899 quae
485 2859 581 2889 multa
595 2871 600 2888 :
618 2870 724 2900 parva.
741 2872 811 2902 quae
827 2871 936 2903 pauca.
972 2862 1079 2893 harum
1095 2872 1207 2892 vocum
1223 2858 1422 2891 concordiam
1437 2856 1719 2897 consonantiamque

257 2913 290 2944 iu
305 2912 506 2954 sequentibus
521 2912 758 2947 declarabimus.
779 2916 927 2958 Sequitur
941 2921 1083 2957 quartum
1099 2914 1257 2948 sentiendi
1272 2922 1370 2955 genus
1383 2910 1618 2954 exponendum.
1633 2908 1716 2951 quod
