1840 3225
77 242 176 293 459]
525 242 597 280 DE
627 240 931 279 REPUBLICA
966 244 1061 282 Lm.
1097 245 1141 283 v.
1469 249 1543 285 ηπ

77 345 132 377 bili
148 350 180 376 et
196 345 381 386 impossibili
396 344 581 385 deliberent,
596 343 683 386 quasi
698 343 731 375 id
747 344 785 374 sit
797 343 875 385 jam,
892 346 977 386 quod
1004 347 1165 382 affectant.
1185 353 1305 389 ponunt
1331 359 1367 380 ac
1393 349 1542 391 deinceps

71 399 193 441 reliqua
207 399 365 440 digerunt,
381 399 651 439 oblectanturquc,
667 398 741 428 dum
757 398 949 438 excogitant,
967 400 1071 439 qualia
1088 407 1238 440 praescntc
1254 402 1308 433 illo
1326 403 1436 434 facturi
1453 404 1513 434 sint
1530 417 1536 434 :

70 458 164 495 atque
177 453 223 484 ita
238 459 410 494 torpentem
427 452 562 483 animum
579 451 673 482 etiam
692 450 918 491 languidiorem
944 452 1090 484 reddunt.
1115 455 1195 485 lia-ad
1222 466 1311 486 secus
1337 462 1369 487 et
1395 456 1461 498 ipse
1487 458 1534 498 pi-

69 517 200 548 gresco:
224 507 382 548 cupioque
398 505 429 536 in
447 506 530 536 aliud
555 511 676 546 tempus
689 504 950 545 disceptationem
981 506 1064 536 illuni
1094 507 1229 543 ‹litl'errm
1246 509 1448 549 possibiliane
1477 510 1535 540 ista

67 560 130 591 sint
144 557 274 592 an‘non.
298 561 329 591 in
346 560 509 601 pra-sentia
534 570 604 590 vero
630 559 716 599 quasi
749 559 908 600 possibilia
934 559 995 589 sint
1020 561 1200 597 admittens,
1217 563 1400 603 perquiram,
1417 563 1442 593 si
1467 564 1534 605 ipce
1558 599 1565 602 ‚

67 616 250 656 permiseris,
266 626 327 656 qua
343 615 461 646 ratione
478 615 544 646 liaec
560 614 741 645 exsistentia
757 614 913 655 principes
939 614 1001 655 ipsi
1026 615 1197 656 disponent
1212 628 1217 645 ε
1245 618 1369 656 quodve
1393 618 1530 647 (minium

66 669 230 700 utilissima
245 674 335 700 erunt
350 669 422 705 ista,
439 668 462 699 si
479 669 567 705 fiant,
586 674 646 700 tam
664 668 848 699 custodibus
865 678 958 709 quam
976 668 1108 701 civitati.
1133 670 1199 701 lraec
1224 671 1361 700 conabor
1384 672 1530 711 equidem

65 722 150 764 prius
179 729 280 755 tecum
307 721 524 762 considerare3
558 723 611 753 illa
641 733 712 753 vero
742 723 909 764 posterius,
939 723 963 753 si
993 724 1194 755 concesseris,
1243 723 1356 755 Gmu.
1382 724 1531 755 Concedo

63 777 232 819 equidem:
258 779 419 810 considera
434 777 512 819 jam.
557 775 613 808 So.
639 776 781 807 Arbitror
795 777 900 818 igitur,
917 778 941 807 si
967 779 1061 808 modo
1089 783 1180 808 erunt
1207 777 1362 819 principes
1390 779 1449 808 hoc
1474 789 1530 808 no-

62 832 146 863 mine
161 832 259 873 digni,
275 833 449 873 eodemque
467 832 559 862 modo
576 832 684 861 horum
701 831 846 867 ministri,
864 831 919 861 lios
935 830 1062 871 quidem
1089 831 1167 861 velle
1194 832 1320 871 exsequi
1347 841 1416 872 quae
1443 842 1531 862 man-

61 884 186 924 dantur,
202 886 272 917 illos
288 892 391 916 autem
409 884 579 927 praecipere
597 885 706 927 partim
724 885 799 925 ipsis
817 889 960 925 parentes
978 885 1110 926 legibus,
1129 886 1237 926 partim
1265 885 1434 921 imitantes,
1452 896 1532 926 qua-

62 945 152 971 tenus
169 940 231 970 illis
247 951 302 970 nos
319 940 559 982 permiserimus,
606 938 721 970 GLAU.
747 939 912 969 Probabile
939 939 970 969 id
998 940 1137 980 quidem.
1183 938 1237 969 So.
1260 939 1308 969 Tu
1334 939 1427 980 igitur
1453 940 1531 981 legis

59 994 204 1025 conditor
216 994 291 1035 ipsis
307 994 569 1036 quemadmodum
587 993 668 1023 viros
684 993 821 1033 elegisti,
836 993 879 1022 ita
896 999 928 1023 et
944 993 1086 1023 mulieres
1103 992 1233 1032 eligens,
1249 993 1412 1033 praebebis,
1424 994 1527 1034 quoad

61 1047 127 1079 fieri
145 1053 259 1089 potest,
274 1048 451 1079 consimiles
468 1047 548 1078 intei-
564 1058 595 1077 se
613 1047 752 1087 ingenie.
776 1046 826 1077 isti
852 1052 969 1083 autem,
987 1052 1096 1088 utpote
1122 1047 1206 1076 aedes
1232 1052 1264 1076 et
1288 1047 1531 1078 comessationes

58 1113 241 1134 communes
269 1103 429 1142 habentes,
446 1101 603 1142 proprium
630 1110 701 1131 vero
726 1100 804 1131 nihil
833 1101 939 1130 talium
969 1101 1176 1141 possidentes,
1194 1110 1257 1130 una
1285 1100 1482 1140 habitabunt,
1498 1106 1529 1130 et

57 1156 191 1188 invicem
207 1157 446 1198 congredientes
463 1156 493 1186 in
511 1155 682 1197 gymnasiis
698 1165 733 1185 ac
751 1154 870 1195 reliquo
887 1154 971 1184 victu
990 1154 1028 1184 ab
1044 1154 1162 1188 innata,
1179 1158 1213 1183 ut
1237 1154 1375 1189 arbitror,
1393 1154 1529 1185 necessi-

59 1214 122 1241 tate
138 1211 177 1241 ad
196 1216 331 1241 mutuam
351 1211 509 1240 trahentur
537 1209 802 1240 commixtionem.
826 1218 866 1238 an
894 1219 957 1238 non
983 1208 1154 1239 necessaria
1183 1208 1238 1238 tibi
1265 1208 1369 1239 dicere
1395 1209 1526 1239 videor?

59 1263 173 1295 Genu.
197 1264 448 1306 Haudquaquam
476 1255 648 1294 necessaria
675 1261 862 1303 geometrica
891 1262 1026 1302 quadam
1056 1262 1253 1302 necessitate,
1268 1263 1322 1293 sed
1351 1263 1524 1292 amatoria:

57 1328 128 1359 quae
144 1318 241 1348 multo
257 1319 355 1349 acrior
368 1324 414 1349 est
437 1328 528 1360 quam
556 1317 610 1348 illa
637 1317 674 1346 ad
705 1316 955 1357 persuadendum
982 1316 1076 1357 vulgo
1106 1321 1200 1356 atque
1229 1315 1424 1345 trahendum.
1469 1316 1525 1347 So.

58 1371 212 1403 Nimirum
230 1373 438 1403 veliementer.
464 1381 566 1402 verum
584 1376 655 1412 post
677 1370 757 1406 lraec,
773 1381 791 1399 o
818 1369 955 1405 Glauco,
971 1370 1037 1401 sine
1065 1370 1173 1400 ordine
1198 1369 1351 1400 denudari
1375 1369 1455 1399 inter
1481 1379 1527 1406 se,

57 1426 104 1457 vel
120 1426 203 1457 aliud
221 1427 387 1468 quicquam
403 1426 518 1464 facere,
533 1435 636 1466 neque
652 1429 795 1455 sanctum
809 1429 856 1454 est
871 1425 901 1455 in
919 1425 1078 1455 beatorum
1097 1424 1255 1454 hominum
1272 1423 1410 1459 civitate,
1423 1434 1525 1464 neque

51 1479 176 1521 judices
196 1481 228 1512 id
256 1481 446 1523 permittent.
491 1480 605 1511 GLAU.
632 1478 744 1520 Neque
769 1479 850 1509 enim
874 1478 995 1519 justum
1024 1483 1117 1509 esset.
1163 1477 1218 1508 So.
1242 1477 1376 1509 Constat
1403 1478 1524 1518 utique,

56 1535 140 1575 quod
157 1534 281 1576 nuptias
297 1535 457 1575 deinceps,
474 1534 578 1576 quoad
595 1534 661 1564 fieri
679 1537 793 1574 potest,
809 1543 910 1564 sacras
935 1532 1146 1563 instituemus.
1171 1537 1275 1562 essent
1301 1536 1404 1561 autem
1429 1542 1523 1562 sacrm

54 1597 146 1629 quarn
176 1589 360 1620 utilissimae.
405 1588 520 1620 Grau.
553 1588 767 1629 Summopere.
808 1586 906 1628 [459]
946 1586 999 1617 So.
1034 1586 1180 1622 Quonam
1219 1591 1313 1627 pacto
1351 1585 1524 1616 utilissimae

55 1643 170 1674 erunt?
197 1643 257 1674 hoc
275 1643 348 1673 milii
365 1644 463 1679 dicas,
480 1653 499 1673 o
515 1640 650 1673 Glauco.
677 1642 768 1671 video
786 1641 933 1682 equidem
951 1640 1012 1671 tuis
1029 1640 1060 1670 in
1077 1640 1195 1670 aedibus
1212 1645 1244 1670 et
1270 1639 1446 1670 venatorios
1472 1649 1524 1670 ca-

55 1705 110 1726 nes
134 1701 167 1727 et
187 1707 350 1738 generosas
375 1707 446 1728 aves
475 1697 663 1737 frequentes.
688 1695 829 1737 nunquid
860 1696 900 1726 ad
927 1695 1053 1726 istorum
1082 1695 1198 1725 coitum
1226 1694 1524 1734 generationemque

53 1751 242 1793 quandoque
257 1752 393 1782 animum
410 1750 613 1792 applicuisti?
660 1750 775 1782 GLAU.
802 1750 958 1787 Quorsum
984 1749 1090 1780 istud?
1136 1748 1191 1780 So.
1217 1748 1254 1778 ln
1282 1747 1387 1788 primis
1413 1749 1520 1778 horum

52 1804 189 1846 ipsorum
206 1805 279 1836 licet
293 1816 521 1847 generosorum,
539 1816 644 1836 nonne
659 1810 731 1836 sunt
745 1811 776 1835 et
793 1805 873 1834 fiunt
887 1804 996 1846 optimi
1023 1804 1142 1845 aliqui?
1189 1802 1305 1835 Grau.
1327 1803 1417 1834 Sunt.
1464 1803 1522 1832 So.

57 1859 168 1890 Utrum
184 1871 221 1890 ex
236 1860 473 1902 quibuscunque
489 1871 578 1902 aeque
594 1859 660 1891 fieri
676 1858 907 1900 generationem
924 1857 1078 1899 permittis
1097 1859 1108 1888 ?
1133 1868 1171 1888 an
1188 1843 1277 1888 cui-as
1294 1856 1409 1897 potius,
1426 1862 1458 1886 ut
1484 1866 1521 1886 ex

54 1914 181 1955 optimis
197 1915 386 1956 generetur?
433 1914 547 1945 GLAU.
569 1914 614 1944 Ex
639 1914 780 1956 optimis.
825 1912 880 1943 So.
903 1912 988 1942 Num
1015 1922 1051 1942 ex
1078 1911 1251 1942 tenerrimis
1276 1910 1464 1951 quibusque,
1481 1920 1521 1940 an

53 1967 140 1998 senio
156 1968 333 2000 confectis?
357 1980 396 1999 an
413 1969 514 2000 aetatis
536 1968 568 1999 in
593 1968 668 1999 flore
694 1968 798 2009 potius
826 1966 1028 1998 constitutis?
1074 1966 1189 1996 Gtau.
1215 1964 1259 1995 Ex
1287 1965 1334 1995 liis
1359 1965 1436 2005 ipsis
1463 1975 1524 2005 po-

53 2022 126 2053 tius.
172 2023 229 2053 So.
252 2023 300 2053 Ac
316 2023 374 2053 nisi
391 2023 473 2053 hunc
491 2023 522 2052 in
539 2023 663 2053 modum
680 2021 839 2063 generatio
856 2021 1041 2056 deducatur,
1058 2020 1150 2060 longe
1167 2020 1303 2051 deterius
1319 2019 1382 2049 fore
1406 2029 1518 2049 canum

51 2081 84 2106 et
113 2077 219 2106 avium
250 2087 348 2117 genus
377 2076 536 2107 existimas
553 2077 564 2107 ?
611 2076 726 2107 GLAU.
752 2075 919 2116 Equidem.
965 2075 1022 2105 So.
1047 2074 1145 2106 Putas
1170 2075 1202 2105 in
1231 2074 1320 2115 equis
1347 2074 1520 2114 ceterisque

51 2130 236 2161 animalibus
265 2130 355 2160 aliter
384 2131 507 2161 evenire
524 2131 534 2161 ?
580 2130 694 2161 Graiu.
725 2129 902 2160 Absurdum
934 2128 967 2159 id
996 2133 1090 2159 esset.
1135 2128 1190 2159 So.
1226 2127 1336 2168 Papae,
1366 2137 1385 2157 ο
1415 2127 1519 2157 dulcis

51 2184 162 2224 amice,
179 2195 271 2226 quam
287 2184 517 2226 perspicacibus
551 2195 587 2215 ac
615 2184 740 2215 summis
757 2183 847 2215 nobis
877 2187 925 2214 est
951 2193 1031 2224 opus
1058 2181 1266 2224 principibus,
1283 2181 1309 2212 si
1335 2181 1461 2222 quidem
1488 2182 1520 2211 in

52 2239 211 2269 hominum
228 2249 340 2280 genere
355 2239 496 2270 similiter
521 2250 553 2270 se
582 2250 626 2270 res
654 2239 760 2270 habet.
807 2237 921 2270 GLAU.
946 2237 1054 2268 Habet
1080 2237 1200 2278 utique.
1223 2236 1299 2277 quid
1327 2236 1417 2266 tum?
1463 2237 1521 2266 So.

54 2292 139 2329 Quia
152 2303 278 2324 necesse
294 2298 353 2330 est,
370 2299 403 2324 ut
419 2294 585 2324 medicinis
601 2293 705 2323 multis
722 2298 858 2323 utantur.
885 2292 1011 2333 quando
1030 2291 1111 2321 enim
1130 2289 1292 2322 medicinis
1319 2290 1411 2320 nullis
1438 2290 1519 2320 indi-

50 2351 127 2388 gent
141 2357 270 2388 corpora
286 2348 339 2378 sed
357 2348 457 2379 victus
471 2348 625 2378 duntaxat
640 2347 868 2377 institutionem
885 2346 1025 2387 exigunt,
1043 2345 1197 2375 medicum
1225 2349 1308 2375 certe
1336 2343 1517 2374 debiliorem

54 2400 192 2431 sufficere
208 2401 388 2444 arbitramur
402 2413 410 2431 t
434 2412 505 2434 cum
523 2413 594 2433 vero
613 2401 775 2433 medicinis
791 2406 839 2431 est
854 2400 1023 2441 agendum,
1039 2400 1153 2430 scimus
1168 2398 1286 2429 fortiori
1303 2398 1437 2438 quodam
1455 2408 1518 2429 me-

52 2454 124 2485 dico
139 2464 217 2494 opus
233 2455 307 2485 sore.
353 2454 466 2487 Grau.
492 2456 574 2486 Vera
591 2466 704 2486 narras.
727 2455 780 2485 sed
797 2465 941 2496 quorsum
958 2453 1047 2484 liaec?
1094 2452 1150 2484 So.
1175 2452 1300 2492 Nempe
1313 2452 1517 2482 necessarium

52 2507 117 2539 fore
133 2508 264 2545 videtur,
282 2513 316 2539 ut
332 2509 486 2550 frequenti
504 2510 666 2540 mendacio
683 2515 714 2540 et
732 2509 920 2550 deceptione
937 2513 1063 2538 utantur
1079 2506 1237 2547 principes
1257 2506 1297 2535 ad
1323 2505 1517 2534 subditorum

52 2561 229 2594 utilitatem.
253 2562 386 2594 diximus
400 2569 502 2593 autem
519 2574 610 2604 supra
626 2563 843 2604 hujuscemodi
857 2562 962 2593 omnia
975 2560 1130 2602 pharmaci
1144 2559 1368 2598 medicimcque
1383 2559 1451 2589 loco
1465 2569 1519 2589 ne—

51 2616 181 2646 cessaria
195 2627 273 2648 esse.
298 2616 413 2647 Grau.
431 2616 472 2646 E·-
484 2622 567 2647 recte
582 2617 720 2657 quidem.
743 2618 797 2648 So.
816 2617 852 2647 In
866 2617 983 2657 nuptiis
997 2615 1101 2655 itaque
1114 2620 1146 2644 et
1159 2614 1289 2643 tiliorum
1304 2613 1519 2653 procreatione

52 2669 172 2700 videtur
186 2676 304 2700 rectum
315 2670 374 2700 lioc
390 2670 455 2700 fieri
471 2680 533 2700 non
551 2669 758 2701 mediocriter.
789 2670 904 2700 GLAU.
922 2670 995 2706 Quo
1010 2668 1125 2709 pacto?
1157 2668 1213 2698 So.
1230 2668 1364 2707 Oportet
1377 2667 1518 2708 profi-cto

51 2723 221 2753 secundum
237 2734 284 2758 ea,
301 2734 370 2765 qure
388 2734 479 2765 supra
495 2724 716 2764 concessimus,
729 2724 865 2765 optimos
879 2725 959 2754 viros
972 2722 1151 2754 mulieribus
1161 2721 1288 2762 optimis
1303 2726 1336 2750 ut
1350 2720 1514 2761 plurimum

49 2770 223 2816 *cong‘redi;
248 2777 428 2808 deterrimos
445 2782 548 2808 autem
573 2781 680 2808 contra
696 2777 870 2808 deterrimis
885 2789 892 2809 ι
918 2783 950 2808 et
966 2777 1087 2806 illorum
1113 2776 1240 2817 quidem
1259 2774 1374 2816 prolem
1392 2775 1519 2811 nutrire,

55 2830 163 2860 horum
190 2831 328 2867 minime,
357 2831 382 2861 si
405 2837 576 2862 armentum
603 2831 894 2862 excellentissimum
921 2831 960 2862 sit
985 2831 1147 2860 futurum:
1173 2834 1205 2860 et
1229 2830 1296 2859 lraec
1311 2828 1426 2863 omnin,
1444 2829 1518 2858 dum

55 2888 195 2922 agantur,
211 2884 250 2914 ab
266 2885 408 2916 omnibus
426 2891 628 2927 praeterquam
644 2896 660 2916 a
687 2885 879 2926 principibus
896 2885 1041 2926 ignorari,
1058 2884 1082 2914 si
1109 2883 1202 2913 modo
1219 2887 1390 2913 armentum
1417 2887 1521 2911 custu-

56 2935 129 2967 dum
143 2937 258 2968 debeat
273 2939 429 2972 seditione
446 2950 559 2972 carere.
607 2938 723 2973 Gmu.
749 2939 851 2973 Probe
865 2940 1046 2970 aduuulum.
1092 2938 1148 2968 So-
1174 2937 1271 2978 Igitur
1284 2937 1362 2966 festa
1379 2936 1520 2976 quiedam

152 2990 240 3023 Phae.
260 2992 314 3023 Tr.
819 2995 864 3026 ΙΙ,
1413 2989 1435 3018 b·
