1840 3225
172 189 270 238 795]
606 185 678 223 DE
708 181 937 222 LEGIBUS
971 182 1068 220 LIB.
1100 181 1190 220 VII.
1559 185 1635 222 :367

172 292 260 334 quod
276 292 370 334 paulo
384 297 456 322 ante
472 290 643 331 tetigimus,
657 299 716 320 nec
733 288 818 330 leges
833 288 899 318 haec
914 296 984 317 esse
999 287 1139 317 vocanda
1154 296 1257 328 neque
1273 285 1398 317 silentio
1408 286 1636 327 praetereunda,

173 347 270 388 probe
285 347 407 377 dictum
420 350 481 378 est.
504 346 571 376 haec
586 344 671 374 enim
685 343 778 374 totius
789 341 972 383 reipublicae
987 340 1113 372 vincula
1123 347 1206 376 sunt,
1219 340 1421 382 mediumque
1437 341 1639 371 tenentinter

173 401 308 442 scriptas
324 400 566 440 scribendaeque
581 399 677 439 leges,
693 397 841 427 videlicet
856 401 1003 436 tanquam
1018 395 1126 436 patriae
1142 396 1312 437 priscaeque
1327 395 1455 427 omnino
1469 394 1639 426 institutio-

177 466 246 486 nes.
269 456 336 486 haec
350 454 376 485 si
402 454 498 496 probe
513 453 616 494 posita
630 452 692 482 sint
709 461 804 492 seque
819 450 853 480 in
867 450 913 480 eis
929 450 1072 480 homines
1095 456 1180 480 recte
1196 449 1434 486 assuefecerint,
1447 449 1640 491 conscriptas

177 510 264 550 leges
277 508 382 539 stabili
398 508 497 538 salute
520 510 672 536 tutantur.
695 505 745 535 sin
767 509 876 536 contra
894 503 1013 534 sactum
1029 503 1080 538 sit,
1097 509 1207 534 contra
1232 504 1409 544 contingit;
1431 504 1634 544 quemadmo-

175 563 252 594 dum
268 563 300 593 in
315 562 456 593 aedificiis
470 560 597 595 accidit,
608 559 674 595 ubi,
689 559 714 590 si
731 559 848 590 aedium
860 557 1072 588 sustentacula
1082 558 1238 588 subtracta
1253 557 1292 588 de
1305 557 1411 588 medio
1422 558 1548 592 suerint,
1563 568 1640 588 con·-

176 618 283 650 cidere
298 616 402 648 omnia
417 620 546 656 cogunt,
560 614 683 655 aliaque
699 624 740 644 ex
755 613 824 644 aliis
840 613 946 655 dejici,
962 617 995 643 et
1008 622 1077 653 quae
1100 613 1180 643 bene
1196 619 1502 657 superstructa‘sunt,
1528 612 1641 643 dirutis

174 671 328 714 prioribus
345 676 501 701 corruunt.
524 674 620 710 atque
645 669 712 698 haec
739 667 866 709 quidem
894 667 1070 708 cogitantes
1091 676 1204 696 novam
1229 667 1310 697 hanc
1327 673 1411 697 tuam
1433 667 1604 701 civitatem,
1621 677 1641 696 o

176 725 295 762 Clinia,
309 723 582 766 undique-vincire
598 721 759 757 debemus,
775 722 876 753 nihilo
904 732 1032 762 prorsus
1052 721 1174 756 relicto,
1197 720 1303 762 quoad
1331 720 1396 751 fieri
1419 725 1533 762 potest,
1557 720 1639 761 quod

177 780 228 810 vel
244 779 285 810 ad
301 779 386 820 leges
411 779 461 809 vel
484 779 525 808 ad
551 787 652 808 mores
666 777 717 807 vel
734 776 838 807 studia
855 776 1020 818 pertineat.
1047 776 1095 805 his
1111 775 1196 805 enim
1211 775 1354 805 onmibus
1367 775 1479 806 civitas
1493 774 1640 806 nectitur.

177 833 306 864 alterurn
333 843 404 864 vero
422 833 552 863 istorum
573 832 641 862 sine
663 832 761 862 altero
778 840 961 872 permanere
983 840 1046 860 nou
1064 836 1177 870 potest.
1200 839 1296 871 quare
1312 840 1377 860 non
1391 837 1439 860 est
1455 829 1640 863 mirandum,

177 888 218 928 si,
232 897 302 929 quae
320 887 407 918 nobis
422 887 522 917 multa
537 886 628 918 simul
644 892 678 917 et
693 895 789 927 parva
803 885 943 926 legitime
954 885 1101 915 videntur
1114 883 1323 920 instituenda,
1339 884 1424 914 velut
1438 884 1641 914 consuetudi-

175 952 233 976 nes
256 941 458 978 confluentia,
485 941 643 981 longiores
669 941 754 981 leges
783 940 931 970 efficiunt.
976 939 1054 971 Cu.
1078 938 1181 969 Recte
1206 945 1238 969 tu
1261 939 1408 979 quidem:
1435 945 1468 969 et
1486 949 1546 969 nos
1558 937 1645 969 simi-

176 996 248 1026 liter
272 996 490 1037 cogitabimus
535 995 673 1026 Arnen.
694 993 728 1024 Si
759 993 830 1036 quis
856 995 951 1035 igitur
973 994 1013 1024 ad
1043 1004 1128 1030 eum,
1159 994 1214 1034 qui
1239 999 1299 1024 tres
1327 994 1392 1034 agit
1412 993 1643 1029 annos,colen-

178 1050 264 1086 dum,
295 1060 349 1080 seu
376 1050 552 1080 masculum
580 1050 646 1079 sive
675 1049 834 1084 seminam,
860 1049 928 1079 liaec
958 1047 1126 1089 diligenter
1155 1047 1316 1084 adhibeat,
1345 1057 1383 1078 ac
1412 1048 1524 1079 sedulo
1552 1058 1647 1089 supra

179 1105 274 1136 dictis
297 1111 413 1141 utatur,
440 1115 504 1135 non
517 1114 646 1146 parvam
660 1103 793 1135 afferent
808 1113 909 1144 nuper
923 1103 1066 1134 enutritis
1081 1103 1260 1134 utilitatem.
1282 1111 1378 1144 atque
1398 1102 1431 1133 id
1446 1103 1575 1144 ingenio
1591 1112 1647 1133 eo-

178 1170 258 1196 rum,
274 1159 329 1200 qui
342 1166 405 1190 tres
419 1165 453 1189 et
466 1159 521 1200 qui
543 1165 677 1200 quatuor
699 1164 732 1189 et
758 1158 897 1200 quinque
922 1164 954 1189 et
981 1168 1034 1189 sex
1057 1163 1168 1199 agunt.
1182 1168 1293 1193 anuos,
1309 1157 1501 1188 conveniens
1517 1157 1577 1188 erit
1593 1168 1600 1186 :
1625 1166 1646 1187 a

179 1213 293 1256 quibus
304 1213 428 1244 deliciae
442 1213 640 1244 removendae
655 1219 774 1244 suntet
798 1212 962 1253 castigatio
987 1212 1056 1243 sine
1080 1218 1263 1253 contemptu
1291 1211 1481 1242 adhibenda.
1504 1217 1646 1242 ceterum

180 1267 442 1310 quemadmodum
458 1278 563 1299 servos
576 1267 714 1298 diximus
737 1268 891 1308 castig-are
917 1267 985 1297 sine
1008 1267 1200 1298 contumelia
1214 1272 1369 1307 oportere,
1383 1276 1424 1296 ne
1438 1266 1472 1297 in
1489 1266 1647 1297 iracundi—

183 1334 231 1353 am
248 1323 441 1360 efferantur3
464 1323 617 1363 castigare
642 1327 750 1353 tamen
778 1322 920 1363 omnino,
935 1331 976 1351 ne
999 1321 1128 1352 nimium
1156 1320 1301 1352 deliciosi
1327 1320 1522 1351 reddantur:
1549 1321 1647 1362 [794]

178 1377 227 1408 ita
238 1381 272 1408 et
299 1377 414 1408 liberos
439 1377 594 1408 volumus.
615 1378 726 1408 horum
750 1377 819 1408 ludi
848 1376 974 1417 quidam
1004 1383 1089 1412 sunt,
1102 1376 1180 1417 ipsis
1208 1375 1439 1417 quodammodo
1467 1375 1647 1406 naturales:

179 1432 219 1462 ad
236 1441 328 1473 quos,
340 1432 468 1472 qnando
482 1431 686 1468 conveniunt,
702 1438 813 1472 sponte
841 1431 992 1462 feruntur.
1015 1430 1228 1471 congregandi
1243 1430 1276 1460 hi
1292 1430 1380 1471 pueri
1395 1436 1467 1460 sunt
1481 1439 1500 1460 a
1510 1429 1649 1460 triennio

181 1487 221 1516 ad
238 1496 291 1517 sex
311 1496 409 1528 usque
423 1496 534 1521 annos,
549 1486 669 1528 singuli
682 1486 716 1516 in
745 1496 809 1516 suae
833 1485 931 1516 tribus
959 1485 1150 1516 solennitate
1167 1495 1173 1515 ε
1199 1494 1331 1526 quorum
1342 1490 1373 1515 et
1390 1485 1493 1515 adhuc
1508 1484 1650 1514 tantillo-

178 1551 249 1571 rum
264 1540 402 1571 nutrices
429 1539 615 1571 modestiam
645 1541 971 1581 incontinentiamque
998 1541 1177 1571 observent.
1200 1544 1233 1570 et
1256 1538 1372 1580 cuique.
1401 1539 1497 1570 coetui
1520 1538 1648 1569 nutrici-

179 1594 302 1636 busque
317 1603 381 1625 nna
396 1595 540 1636 qnaedam
554 1595 662 1636 praesit
676 1596 716 1625 de
748 1593 929 1625 mulieribus
952 1593 1132 1629 duodecim,
1149 1603 1254 1623 annuo
1281 1598 1421 1634 tempore
1448 1593 1648 1634 impertitura,

178 1649 390 1690 proutlegum
406 1649 553 1680 custodes
581 1648 806 1680 ordinaverint.
829 1649 886 1678 has
915 1648 1059 1689 deligant
1088 1648 1233 1677 mulieres
1263 1647 1445 1688 nuptiarum
1470 1647 1650 1684 curatrices,

176 1714 215 1734 ex
231 1714 356 1745 quaque
369 1705 452 1735 tribu
479 1713 584 1740 unam,
600 1709 694 1734 aetate
715 1703 795 1744 ipsis
820 1702 969 1744 aequales.
990 1713 1061 1744 quae
1085 1702 1133 1733 ad¹
1152 1702 1235 1733 bunc
1260 1701 1473 1742 magistratum
1490 1707 1650 1743 assumpta

177 1763 238 1794 est,
261 1758 302 1788 ita
318 1769 352 1789 se
367 1764 465 1799 gerat,
480 1764 516 1788 ut
531 1759 562 1788 in
578 1767 699 1789 sacrum
724 1758 866 1799 quotidie
891 1757 1117 1798 proficiscatur,
1133 1766 1319 1798 semperque
1342 1756 1543 1798 injurIantem
1556 1756 1651 1797 puni·

179 1818 233 1842 at:
257 1822 378 1843 servum
395 1813 522 1854 quidem
539 1818 571 1843 et
597 1822 731 1849 servam,
745 1811 946 1854 peregrinum
968 1817 1002 1842 et
1027 1811 1236 1852 peregrinam,
1251 1812 1323 1852 ipsa
1336 1821 1392 1852 per
1406 1811 1541 1841 urbanos
1556 1819 1651 1851 quos·

178 1867 253 1897 dam
270 1867 429 1897 ministros
446 1878 452 1896 :
479 1867 581 1898 civem
595 1874 713 1906 autem,
731 1866 822 1908 cujus
847 1865 1077 1897 animadversio
1103 1866 1136 1896 in
1163 1865 1373 1897 controversia
1387 1866 1438 1901 sit,
1454 1865 1494 1895 ad
1510 1865 1650 1895 aedilium

181 1921 284 1952 trahat
294 1920 477 1962 judicium:
502 1921 543 1952 de
559 1931 620 1962 qua
647 1927 752 1952 autem
782 1931 845 1951 non
875 1921 915 1950 sit
942 1920 1160 1955 controversia,
1176 1919 1288 1961 puniat
1307 1920 1389 1960 ipsa.
1412 1924 1484 1961 post
1498 1929 1650 1950 annorum

181 1985 235 2006 sex
252 1981 377 2005 aetatem
402 1975 526 2006 feminae
542 1985 562 2005 a
590 1975 724 2005 maribus
753 1974 996 2005 discernantur:
1023 1974 1174 2015 puerique
1194 1973 1352 2015 deinceps
1380 1984 1452 2005 cum
1478 1973 1652 2015 aequalibus

183 2030 317 2060 maribus
332 2035 364 2060 et
379 2030 493 2070 puellae
523 2040 595 2060 cum
624 2029 751 2060 feminis
777 2028 950 2070 aequalibus
979 2034 1211 2059 conversentur.
1235 2033 1269 2058 et
1295 2029 1335 2058 ad
1363 2027 1513 2059 scientias
1529 2027 1650 2069 utrique

180 2094 216 2114 se
249 2090 382 2115 vertant.
407 2094 506 2114 mares
536 2083 663 2124 quidem
692 2085 731 2114 ad
758 2083 925 2124 magistros
953 2093 1114 2124 equorum,
1141 2092 1278 2118 arcuum,
1302 2082 1434 2113 telorum
1464 2088 1495 2113 et
1523 2081 1654 2116 fundae:

180 2137 307 2169 feminae
323 2148 448 2179 quoque
465 2137 506 2168 ad
533 2137 655 2174 eadem,
672 2139 697 2168 si
726 2137 928 2173 concedatur,
945 2148 1042 2178 usque
1065 2136 1107 2167 ad
1133 2137 1299 2167 scientiam
1321 2142 1456 2171 tantum,
1471 2141 1504 2167 et
1517 2137 1652 2167 maxime

182 2193 222 2223 ad
239 2203 393 2223 arenarum
407 2204 508 2223 usum.
530 2204 594 2234 quo
608 2198 703 2234 pacto
717 2203 821 2223 autem
846 2203 931 2222 nunc
955 2192 991 2222 in
1016 2191 1063 2222 his
1088 2201 1122 2222 se
1143 2201 1192 2222 res
1209 2191 1334 2226 habeat,
1347 2201 1440 2233 paene
1456 2191 1495 2221 ab
1507 2191 1654 2221 omnibus

182 2247 352 2288 ignoratur.
397 2247 475 2278 Cu.
497 2246 585 2284 Quid
614 2248 687 2278 ais?
735 2247 874 2278 Arm-m.
909 2246 1003 2284 Quod
1035 2245 1184 2277 videlicet
1211 2246 1340 2277 dextera
1369 2256 1388 2276 a
1416 2245 1561 2282 sinistris,
1590 2255 1655 2286 quo

181 2300 223 2330 ad
237 2310 345 2331 manus
359 2302 506 2341 pertinet,
521 2301 645 2332 differre
662 2302 727 2344 jam
751 2301 916 2333 videantur
940 2302 974 2332 in
998 2301 1131 2342 singulis
1159 2300 1394 2342 operationibus
1409 2306 1529 2331 natura.
1553 2299 1654 2341 pedes

183 2355 272 2385 enim
286 2354 508 2396 inferioresque
534 2362 639 2396 partes
665 2356 707 2386 ad
734 2367 828 2398 opera
857 2357 955 2386 nihilo
971 2355 1097 2386 differre
1114 2354 1272 2388 videntur.
1297 2355 1441 2385 manibus
1456 2360 1572 2389 autem,
1586 2363 1655 2384 ma-

186 2416 265 2439 trum
294 2409 512 2451 nutricumque
541 2410 635 2440 simul
661 2410 849 2451 ignorantia,
866 2411 956 2452 quasi
983 2411 1087 2442 claudi
1117 2410 1192 2440 facti
1222 2420 1337 2439 sumus.
1358 2419 1430 2439 nain
1456 2419 1526 2440 eum
1542 2413 1655 2439 natura

183 2463 251 2494 fere
267 2464 307 2494 ad
321 2469 484 2505 utramque
506 2470 624 2505 partem
639 2475 731 2505 aeque
760 2475 794 2496 se
809 2465 934 2501 haheat,
949 2466 1020 2507 ipsi,
1037 2475 1092 2506 per
1107 2464 1364 2495 consuetudinem
1381 2473 1443 2493 non
1459 2469 1545 2493 recte
1561 2467 1654 2493 uten-

186 2523 244 2554 tes,
260 2517 470 2548 differentiam
484 2517 625 2549 fecimus.
648 2524 681 2548 et
705 2526 790 2550 certe
806 2519 839 2549 in
866 2519 1051 2561 quibusdam
1068 2529 1174 2560 parum
1189 2518 1223 2549 id
1237 2518 1341 2549 refert.
1364 2517 1440 2547 nihil
1457 2517 1541 2548 enim
1557 2517 1654 2548 inter·

185 2578 235 2603 eat
249 2573 289 2603 ad
302 2573 411 2610 vitam,
425 2574 452 2603 si
468 2573 536 2614 lyra
549 2573 580 2602 in
611 2572 736 2603 sinistra
762 2573 812 2610 sit,
827 2574 862 2604 in
885 2574 1017 2605 dextera
1045 2574 1210 2615 plectrum,
1225 2573 1258 2603 in
1275 2572 1450 2613 ceterisque
1477 2571 1656 2614 hujusmodi

184 2626 338 2658 similiter.
360 2637 491 2668 quorum
505 2627 654 2668 exemplo
679 2627 762 2657 idem
778 2628 812 2658 in
827 2629 957 2670 reliquis
983 2629 1129 2660 omnibus
1153 2628 1272 2664 facere,
1287 2626 1448 2658 dementia
1473 2632 1532 2658 est.
1556 2626 1654 2668 [795]

186 2681 254 2713 haec
277 2682 322 2712 ita
347 2691 416 2712 esse
446 2682 499 2712 lex
526 2681 711 2723 Scytharum
738 2681 887 2714 ostendit.
910 2693 973 2714 non
1001 2683 1085 2713 enim
1114 2682 1240 2713 sinistra
1265 2681 1365 2712 solum
1394 2691 1512 2717 arcum,
1529 2681 1656 2712 dextera

185 2735 332 2776 sagittam
348 2741 468 2772 tenent,
483 2735 541 2766 sed
566 2736 706 2777 utrisque
732 2735 877 2767 similiter
902 2736 944 2768 ad
970 2743 1133 2779 utrumque
1164 2743 1304 2767 utuntur.
1329 2736 1427 2767 multa
1441 2736 1586 2776 exempla
1601 2736 1657 2764 hu·

180 2790 319 2834 jusmodi
334 2791 366 2820 in
382 2790 558 2831 aurigarum
584 2791 777 2832 aliorumque
802 2791 947 2832 operibus
973 2792 1179 2832 reperiuntur.
1200 2800 1238 2821 ex
1266 2791 1377 2832 quibus
1391 2789 1568 2830 intelligere
1582 2789 1657 2818 licet

185 2852 252 2878 eos,
280 2844 335 2884 qui
368 2843 487 2875 dextris
510 2844 633 2876 sinistra
656 2845 865 2876 imbecilliora
888 2845 1034 2882 reddunt,
1065 2851 1177 2886 praeter
1199 2851 1340 2876 naturam
1373 2843 1407 2875 id
1439 2844 1552 2874 facere.
1582 2852 1654 2882 quae

186 2906 245 2934 ren,
277 2903 312 2928 ut
341 2897 486 2935 diximus,
514 2899 548 2930 in
579 2900 702 2930 corneis
731 2899 870 2941 plectris,
895 2899 1172 2942 instrumentisque
1199 2900 1314 2932 talibus
1336 2897 1563 2938 impedimento
1591 2906 1653 2928 non
