1840 3225
93 230 191 280 516]
498 229 572 267 DE
602 227 909 266 REPUBLICA
940 227 1038 266 LlB.
1070 228 1162 268 vll.
1470 229 1540 267 181

627 461 852 512 LIBER
888 462 934 510 V
941 461 993 511 ΙΙ
1002 501 1011 510 .

93 684 191 728 [514]
215 685 303 717 Posr
329 686 397 716 haec
424 689 564 715 naturam
586 690 732 720 nostram,
757 682 862 726 quoad
888 682 1094 715 eruditionem
1117 691 1150 716 et
1172 686 1338 719 ruditatem
1353 688 1478 731 attinet,
1494 689 1549 722 tali

90 740 224 782 quadam
238 739 373 781 imagine
389 738 610 780 contemplare.
655 738 754 780 Finge
769 739 873 769 animo
898 738 1129 770 subterraneum
1153 750 1276 783 specus,
1291 742 1381 784 cujus
1396 743 1550 785 ingressus

90 805 194 825 versus
211 793 315 825 lumen
329 804 383 836 per
398 799 518 824 antrum
534 798 633 824 totum
649 793 788 834 pervium
812 793 951 834 undique
968 798 1085 835 pateat.
1107 795 1140 825 in
1163 806 1201 826 eo
1223 796 1364 828 homines
1385 799 1517 829 nutritos
1532 809 1552 829 a

91 848 237 890 pueritia,
253 847 404 880 cervicem
420 852 453 878 et
467 858 554 878 crura
568 847 613 878 ita
629 847 793 878 devinctos
809 845 847 877 ut*
869 853 901 878 et
914 846 1089 878 immobiles
1104 858 1283 889 permanere
1297 856 1448 892 cogantur
1463 856 1495 883 et
1508 851 1550 883 ad

89 902 242 934 anteriora
257 903 356 934 solum
374 902 564 945 prospicere,
581 901 686 944 capita
709 912 781 932 vero
806 901 938 933 vinculis
960 901 1107 934 adstricta
1122 903 1351 936 circumducere
1367 911 1525 947 nequeant
1540 917 1548 937 ι

89 963 161 999 post
191 962 308 1000 tergum
339 962 441 988 autem
470 967 603 998 superne
632 966 668 987 ac
698 954 809 997 procul
844 955 926 997 ignis
957 954 1061 986 lumen
1091 967 1274 998 suspensum
1312 957 1369 989 sit:
1408 959 1551 1001 interque

86 1011 191 1053 ignem
215 1018 249 1044 et
272 1012 392 1044 vinctos
415 1011 556 1042 homines
582 1011 632 1041 via
658 1009 799 1051 superior
821 1014 939 1051 pateat,
962 1020 1050 1041 secus
1073 1020 1165 1052 quam
1182 1010 1283 1052 paries
1298 1011 1339 1042 sit
1353 1018 1550 1044 constructus

88 1067 219 1108 exiguus
232 1078 242 1106 ;
273 1066 353 1098 sicut
375 1067 558 1108 plerumque
576 1063 850 1107 praestigiatoribus
867 1063 1014 1095 miracula
1029 1064 1218 1106 fingentibus
1233 1076 1334 1098 scenae
1351 1077 1404 1098 seu
1420 1067 1550 1098 cortinas

85 1121 211 1164 aliquae,
227 1132 318 1163 super
344 1121 456 1163 quibus
477 1130 530 1151 sua
561 1119 699 1149 miranda
722 1118 947 1158 demonstrant,
970 1129 1072 1150 coram
1088 1120 1297 1160 spectantium
1323 1120 1422 1152 oculis
1447 1132 1549 1164 oppo-

87 1180 214 1206 nuntur.
260 1175 372 1206 GLAU.
397 1175 484 1206 Esto.
530 1174 585 1206 So.
610 1173 725 1215 Cogita
748 1183 849 1203 rursus
874 1173 1014 1204 homines
1040 1174 1120 1205 intra
1145 1175 1293 1217 parietem
1319 1175 1453 1206 ferentes
1478 1184 1552 1206 vasa

88 1230 169 1260 varia
197 1239 290 1271 supra
316 1229 463 1271 parietem
489 1228 671 1269 eminentia,
694 1233 873 1269 statuasque
901 1225 998 1270 [515]
1027 1228 1201 1271 hominum,
1226 1234 1258 1260 et
1279 1229 1408 1260 aliorum
1431 1228 1549 1260 anima-

87 1283 162 1314 lium
193 1284 333 1324 lapideas
362 1289 394 1315 et
421 1284 539 1326 ligneas
567 1282 729 1324 inragine5‚
754 1281 916 1323 modisque
946 1282 1036 1313 variis
1061 1282 1244 1314 fabricatas:
1284 1289 1389 1326 atque,
1417 1288 1452 1314 ut
1475 1294 1550 1315 con·

83 1343 265 1369 nentaneum
290 1343 349 1377 est,
374 1338 430 1380 qui
455 1340 523 1370 haee
547 1337 779 1374 circumferunt,
796 1335 906 1378 partim
930 1337 1053 1374 sileant,
1069 1337 1180 1379 partim
1207 1337 1384 1380 loquantur.
1429 1337 1546 1370 Gmu.

87 1393 190 1432 Quam
229 1397 410 1435 portentosa
444 1394 512 1425 haec
548 1393 696 1434 figmenta
726 1397 810 1424 sunt.
855 1391 910 1422 So.
933 1391 978 1422 At
1002 1390 1117 1423 similes
1148 1392 1196 1422 isti
1234 1392 1323 1423 nobis
1361 1396 1442 1424 sunt.
1478 1402 1550 1422 nam

87 1447 218 1489 primum
248 1447 374 1490 quidem
405 1452 496 1489 putas
524 1447 599 1479 istos
629 1446 713 1478 aliud
743 1447 912 1489 quicquam
942 1445 990 1477 vel
1021 1446 1068 1477 sui
1097 1446 1233 1488 ipsorum
1265 1447 1313 1477 vel
1343 1446 1548 1488 proximorum

85 1502 247 1533 hominurn
270 1502 375 1534 videre
398 1507 509 1544 praeter
534 1501 671 1543 umbras,
686 1512 757 1543 quae
784 1512 820 1532 ex
845 1501 917 1542 igne
941 1501 981 1532 ad
1008 1501 1167 1532 adversam
1192 1501 1350 1542 speluncae
1366 1506 1483 1543 partem
1499 1510 1552 1532 ca-

86 1555 189 1587 dunt?
235 1555 350 1589 GLAU.
373 1556 462 1588 Nihil
488 1556 586 1597 aliud,
612 1556 638 1587 si
663 1566 822 1598 nunquam
846 1556 879 1586 in
904 1555 968 1586 vita
991 1566 1114 1587 movere
1140 1555 1243 1597 capita
1268 1561 1450 1598 potuerunt.
1495 1555 1552 1586 So.

84 1611 170 1648 Quid
187 1616 289 1642 autern
313 1622 432 1649 eorum,
446 1621 516 1653 quae
532 1611 811 1643 circumferuntur?
834 1621 940 1642 nonne
956 1611 1078 1642 umbras
1092 1610 1268 1642 duntaxat?
1314 1609 1428 1642 GLAU.
1453 1610 1551 1641 Nem-

84 1675 136 1707 pe.
179 1665 234 1698 Se.
258 1666 291 1697 Si
321 1676 394 1708 ergo
422 1666 557 1697 invicem
585 1666 672 1708 loqui
702 1666 819 1703 liceret,
843 1677 948 1696 nonne
977 1666 1036 1697 ista
1066 1676 1136 1708 quae
1164 1676 1267 1697 coram
1294 1666 1437 1697 viderent
1465 1664 1552 1707 loqui

84 1719 309 1761 opinarentur?
354 1719 467 1752 GLAU.
491 1719 628 1752 Necesse
644 1725 701 1754 est.
747 1720 806 1753 So.
831 1720 927 1758 Quod
953 1720 979 1751 si
1003 1721 1081 1751 echo
1108 1731 1145 1752 ex
1168 1721 1297 1752 adversa
1319 1725 1406 1762 parte
1423 1719 1552 1751 carceris

84 1779 253 1814 resonaret,
270 1774 415 1816 quotiens
430 1774 682 1816 praetereuntium
708 1775 821 1817 aliquis
842 1774 1031 1816 loqueretur,
1046 1780 1180 1817 putasne
1206 1774 1290 1817 ipsos
1315 1774 1374 1805 nisi
1390 1779 1551 1805 transeun-

84 1827 297 1867 tiumgumbras
312 1828 396 1859 aliud
420 1833 529 1870 putare
544 1829 630 1869 quod
646 1828 807 1870 loquitur?
853 1827 969 1859 GLAU.
991 1828 1067 1859 Non
1091 1839 1147 1870 per
1160 1828 1286 1861 Jovem.
1331 1828 1386 1861 So.
1411 1827 1550 1859 Omnino

82 1882 175 1923 igitur
191 1882 268 1913 tales
282 1883 360 1913 nihil
376 1893 482 1914 verum
499 1893 579 1923 esse,
595 1882 655 1913 nisi
670 1883 887 1914 fabricatarum
903 1893 1003 1913 rerum
1020 1883 1143 1913 umbras
1158 1883 1386 1913 arbitrarentur.
1432 1881 1550 1913 GLAU.

83 1935 133 1967 Ita
155 1946 277 1977 prorsus
299 1947 426 1968 necesse
454 1941 513 1968 est.
558 1937 615 1968 So.
639 1937 757 1968 Contra
773 1947 844 1968 vero
868 1947 952 1968 nunc
978 1936 1202 1973 animadverte,
1217 1936 1318 1978 qualis
1340 1935 1420 1967 foret
1443 1946 1549 1967 eorum

81 1998 101 2019 a
118 1989 247 2020 vinculis
262 1989 376 2020 solutio
393 1990 638 2031 ignorantiaeque
655 1991 786 2020 curatio.
830 1989 956 2031 Nempe
980 1990 1004 2020 si
1021 1990 1090 2032 quis
1105 2001 1211 2022 eorum
1227 1990 1407 2031 solveretur,
1422 2000 1548 2031 cogere-

83 2049 192 2084 turque
215 2048 343 2085 repente
371 2054 505 2085 surgere,
520 2043 635 2075 collum
658 2049 787 2081 vertere,
803 2043 973 2085 ambulare,
988 2044 1092 2075 lumen
1120 2044 1222 2086 ipsum
1246 2045 1406 2086 aspicere:
1430 2044 1550 2074 doleret

83 2096 227 2138 protinus
243 2107 301 2128 nec
317 2103 443 2140 propter
466 2098 664 2140 splendorem
680 2097 795 2129 intueri
809 2104 916 2141 posset
930 2098 994 2136 illa,
1010 2108 1140 2140 quorum
1164 2099 1286 2130 umbras
1301 2104 1374 2130 ante
1390 2099 1547 2131 cernebat.

81 2149 170 2182 Tunc
185 2150 210 2181 si
233 2151 302 2193 quis
317 2151 363 2182 illi
378 2152 490 2183 dixerit
504 2152 589 2193 prius
613 2162 683 2183 eum
710 2163 810 2194 nugas
835 2158 1005 2194 spectasse,
1022 2153 1054 2183 in
1074 2153 1220 2195 praesenti
1244 2159 1346 2184 autem
1363 2154 1453 2184 rebus
1469 2152 1549 2184 veris

80 2214 147 2235 esse
163 2205 417 2248 propinquiorem
442 2207 604 2248 veriusque
630 2206 812 2248 inspicere3
838 2217 875 2238 ac
901 2207 1152 2249 praetereuntium
1179 2217 1336 2249 quemque
1359 2211 1548 2249 monstrans,

81 2259 158 2301 quid
174 2259 214 2290 sit
237 2259 414 2302 quaesiverit
428 2272 435 2291 ε
461 2271 566 2291 nonne
583 2260 669 2291 illum
695 2260 908 2292 vacillaturum
925 2265 1028 2302 putas,
1043 2261 1321 2302 arbitraturumque
1338 2260 1453 2292 veriora
1468 2271 1547 2299 esse,

81 2323 152 2354 quae
174 2319 247 2345 ante
263 2315 420 2355 cernebat,
436 2325 529 2357 quarn
557 2325 627 2357 quae
654 2325 738 2346 nunc
766 2310 995 2346 ostenduntur?
1042 2315 1159 2347 GLAu.
1183 2314 1337 2346 Multum.
1382 2314 1439 2347 So.
1464 2313 1505 2345 Et
1521 2314 1546 2345 si

82 2366 221 2409 coegerit
235 2379 306 2399 eum
331 2368 435 2400 lumen
451 2369 601 2412 aspicere,
615 2379 720 2400 nonne
746 2368 854 2400 dolore
870 2369 1028 2400 oculorum
1046 2369 1126 2400 affici
1141 2369 1242 2411 ipsum
1258 2374 1360 2410 putas,
1377 2368 1546 2410 oculosque

81 2421 120 2451 ad
143 2431 193 2462 ea,
207 2432 276 2464 quae
301 2422 394 2454 facile
423 2423 506 2465 prius
521 2423 652 2460 viderat,
668 2428 857 2465 retorquere,
873 2423 1002 2455 certiora
1029 2423 1096 2465 ipsa
1122 2423 1348 2454 existimantem
1365 2432 1458 2464 quam
1474 2431 1546 2464 quae

79 2474 182 2505 subito
197 2475 389 2506 offeruntur?
434 2475 547 2508 GLAu.
571 2476 622 2508 Ita
644 2476 799 2509 nimirum.
843 2477 900 2508 So.
923 2476 956 2508 Si
980 2467 1052 2508 vero
1067 2477 1180 2518 aliquis
1205 2476 1339 2507 eundem
1356 2486 1411 2518 per
1434 2485 1544 2517 aspera

81 2534 175 2571 atque
190 2529 285 2559 ardua
301 2540 417 2560 sursum
434 2530 566 2561 traheret
583 2530 744 2568 violenter,
759 2540 861 2572 neque
886 2531 1079 2572 permitteret
1101 2530 1268 2572 quicquam
1295 2529 1432 2572 aspicere
1456 2534 1545 2560 ante-

79 2592 170 2624 quam
194 2584 234 2614 ad
258 2582 331 2614 solis
355 2583 460 2614 lumen
485 2583 686 2615 extraxisset:
709 2595 815 2616 nonne
838 2585 943 2617 dolere
962 2583 1059 2627 [516]
1078 2585 1178 2626 ipsum
1201 2590 1234 2616 et
1256 2594 1336 2626 aegre
1362 2583 1450 2621 serre,
1466 2583 1541 2614 dum

79 2642 261 2679 raptaretur,
275 2637 454 2669 existimas?
478 2643 510 2668 et
533 2648 604 2669 cum
621 2639 661 2669 ad
677 2638 782 2671 lumen
808 2644 935 2671 evectus
959 2638 1064 2676 suerit,
1078 2639 1186 2670 oculos
1211 2637 1376 2680 splendore
1391 2636 1542 2668 suffusum

81 2692 207 2730 haerere,
222 2693 362 2734 nihilque
376 2703 412 2724 ex
439 2692 486 2723 his
502 2703 592 2734 posse
609 2693 803 2736 conspicere,
828 2705 898 2736 quae
925 2704 996 2725 vera
1011 2703 1095 2725 nunc
1111 2694 1150 2724 ab
1174 2692 1351 2724 hominibus
1366 2691 1543 2723 existiman-

80 2746 153 2778 tur?
198 2746 312 2779 GnAu.
336 2746 422 2777 Nihil
450 2752 533 2779 certe
551 2747 664 2779 subito.
709 2747 765 2779 So.
790 2747 1026 2780 Consuetudine
1050 2746 1144 2789 igitur
1170 2746 1300 2788 primum
1325 2755 1405 2787 opus
1433 2749 1491 2780 est,
1517 2744 1541 2775 si

79 2811 189 2842 supera
214 2801 409 2843 inspecturus
434 2801 485 2833 sit.
509 2801 694 2843 umbrasque
719 2801 850 2844 primum
874 2802 996 2834 facilius
1020 2801 1211 2834 intuebitur:
1236 2805 1307 2843 post
1322 2800 1388 2830 haec
1404 2799 1436 2829 in
1451 2798 1539 2841 aquis

78 2853 234 2886 hominum
261 2860 493 2898 ceterorumque
521 2856 682 2897 imagines.
706 2856 773 2898 ipsa
798 2867 869 2889 vero
893 2856 1020 2894 deinde,
1036 2861 1144 2899 postca
1160 2865 1229 2899 quae
1256 2854 1288 2886 in
1304 2853 1383 2886 coelo
1407 2857 1490 2889 sunt,
1505 2858 1536 2882 ct

75 2907 175 2949 ipsum
191 2909 301 2942 coelum
318 2915 409 2942 nocte
424 2911 544 2944 facilius
560 2912 834 2954 contemplabitur,
851 2912 924 2944 dum
947 2916 1095 2944 astrorum
1110 2916 1141 2943 et
1157 2911 1239 2942 luuae
1254 2909 1357 2942 lumen
1373 2906 1538 2948 spectabit,
