<?xml version="1.0" encoding="UTF-8"?>
<!DOCTYPE html PUBLIC "-//W3C//DTD XHTML 1.0 Transitional//EN"
    "http://www.w3.org/TR/xhtml1/DTD/xhtml1-transitional.dtd">
<html xmlns="http://www.w3.org/1999/xhtml" xml:lang="en" lang="en">
 <head>
  <title>
</title>
<meta http-equiv="Content-Type" content="text/html;charset=utf-8" />
  <meta name='ocr-system' content='tesseract 3.04.00' />
  <meta name='ocr-capabilities' content='ocr_page ocr_carea ocr_par ocr_line ocrx_word'/>
</head>
<body>
  <div class='ocr_page' id='page_1' title='image "./platonisetquaeve11plat_0305.png"; bbox 0 0 1840 3225; ppageno 0'>
   <div class='ocr_carea' id='block_1_1' title="bbox 139 217 1599 272">
    <p class='ocr_par' dir='ltr' id='par_1_1' title="bbox 139 217 1599 272">
     <span class='ocr_line' id='line_1_1' title="bbox 139 217 1599 272; baseline -0.002 -13"><span class='ocrx_word' id='word_1_1' title='bbox 139 219 243 272; x_wconf 75' lang='lat'><strong>632]</strong></span> <span class='ocrx_word' id='word_1_2' title='bbox 624 218 697 257; x_wconf 91' lang='lat' dir='ltr'>DE</span> <span class='ocrx_word' id='word_1_3' title='bbox 728 217 956 256; x_wconf 84' lang='lat' dir='ltr'>LEGIBUS</span> <span class='ocrx_word' id='word_1_4' title='bbox 988 218 1086 259; x_wconf 85' lang='lat' dir='ltr'>LIB.</span> <span class='ocrx_word' id='word_1_5' title='bbox 1120 220 1150 258; x_wconf 84' lang='grc' dir='ltr'>Ι.</span> <span class='ocrx_word' id='word_1_6' title='bbox 1522 218 1599 256; x_wconf 80' lang='lat'>289</span> 
     </span>
    </p>
   </div>
   <div class='ocr_carea' id='block_1_2' title="bbox 135 319 1626 2920">
    <p class='ocr_par' dir='ltr' id='par_1_2' title="bbox 135 319 1626 2920">
     <span class='ocr_line' id='line_1_2' title="bbox 138 319 1596 368; baseline -0.001 -16"><span class='ocrx_word' id='word_1_7' title='bbox 138 321 208 354; x_wconf 69' lang='lat' dir='ltr'>aine</span> <span class='ocrx_word' id='word_1_8' title='bbox 222 321 360 354; x_wconf 90' lang='lat' dir='ltr'>omnium</span> <span class='ocrx_word' id='word_1_9' title='bbox 377 321 526 354; x_wconf 82' lang='lat' dir='ltr'>virtutum</span> <span class='ocrx_word' id='word_1_10' title='bbox 540 331 668 353; x_wconf 89' lang='lat' dir='ltr'>numero</span> <span class='ocrx_word' id='word_1_11' title='bbox 683 322 714 352; x_wconf 91' lang='lat' dir='ltr'>in</span> <span class='ocrx_word' id='word_1_12' title='bbox 741 321 950 353; x_wconf 83' lang='lat' dir='ltr'>seditionibus</span> <span class='ocrx_word' id='word_1_13' title='bbox 975 321 1101 364; x_wconf 84' lang='lat' dir='ltr'>reperiri</span> <span class='ocrx_word' id='word_1_14' title='bbox 1130 322 1254 365; x_wconf 87' lang='lat' dir='ltr'>poterit.</span> <span class='ocrx_word' id='word_1_15' title='bbox 1276 321 1366 354; x_wconf 88' lang='lat' dir='ltr'>multi</span> <span class='ocrx_word' id='word_1_16' title='bbox 1379 319 1486 368; x_wconf 78' lang='lat' dir='ltr'>autem</span> <span class='ocrx_word' id='word_1_17' title='bbox 1500 320 1596 352; x_wconf 87' lang='lat' dir='ltr'>etiam</span> 
     </span>
     <span class='ocr_line' id='line_1_3' title="bbox 137 375 1597 419; baseline -0.001 -12"><span class='ocrx_word' id='word_1_18' title='bbox 137 377 334 414; x_wconf 77' lang='lat' dir='ltr'>mercenarii,</span> <span class='ocrx_word' id='word_1_19' title='bbox 350 377 433 419; x_wconf 90' lang='lat' dir='ltr'>quod</span> <span class='ocrx_word' id='word_1_20' title='bbox 448 387 513 408; x_wconf 87' lang='lat' dir='ltr'>non</span> <span class='ocrx_word' id='word_1_21' title='bbox 528 375 655 417; x_wconf 86' lang='lat' dir='ltr'><strong>negabit</strong></span> <span class='ocrx_word' id='word_1_22' title='bbox 674 375 827 417; x_wconf 88' lang='lat' dir='ltr'>Tyrtaeus,</span> <span class='ocrx_word' id='word_1_23' title='bbox 842 376 1049 417; x_wconf 87' lang='lat' dir='ltr'>reperiuntur,</span> <span class='ocrx_word' id='word_1_24' title='bbox 1065 377 1118 419; x_wconf 91' lang='lat' dir='ltr'>qui</span> <span class='ocrx_word' id='word_1_25' title='bbox 1133 383 1263 409; x_wconf 82' lang='lat' dir='ltr'>externo</span> <span class='ocrx_word' id='word_1_26' title='bbox 1284 378 1317 408; x_wconf 88' lang='lat' dir='ltr'>in</span> <span class='ocrx_word' id='word_1_27' title='bbox 1333 378 1416 409; x_wconf 88' lang='lat' dir='ltr'>bello</span> <span class='ocrx_word' id='word_1_28' title='bbox 1439 375 1597 418; x_wconf 73' lang='lat' dir='ltr'>intrepide</span> 
     </span>
     <span class='ocr_line' id='line_1_4' title="bbox 139 428 1599 474; baseline 0 -14"><span class='ocrx_word' id='word_1_29' title='bbox 139 436 302 472; x_wconf 79' lang='lat' dir='ltr'><strong>pugnant:</strong></span> <span class='ocrx_word' id='word_1_30' title='bbox 329 442 457 473; x_wconf 85' lang='lat' dir='ltr'>quorum</span> <span class='ocrx_word' id='word_1_31' title='bbox 482 430 606 472; x_wconf 82' lang='lat' dir='ltr'><strong>plurimi</strong></span> <span class='ocrx_word' id='word_1_32' title='bbox 631 429 762 471; x_wconf 80' lang='lat' dir='ltr'>feroces,</span> <span class='ocrx_word' id='word_1_33' title='bbox 786 429 904 471; x_wconf 87' lang='lat' dir='ltr'>injurii,</span> <span class='ocrx_word' id='word_1_34' title='bbox 918 431 1153 468; x_wconf 79' lang='lat' dir='ltr'>contumeliosi,</span> <span class='ocrx_word' id='word_1_35' title='bbox 1169 432 1428 474; x_wconf 79' lang='lat' dir='ltr'>paucissimisque</span> <span class='ocrx_word' id='word_1_36' title='bbox 1456 428 1599 471; x_wconf 84' lang='lat' dir='ltr'>exceptis</span> 
     </span>
     <span class='ocr_line' id='line_1_5' title="bbox 139 484 1600 527; baseline -0.001 -13"><span class='ocrx_word' id='word_1_37' title='bbox 139 485 280 516; x_wconf 84' lang='lat' dir='ltr'>omnium</span> <span class='ocrx_word' id='word_1_38' title='bbox 297 486 512 516; x_wconf 83' lang='lat' dir='ltr'>amentissimi.</span> <span class='ocrx_word' id='word_1_39' title='bbox 533 494 680 525; x_wconf 84' lang='lat' dir='ltr'>quorsum</span> <span class='ocrx_word' id='word_1_40' title='bbox 694 485 761 515; x_wconf 85' lang='lat' dir='ltr'>haec</span> <span class='ocrx_word' id='word_1_41' title='bbox 775 485 786 514; x_wconf 72' lang='grc' dir='ltr'><strong><em>ἓ</em></strong></span> <span class='ocrx_word' id='word_1_42' title='bbox 802 485 941 526; x_wconf 87' lang='lat' dir='ltr'>quidque</span> <span class='ocrx_word' id='word_1_43' title='bbox 963 496 1000 516; x_wconf 79' lang='lat' dir='ltr'>ex</span> <span class='ocrx_word' id='word_1_44' title='bbox 1016 487 1065 517; x_wconf 89' lang='grc'><strong>1115</strong></span> <span class='ocrx_word' id='word_1_45' title='bbox 1079 485 1299 517; x_wconf 85' lang='lat' dir='ltr'>declarandum</span> <span class='ocrx_word' id='word_1_46' title='bbox 1315 487 1325 516; x_wconf 91' lang='lat'><strong>?</strong></span> <span class='ocrx_word' id='word_1_47' title='bbox 1350 485 1436 527; x_wconf 88' lang='lat' dir='ltr'>quod</span> <span class='ocrx_word' id='word_1_48' title='bbox 1452 484 1600 515; x_wconf 88' lang='lat' dir='ltr'>videlicet</span> 
     </span>
     <span class='ocr_line' id='line_1_6' title="bbox 140 537 1601 581; baseline -0.001 -11"><span class='ocrx_word' id='word_1_49' title='bbox 140 539 269 570; x_wconf 89' lang='lat' dir='ltr'>omnino</span> <span class='ocrx_word' id='word_1_50' title='bbox 283 545 348 570; x_wconf 80' lang='lat' dir='ltr'>tam</span> <span class='ocrx_word' id='word_1_51' title='bbox 361 540 426 575; x_wconf 86' lang='lat' dir='ltr'>ille,</span> <span class='ocrx_word' id='word_1_52' title='bbox 443 539 497 580; x_wconf 89' lang='lat' dir='ltr'>qui</span> <span class='ocrx_word' id='word_1_53' title='bbox 522 539 607 579; x_wconf 88' lang='lat' dir='ltr'>leges</span> <span class='ocrx_word' id='word_1_54' title='bbox 632 538 683 568; x_wconf 84' lang='lat' dir='ltr'>hic</span> <span class='ocrx_word' id='word_1_55' title='bbox 710 539 749 568; x_wconf 88' lang='lat' dir='ltr'>ab</span> <span class='ocrx_word' id='word_1_56' title='bbox 775 538 855 569; x_wconf 87' lang='lat' dir='ltr'><strong>Jove</strong></span> <span class='ocrx_word' id='word_1_57' title='bbox 884 538 984 575; x_wconf 87' lang='lat' dir='ltr'>dedit,</span> <span class='ocrx_word' id='word_1_58' title='bbox 1000 550 1096 581; x_wconf 90' lang='lat' dir='ltr'>quam</span> <span class='ocrx_word' id='word_1_59' title='bbox 1125 540 1205 571; x_wconf 86' lang='lat' dir='ltr'>alius</span> <span class='ocrx_word' id='word_1_60' title='bbox 1231 540 1332 571; x_wconf 90' lang='lat' dir='ltr'>omnis</span> <span class='ocrx_word' id='word_1_61' title='bbox 1360 540 1557 580; x_wconf 81' lang='lat' dir='ltr'>legumlator,</span> <span class='ocrx_word' id='word_1_62' title='bbox 1573 537 1601 568; x_wconf 86' lang='lat' dir='ltr'>si</span> 
     </span>
     <span class='ocr_line' id='line_1_7' title="bbox 138 592 1598 636; baseline -0.001 -12"><span class='ocrx_word' id='word_1_63' title='bbox 138 593 218 634; x_wconf 86' lang='lat' dir='ltr'>quid</span> <span class='ocrx_word' id='word_1_64' title='bbox 232 593 326 624; x_wconf 90' lang='lat' dir='ltr'>modo</span> <span class='ocrx_word' id='word_1_65' title='bbox 342 593 520 635; x_wconf 81' lang='lat' dir='ltr'>profuturus</span> <span class='ocrx_word' id='word_1_66' title='bbox 534 599 592 628; x_wconf 86' lang='lat' dir='ltr'>est,</span> <span class='ocrx_word' id='word_1_67' title='bbox 607 592 652 622; x_wconf 90' lang='lat' dir='ltr'>ita</span> <span class='ocrx_word' id='word_1_68' title='bbox 666 593 754 633; x_wconf 86' lang='lat' dir='ltr'>leges</span> <span class='ocrx_word' id='word_1_69' title='bbox 765 593 891 629; x_wconf 91' lang='lat' dir='ltr'>condet,</span> <span class='ocrx_word' id='word_1_70' title='bbox 909 598 944 623; x_wconf 92' lang='lat' dir='ltr'>ut</span> <span class='ocrx_word' id='word_1_71' title='bbox 966 603 1031 623; x_wconf 89' lang='lat' dir='ltr'>non</span> <span class='ocrx_word' id='word_1_72' title='bbox 1046 594 1086 624; x_wconf 91' lang='lat' dir='ltr'>ad</span> <span class='ocrx_word' id='word_1_73' title='bbox 1104 593 1191 625; x_wconf 85' lang='lat' dir='ltr'>aliud</span> <span class='ocrx_word' id='word_1_74' title='bbox 1206 604 1301 636; x_wconf 87' lang='lat' dir='ltr'>quam</span> <span class='ocrx_word' id='word_1_75' title='bbox 1316 594 1355 624; x_wconf 88' lang='lat' dir='ltr'>ad</span> <span class='ocrx_word' id='word_1_76' title='bbox 1372 592 1598 635; x_wconf 82' lang='lat' dir='ltr'>amplissimam</span> 
     </span>
     <span class='ocr_line' id='line_1_8' title="bbox 139 646 1598 689; baseline -0.002 -11"><span class='ocrx_word' id='word_1_77' title='bbox 139 657 263 689; x_wconf 86' lang='lat' dir='ltr'>semper</span> <span class='ocrx_word' id='word_1_78' title='bbox 277 647 422 678; x_wconf 84' lang='lat' dir='ltr'>virtutem</span> <span class='ocrx_word' id='word_1_79' title='bbox 444 647 600 688; x_wconf 82' lang='lat' dir='ltr'>respiciat.</span> <span class='ocrx_word' id='word_1_80' title='bbox 622 652 672 677; x_wconf 88' lang='lat' dir='ltr'>est</span> <span class='ocrx_word' id='word_1_81' title='bbox 696 651 812 683; x_wconf 84' lang='lat' dir='ltr'>autem,</span> <span class='ocrx_word' id='word_1_82' title='bbox 829 651 864 677; x_wconf 84' lang='lat' dir='ltr'>ut</span> <span class='ocrx_word' id='word_1_83' title='bbox 885 647 989 688; x_wconf 88' lang='lat' dir='ltr'>inquit</span> <span class='ocrx_word' id='word_1_84' title='bbox 1008 647 1179 689; x_wconf 84' lang='lat' dir='ltr'>Theognis,</span> <span class='ocrx_word' id='word_1_85' title='bbox 1196 648 1274 678; x_wconf 85' lang='lat' dir='ltr'>fides</span> <span class='ocrx_word' id='word_1_86' title='bbox 1297 648 1364 684; x_wconf 87' lang='lat' dir='ltr'>illa,</span> <span class='ocrx_word' id='word_1_87' title='bbox 1379 657 1449 689; x_wconf 86' lang='lat' dir='ltr'>quae</span> <span class='ocrx_word' id='word_1_88' title='bbox 1463 646 1598 677; x_wconf 82' lang='lat' dir='ltr'>maxime</span> 
     </span>
     <span class='ocr_line' id='line_1_9' title="bbox 137 700 1597 743; baseline -0.001 -11"><span class='ocrx_word' id='word_1_89' title='bbox 137 700 172 732; x_wconf 88' lang='lat' dir='ltr'>in</span> <span class='ocrx_word' id='word_1_90' title='bbox 188 701 332 742; x_wconf 83' lang='lat' dir='ltr'>periculis</span> <span class='ocrx_word' id='word_1_91' title='bbox 357 701 451 737; x_wconf 86' lang='lat' dir='ltr'>lucet,</span> <span class='ocrx_word' id='word_1_92' title='bbox 467 711 563 742; x_wconf 89' lang='lat' dir='ltr'>quam</span> <span class='ocrx_word' id='word_1_93' title='bbox 584 701 739 743; x_wconf 87' lang='lat' dir='ltr'>justitiam</span> <span class='ocrx_word' id='word_1_94' title='bbox 765 700 937 742; x_wconf 83' lang='lat' dir='ltr'>perfectam</span> <span class='ocrx_word' id='word_1_95' title='bbox 964 701 1034 743; x_wconf 88' lang='lat' dir='ltr'>quis</span> <span class='ocrx_word' id='word_1_96' title='bbox 1049 701 1233 733; x_wconf 83' lang='lat' dir='ltr'>nominabit.</span> <span class='ocrx_word' id='word_1_97' title='bbox 1256 712 1295 732; x_wconf 90' lang='lat' dir='ltr'>ea</span> <span class='ocrx_word' id='word_1_98' title='bbox 1306 712 1391 738; x_wconf 79' lang='lat' dir='ltr'>vero,</span> <span class='ocrx_word' id='word_1_99' title='bbox 1407 711 1501 742; x_wconf 88' lang='lat' dir='ltr'>quam</span> <span class='ocrx_word' id='word_1_100' title='bbox 1514 710 1597 730; x_wconf 77' lang='lat' dir='ltr'>sum-</span> 
     </span>
     <span class='ocr_line' id='line_1_10' title="bbox 138 755 1602 798; baseline -0.001 -12"><span class='ocrx_word' id='word_1_101' title='bbox 138 765 264 796; x_wconf 88' lang='lat' dir='ltr'>mopere</span> <span class='ocrx_word' id='word_1_102' title='bbox 286 755 431 798; x_wconf 82' lang='lat' dir='ltr'>Tyrtaeus</span> <span class='ocrx_word' id='word_1_103' title='bbox 458 755 608 791; x_wconf 85' lang='lat' dir='ltr'>laudavit,</span> <span class='ocrx_word' id='word_1_104' title='bbox 623 757 683 786; x_wconf 87' lang='lat' dir='ltr'>etsi</span> <span class='ocrx_word' id='word_1_105' title='bbox 709 756 842 797; x_wconf 86' lang='lat' dir='ltr'>pulchra</span> <span class='ocrx_word' id='word_1_106' title='bbox 865 760 914 786; x_wconf 82' lang='lat' dir='ltr'>est</span> <span class='ocrx_word' id='word_1_107' title='bbox 936 761 968 786; x_wconf 90' lang='lat' dir='ltr'>et</span> <span class='ocrx_word' id='word_1_108' title='bbox 993 756 1120 798; x_wconf 76' lang='lat' dir='ltr'>apoe&#39;ta</span> <span class='ocrx_word' id='word_1_109' title='bbox 1141 762 1316 798; x_wconf 87' lang='lat' dir='ltr'>opportune</span> <span class='ocrx_word' id='word_1_110' title='bbox 1331 756 1470 791; x_wconf 77' lang='lat' dir='ltr'>laudata,</span> <span class='ocrx_word' id='word_1_111' title='bbox 1487 755 1602 785; x_wconf 86' lang='lat' dir='ltr'>virtute</span> 
     </span>
     <span class='ocr_line' id='line_1_11' title="bbox 135 809 1600 851; baseline -0.001 -11"><span class='ocrx_word' id='word_1_112' title='bbox 135 814 244 840; x_wconf 86' lang='lat' dir='ltr'>tamen</span> <span class='ocrx_word' id='word_1_113' title='bbox 259 814 292 840; x_wconf 89' lang='lat' dir='ltr'>et</span> <span class='ocrx_word' id='word_1_114' title='bbox 305 820 435 841; x_wconf 88' lang='lat' dir='ltr'>numero</span> <span class='ocrx_word' id='word_1_115' title='bbox 448 816 558 851; x_wconf 89' lang='lat' dir='ltr'>quarto</span> <span class='ocrx_word' id='word_1_116' title='bbox 573 811 643 842; x_wconf 94' lang='lat' dir='ltr'>loco</span> <span class='ocrx_word' id='word_1_117' title='bbox 659 810 830 841; x_wconf 78' lang='lat' dir='ltr'>rectissime</span> <span class='ocrx_word' id='word_1_118' title='bbox 843 809 1026 841; x_wconf 86' lang='lat' dir='ltr'>honoranda</span> <span class='ocrx_word' id='word_1_119' title='bbox 1048 816 1106 842; x_wconf 85' lang='lat' dir='ltr'>est.</span> <span class='ocrx_word' id='word_1_120' title='bbox 1141 811 1218 842; x_wconf 74' lang='lat' dir='ltr'>Cu.</span> <span class='ocrx_word' id='word_1_121' title='bbox 1242 810 1336 851; x_wconf 85' lang='lat' dir='ltr'>Ergo,</span> <span class='ocrx_word' id='word_1_122' title='bbox 1356 812 1482 851; x_wconf 84' lang='lat' dir='ltr'>hospes,</span> <span class='ocrx_word' id='word_1_123' title='bbox 1494 809 1600 849; x_wconf 81' lang='lat' dir='ltr'>legum</span> 
     </span>
     <span class='ocr_line' id='line_1_12' title="bbox 136 862 1602 907; baseline -0.001 -13"><span class='ocrx_word' id='word_1_124' title='bbox 136 869 311 894; x_wconf 83' lang='lat' dir='ltr'>nostrarum</span> <span class='ocrx_word' id='word_1_125' title='bbox 323 864 517 896; x_wconf 81' lang='lat' dir='ltr'>conditorem</span> <span class='ocrx_word' id='word_1_126' title='bbox 541 865 623 895; x_wconf 90' lang='lat' dir='ltr'>inter</span> <span class='ocrx_word' id='word_1_127' title='bbox 637 865 766 896; x_wconf 88' lang='lat' dir='ltr'>ultimos</span> <span class='ocrx_word' id='word_1_128' title='bbox 786 865 894 906; x_wconf 86' lang='lat' dir='ltr'>legum</span> <span class='ocrx_word' id='word_1_129' title='bbox 920 865 1095 896; x_wconf 90' lang='lat' dir='ltr'>conditores</span> <span class='ocrx_word' id='word_1_130' title='bbox 1116 865 1340 907; x_wconf 82' lang='lat' dir='ltr'>projiciemus?</span> <span class='ocrx_word' id='word_1_131' title='bbox 1364 864 1502 896; x_wconf 64' lang='lat' dir='ltr'>Aruns.</span> <span class='ocrx_word' id='word_1_132' title='bbox 1523 862 1602 894; x_wconf 86' lang='lat' dir='ltr'>Non</span> 
     </span>
     <span class='ocr_line' id='line_1_13' title="bbox 136 916 1601 961; baseline 0 -13"><span class='ocrx_word' id='word_1_133' title='bbox 136 916 240 954; x_wconf 88' lang='lat' dir='ltr'>illum,</span> <span class='ocrx_word' id='word_1_134' title='bbox 255 928 275 949; x_wconf 93' lang='lat' dir='ltr'>o</span> <span class='ocrx_word' id='word_1_135' title='bbox 289 918 337 948; x_wconf 83' lang='lat' dir='ltr'>vir</span> <span class='ocrx_word' id='word_1_136' title='bbox 350 919 482 960; x_wconf 88' lang='lat' dir='ltr'>optime,</span> <span class='ocrx_word' id='word_1_137' title='bbox 500 918 556 949; x_wconf 88' lang='lat' dir='ltr'>sed</span> <span class='ocrx_word' id='word_1_138' title='bbox 580 919 641 960; x_wconf 89' lang='lat' dir='ltr'>ipsi</span> <span class='ocrx_word' id='word_1_139' title='bbox 665 929 721 950; x_wconf 91' lang='lat' dir='ltr'>nos</span> <span class='ocrx_word' id='word_1_140' title='bbox 747 919 832 961; x_wconf 82' lang='lat' dir='ltr'>ipsos</span> <span class='ocrx_word' id='word_1_141' title='bbox 847 931 856 950; x_wconf 70' lang='grc' dir='ltr'>ε</span> <span class='ocrx_word' id='word_1_142' title='bbox 881 920 908 950; x_wconf 89' lang='lat' dir='ltr'>si</span> <span class='ocrx_word' id='word_1_143' title='bbox 923 919 1051 960; x_wconf 85' lang='lat' dir='ltr'>quidem</span> <span class='ocrx_word' id='word_1_144' title='bbox 1067 927 1214 961; x_wconf 87' lang='lat' dir='ltr'>putemus</span> <span class='ocrx_word' id='word_1_145' title='bbox 1237 928 1269 950; x_wconf 87' lang='lat' dir='ltr'>et</span> <span class='ocrx_word' id='word_1_146' title='bbox 1283 919 1333 950; x_wconf 91' lang='lat' dir='ltr'>hic</span> <span class='ocrx_word' id='word_1_147' title='bbox 1349 925 1382 950; x_wconf 90' lang='lat' dir='ltr'>et</span> <span class='ocrx_word' id='word_1_148' title='bbox 1393 917 1479 960; x_wconf 87' lang='lat' dir='ltr'>apud</span> <span class='ocrx_word' id='word_1_149' title='bbox 1502 918 1601 948; x_wconf 91' lang='lat' dir='ltr'>Lace-</span> 
     </span>
     <span class='ocr_line' id='line_1_14' title="bbox 138 971 1602 1015; baseline -0.001 -12"><span class='ocrx_word' id='word_1_150' title='bbox 138 971 310 1003; x_wconf 77' lang='lat' dir='ltr'>daemonios</span> <span class='ocrx_word' id='word_1_151' title='bbox 332 973 510 1014; x_wconf 87' lang='lat' dir='ltr'>Lycurgum</span> <span class='ocrx_word' id='word_1_152' title='bbox 527 979 560 1004; x_wconf 88' lang='lat' dir='ltr'>et</span> <span class='ocrx_word' id='word_1_153' title='bbox 583 974 730 1004; x_wconf 86' lang='lat' dir='ltr'>Minoem</span> <span class='ocrx_word' id='word_1_154' title='bbox 754 972 796 1003; x_wconf 90' lang='lat' dir='ltr'>ad</span> <span class='ocrx_word' id='word_1_155' title='bbox 820 973 939 1004; x_wconf 91' lang='lat' dir='ltr'>bellum</span> <span class='ocrx_word' id='word_1_156' title='bbox 963 974 1167 1015; x_wconf 85' lang='lat' dir='ltr'>respicientes</span> <span class='ocrx_word' id='word_1_157' title='bbox 1194 974 1279 1015; x_wconf 84' lang='lat' dir='ltr'>leges</span> <span class='ocrx_word' id='word_1_158' title='bbox 1307 974 1498 1005; x_wconf 84' lang='lat' dir='ltr'>condidisse.</span> <span class='ocrx_word' id='word_1_159' title='bbox 1522 971 1602 1002; x_wconf 70' lang='lat' dir='ltr'>Cn.</span> 
     </span>
     <span class='ocr_line' id='line_1_15' title="bbox 141 1025 1602 1070; baseline -0.001 -13"><span class='ocrx_word' id='word_1_160' title='bbox 141 1025 310 1063; x_wconf 87' lang='lat' dir='ltr'>Quomodo</span> <span class='ocrx_word' id='word_1_161' title='bbox 322 1027 416 1068; x_wconf 87' lang='lat' dir='ltr'>igitur</span> <span class='ocrx_word' id='word_1_162' title='bbox 427 1028 467 1058; x_wconf 92' lang='lat' dir='ltr'>de</span> <span class='ocrx_word' id='word_1_163' title='bbox 482 1029 541 1059; x_wconf 93' lang='lat' dir='ltr'>hoc</span> <span class='ocrx_word' id='word_1_164' title='bbox 554 1026 657 1059; x_wconf 87' lang='lat' dir='ltr'>dicere</span> <span class='ocrx_word' id='word_1_165' title='bbox 672 1038 729 1058; x_wconf 90' lang='grc'><strong>1105</strong></span> <span class='ocrx_word' id='word_1_166' title='bbox 741 1027 926 1069; x_wconf 87' lang='lat' dir='ltr'>oportebat?</span> <span class='ocrx_word' id='word_1_167' title='bbox 941 1027 1080 1058; x_wconf 59' lang='lat' dir='ltr'>Arnen.</span> <span class='ocrx_word' id='word_1_168' title='bbox 1104 1028 1150 1059; x_wconf 90' lang='lat' dir='ltr'>Ut</span> <span class='ocrx_word' id='word_1_169' title='bbox 1157 1029 1270 1059; x_wconf 81' lang='lat' dir='ltr'>veritas</span> <span class='ocrx_word' id='word_1_170' title='bbox 1284 1034 1316 1059; x_wconf 90' lang='lat' dir='ltr'>et</span> <span class='ocrx_word' id='word_1_171' title='bbox 1325 1028 1448 1070; x_wconf 88' lang='lat' dir='ltr'>justitia</span> <span class='ocrx_word' id='word_1_172' title='bbox 1462 1027 1602 1068; x_wconf 90' lang='lat' dir='ltr'>postulat</span> 
     </span>
     <span class='ocr_line' id='line_1_16' title="bbox 140 1080 1605 1124; baseline 0 -13"><span class='ocrx_word' id='word_1_173' title='bbox 140 1090 194 1112; x_wconf 86' lang='lat' dir='ltr'>eos</span> <span class='ocrx_word' id='word_1_174' title='bbox 206 1080 322 1118; x_wconf 83' lang='lat' dir='ltr'>dicere,</span> <span class='ocrx_word' id='word_1_175' title='bbox 335 1082 389 1122; x_wconf 92' lang='lat' dir='ltr'>qui</span> <span class='ocrx_word' id='word_1_176' title='bbox 405 1081 445 1113; x_wconf 91' lang='lat' dir='ltr'>de</span> <span class='ocrx_word' id='word_1_177' title='bbox 459 1081 566 1112; x_wconf 81' lang='lat' dir='ltr'>divina</span> <span class='ocrx_word' id='word_1_178' title='bbox 573 1092 607 1112; x_wconf 90' lang='lat' dir='ltr'>re</span> <span class='ocrx_word' id='word_1_179' title='bbox 620 1081 748 1123; x_wconf 89' lang='lat' dir='ltr'>publica</span> <span class='ocrx_word' id='word_1_180' title='bbox 759 1081 915 1112; x_wconf 87' lang='lat' dir='ltr'>disserunt</span> <span class='ocrx_word' id='word_1_181' title='bbox 927 1093 934 1111; x_wconf 89' lang='lat'>:</span> <span class='ocrx_word' id='word_1_182' title='bbox 951 1092 1015 1112; x_wconf 90' lang='lat' dir='ltr'>non</span> <span class='ocrx_word' id='word_1_183' title='bbox 1027 1081 1068 1112; x_wconf 87' lang='lat' dir='ltr'>ad</span> <span class='ocrx_word' id='word_1_184' title='bbox 1083 1082 1268 1124; x_wconf 86' lang='lat' dir='ltr'>particulam</span> <span class='ocrx_word' id='word_1_185' title='bbox 1285 1082 1420 1119; x_wconf 84' lang='lat' dir='ltr'>virtutis,</span> <span class='ocrx_word' id='word_1_186' title='bbox 1433 1087 1466 1112; x_wconf 87' lang='lat' dir='ltr'>et</span> <span class='ocrx_word' id='word_1_187' title='bbox 1477 1091 1605 1122; x_wconf 85' lang='lat' dir='ltr'>praeser-</span> 
     </span>
     <span class='ocr_line' id='line_1_17' title="bbox 140 1134 1606 1177; baseline -0.001 -11"><span class='ocrx_word' id='word_1_188' title='bbox 140 1135 199 1166; x_wconf 84' lang='lat' dir='ltr'>tim</span> <span class='ocrx_word' id='word_1_189' title='bbox 210 1136 250 1166; x_wconf 87' lang='lat' dir='ltr'>ad</span> <span class='ocrx_word' id='word_1_190' title='bbox 260 1135 473 1177; x_wconf 72' lang='lat' dir='ltr'>dejecfiowm,</span> <span class='ocrx_word' id='word_1_191' title='bbox 481 1137 538 1166; x_wconf 88' lang='lat' dir='ltr'>sed</span> <span class='ocrx_word' id='word_1_192' title='bbox 553 1135 595 1166; x_wconf 87' lang='lat' dir='ltr'>ad</span> <span class='ocrx_word' id='word_1_193' title='bbox 605 1136 784 1167; x_wconf 88' lang='lat' dir='ltr'>universam</span> <span class='ocrx_word' id='word_1_194' title='bbox 795 1136 878 1177; x_wconf 89' lang='lat' dir='ltr'>ipsos</span> <span class='ocrx_word' id='word_1_195' title='bbox 889 1136 1037 1166; x_wconf 84' lang='lat' dir='ltr'>virtutem</span> <span class='ocrx_word' id='word_1_196' title='bbox 1051 1137 1224 1177; x_wconf 77' lang='lat' dir='ltr'>respexisse</span> <span class='ocrx_word' id='word_1_197' title='bbox 1233 1137 1419 1177; x_wconf 88' lang='lat' dir='ltr'>putandum,</span> <span class='ocrx_word' id='word_1_198' title='bbox 1431 1141 1463 1166; x_wconf 89' lang='lat' dir='ltr'>et</span> <span class='ocrx_word' id='word_1_199' title='bbox 1477 1145 1532 1176; x_wconf 87' lang='lat' dir='ltr'>per</span> <span class='ocrx_word' id='word_1_200' title='bbox 1542 1134 1606 1165; x_wconf 87' lang='lat' dir='ltr'>sin-</span> 
     </span>
     <span class='ocr_line' id='line_1_18' title="bbox 141 1188 1606 1232; baseline -0.001 -11"><span class='ocrx_word' id='word_1_201' title='bbox 141 1191 231 1231; x_wconf 76' lang='lat' dir='ltr'>gulas</span> <span class='ocrx_word' id='word_1_202' title='bbox 245 1201 351 1222; x_wconf 83' lang='lat' dir='ltr'>earum</span> <span class='ocrx_word' id='word_1_203' title='bbox 365 1191 486 1232; x_wconf 80' lang='lat' dir='ltr'>species</span> <span class='ocrx_word' id='word_1_204' title='bbox 502 1191 588 1232; x_wconf 84' lang='lat' dir='ltr'>leges</span> <span class='ocrx_word' id='word_1_205' title='bbox 609 1191 771 1231; x_wconf 77' lang='lat' dir='ltr'>quaesisse,</span> <span class='ocrx_word' id='word_1_206' title='bbox 787 1201 846 1220; x_wconf 89' lang='lat' dir='ltr'>nec</span> <span class='ocrx_word' id='word_1_207' title='bbox 868 1200 922 1221; x_wconf 88' lang='lat' dir='ltr'>eas</span> <span class='ocrx_word' id='word_1_208' title='bbox 940 1190 1064 1231; x_wconf 87' lang='lat' dir='ltr'>species</span> <span class='ocrx_word' id='word_1_209' title='bbox 1088 1190 1306 1231; x_wconf 79' lang='lat' dir='ltr'>investigasse,</span> <span class='ocrx_word' id='word_1_210' title='bbox 1320 1200 1398 1232; x_wconf 89' lang='lat' dir='ltr'>quas</span> <span class='ocrx_word' id='word_1_211' title='bbox 1408 1190 1501 1220; x_wconf 90' lang='lat' dir='ltr'>multi</span> <span class='ocrx_word' id='word_1_212' title='bbox 1509 1188 1606 1219; x_wconf 91' lang='lat' dir='ltr'>modo</span> 
     </span>
     <span class='ocr_line' id='line_1_19' title="bbox 140 1244 1605 1286; baseline -0.001 -12"><span class='ocrx_word' id='word_1_213' title='bbox 140 1250 354 1286; x_wconf 83' lang='lat' dir='ltr'>proponentes</span> <span class='ocrx_word' id='word_1_214' title='bbox 369 1250 520 1286; x_wconf 82' lang='lat' dir='ltr'>quaerunt.</span> <span class='ocrx_word' id='word_1_215' title='bbox 543 1245 576 1275; x_wconf 89' lang='lat' dir='ltr'>id</span> <span class='ocrx_word' id='word_1_216' title='bbox 586 1245 672 1275; x_wconf 89' lang='lat' dir='ltr'>enim</span> <span class='ocrx_word' id='word_1_217' title='bbox 684 1245 816 1286; x_wconf 88' lang='lat' dir='ltr'>quisque</span> <span class='ocrx_word' id='word_1_218' title='bbox 831 1245 967 1274; x_wconf 81' lang='lat' dir='ltr'>maxime</span> <span class='ocrx_word' id='word_1_219' title='bbox 981 1255 1117 1285; x_wconf 66' lang='lat' dir='ltr'>quaerere</span> <span class='ocrx_word' id='word_1_220' title='bbox 1135 1245 1226 1280; x_wconf 86' lang='lat' dir='ltr'>solet,</span> <span class='ocrx_word' id='word_1_221' title='bbox 1243 1255 1305 1286; x_wconf 89' lang='lat' dir='ltr'>quo</span> <span class='ocrx_word' id='word_1_222' title='bbox 1315 1245 1450 1275; x_wconf 83' lang='lat' dir='ltr'>maxime</span> <span class='ocrx_word' id='word_1_223' title='bbox 1463 1244 1605 1286; x_wconf 83' lang='lat' dir='ltr'>indiget:</span> 
     </span>
     <span class='ocr_line' id='line_1_20' title="bbox 143 1297 1607 1341; baseline 0 -12"><span class='ocrx_word' id='word_1_224' title='bbox 143 1298 225 1330; x_wconf 81' lang='lat' dir='ltr'>alius</span> <span class='ocrx_word' id='word_1_225' title='bbox 239 1299 278 1330; x_wconf 92' lang='lat' dir='ltr'>de</span> <span class='ocrx_word' id='word_1_226' title='bbox 302 1299 487 1335; x_wconf 86' lang='lat' dir='ltr'>hereditate,</span> <span class='ocrx_word' id='word_1_227' title='bbox 501 1299 579 1330; x_wconf 87' lang='lat' dir='ltr'>alius</span> <span class='ocrx_word' id='word_1_228' title='bbox 598 1299 638 1329; x_wconf 87' lang='lat' dir='ltr'>de</span> <span class='ocrx_word' id='word_1_229' title='bbox 659 1299 782 1341; x_wconf 87' lang='lat' dir='ltr'>injuria,</span> <span class='ocrx_word' id='word_1_230' title='bbox 795 1298 876 1329; x_wconf 88' lang='lat' dir='ltr'>alius</span> <span class='ocrx_word' id='word_1_231' title='bbox 898 1297 938 1328; x_wconf 92' lang='lat' dir='ltr'>de</span> <span class='ocrx_word' id='word_1_232' title='bbox 962 1298 1074 1329; x_wconf 84' lang='lat' dir='ltr'>ceteris</span> <span class='ocrx_word' id='word_1_233' title='bbox 1088 1298 1267 1340; x_wconf 82' lang='lat' dir='ltr'>hujusmodi</span> <span class='ocrx_word' id='word_1_234' title='bbox 1288 1300 1407 1330; x_wconf 78' lang='lat' dir='ltr'>multis.</span> <span class='ocrx_word' id='word_1_235' title='bbox 1430 1309 1487 1329; x_wconf 87' lang='lat' dir='ltr'>nos</span> <span class='ocrx_word' id='word_1_236' title='bbox 1500 1304 1607 1329; x_wconf 81' lang='lat' dir='ltr'>autem</span> 
     </span>
     <span class='ocr_line' id='line_1_21' title="bbox 142 1352 1606 1395; baseline -0.001 -11"><span class='ocrx_word' id='word_1_237' title='bbox 142 1358 218 1384; x_wconf 83' lang='lat' dir='ltr'>tunc</span> <span class='ocrx_word' id='word_1_238' title='bbox 232 1353 272 1384; x_wconf 91' lang='lat' dir='ltr'>de</span> <span class='ocrx_word' id='word_1_239' title='bbox 287 1353 411 1395; x_wconf 87' lang='lat' dir='ltr'>legibus</span> <span class='ocrx_word' id='word_1_240' title='bbox 425 1354 506 1384; x_wconf 89' lang='lat' dir='ltr'>bene</span> <span class='ocrx_word' id='word_1_241' title='bbox 521 1353 620 1394; x_wconf 72' lang='lat' dir='ltr'>quaeri</span> <span class='ocrx_word' id='word_1_242' title='bbox 635 1358 791 1394; x_wconf 88' lang='lat' dir='ltr'>putamus,</span> <span class='ocrx_word' id='word_1_243' title='bbox 807 1363 881 1383; x_wconf 93' lang='lat' dir='ltr'>cum</span> <span class='ocrx_word' id='word_1_244' title='bbox 895 1352 949 1388; x_wconf 90' lang='lat' dir='ltr'>ita,</span> <span class='ocrx_word' id='word_1_245' title='bbox 966 1353 1065 1395; x_wconf 83' lang='lat'><strong>[631]</strong></span> <span class='ocrx_word' id='word_1_246' title='bbox 1085 1357 1119 1383; x_wconf 94' lang='lat' dir='ltr'>ut</span> <span class='ocrx_word' id='word_1_247' title='bbox 1133 1363 1192 1383; x_wconf 87' lang='lat' dir='ltr'>nos</span> <span class='ocrx_word' id='word_1_248' title='bbox 1206 1354 1302 1383; x_wconf 90' lang='lat' dir='ltr'>modo</span> <span class='ocrx_word' id='word_1_249' title='bbox 1318 1353 1508 1395; x_wconf 86' lang='lat' dir='ltr'>incepimus,</span> <span class='ocrx_word' id='word_1_250' title='bbox 1519 1363 1606 1394; x_wconf 81' lang='lat' dir='ltr'>quae-</span> 
     </span>
     <span class='ocr_line' id='line_1_22' title="bbox 141 1406 1608 1449; baseline 0 -11"><span class='ocrx_word' id='word_1_251' title='bbox 141 1407 230 1438; x_wconf 83' lang='lat' dir='ltr'>ritur.</span> <span class='ocrx_word' id='word_1_252' title='bbox 252 1417 288 1438; x_wconf 87' lang='lat' dir='ltr'>ac</span> <span class='ocrx_word' id='word_1_253' title='bbox 304 1414 392 1439; x_wconf 89' lang='lat' dir='ltr'>tuum</span> <span class='ocrx_word' id='word_1_254' title='bbox 406 1407 554 1449; x_wconf 87' lang='lat' dir='ltr'>equidem</span> <span class='ocrx_word' id='word_1_255' title='bbox 567 1408 746 1448; x_wconf 80' lang='lat' dir='ltr'>ingressum</span> <span class='ocrx_word' id='word_1_256' title='bbox 766 1407 807 1437; x_wconf 85' lang='lat' dir='ltr'>ad</span> <span class='ocrx_word' id='word_1_257' title='bbox 823 1406 1028 1448; x_wconf 83' lang='lat' dir='ltr'>exponendas</span> <span class='ocrx_word' id='word_1_258' title='bbox 1043 1407 1130 1449; x_wconf 84' lang='lat' dir='ltr'>leges</span> <span class='ocrx_word' id='word_1_259' title='bbox 1144 1408 1237 1437; x_wconf 80' lang='lat' dir='ltr'>valde</span> <span class='ocrx_word' id='word_1_260' title='bbox 1252 1407 1363 1449; x_wconf 89' lang='lat' dir='ltr'>probo.</span> <span class='ocrx_word' id='word_1_261' title='bbox 1386 1409 1469 1449; x_wconf 88' lang='lat' dir='ltr'>quod</span> <span class='ocrx_word' id='word_1_262' title='bbox 1487 1407 1573 1438; x_wconf 90' lang='lat' dir='ltr'>enim</span> <span class='ocrx_word' id='word_1_263' title='bbox 1589 1418 1608 1438; x_wconf 94' lang='lat' dir='ltr'>a</span> 
     </span>
     <span class='ocr_line' id='line_1_23' title="bbox 143 1461 1608 1504; baseline 0.001 -13"><span class='ocrx_word' id='word_1_264' title='bbox 143 1461 257 1492; x_wconf 83' lang='lat' dir='ltr'>virtute</span> <span class='ocrx_word' id='word_1_265' title='bbox 271 1462 375 1494; x_wconf 83' lang='lat' dir='ltr'>fecisti</span> <span class='ocrx_word' id='word_1_266' title='bbox 389 1462 590 1504; x_wconf 82' lang='lat' dir='ltr'>principium,</span> <span class='ocrx_word' id='word_1_267' title='bbox 607 1462 715 1493; x_wconf 86' lang='lat' dir='ltr'>dicens</span> <span class='ocrx_word' id='word_1_268' title='bbox 741 1461 827 1503; x_wconf 84' lang='lat' dir='ltr'>leges</span> <span class='ocrx_word' id='word_1_269' title='bbox 852 1462 974 1493; x_wconf 84' lang='lat' dir='ltr'>virtutis</span> <span class='ocrx_word' id='word_1_270' title='bbox 999 1462 1099 1504; x_wconf 85' lang='lat' dir='ltr'>gratia</span> <span class='ocrx_word' id='word_1_271' title='bbox 1124 1462 1279 1499; x_wconf 91' lang='lat' dir='ltr'>conditas,</span> <span class='ocrx_word' id='word_1_272' title='bbox 1294 1467 1381 1493; x_wconf 88' lang='lat' dir='ltr'>recte</span> <span class='ocrx_word' id='word_1_273' title='bbox 1408 1462 1537 1504; x_wconf 89' lang='lat' dir='ltr'>quidem</span> <span class='ocrx_word' id='word_1_274' title='bbox 1552 1473 1608 1504; x_wconf 89' lang='lat' dir='ltr'>ag-</span> 
     </span>
     <span class='ocr_line' id='line_1_24' title="bbox 143 1516 1609 1558; baseline 0.001 -11"><span class='ocrx_word' id='word_1_275' title='bbox 143 1526 268 1558; x_wconf 83' lang='lat' dir='ltr'>gressus</span> <span class='ocrx_word' id='word_1_276' title='bbox 287 1527 355 1548; x_wconf 80' lang='lat' dir='ltr'>esse</span> <span class='ocrx_word' id='word_1_277' title='bbox 370 1517 484 1548; x_wconf 87' lang='lat' dir='ltr'>videris</span> <span class='ocrx_word' id='word_1_278' title='bbox 500 1528 506 1547; x_wconf 93' lang='lat'>:</span> <span class='ocrx_word' id='word_1_279' title='bbox 532 1516 619 1558; x_wconf 88' lang='lat' dir='ltr'>quod</span> <span class='ocrx_word' id='word_1_280' title='bbox 635 1523 741 1548; x_wconf 87' lang='lat' dir='ltr'>autem</span> <span class='ocrx_word' id='word_1_281' title='bbox 756 1517 795 1547; x_wconf 90' lang='lat' dir='ltr'>ad</span> <span class='ocrx_word' id='word_1_282' title='bbox 811 1517 998 1558; x_wconf 82' lang='lat' dir='ltr'>particulam</span> <span class='ocrx_word' id='word_1_283' title='bbox 1011 1516 1145 1553; x_wconf 86' lang='lat' dir='ltr'>virtutis,</span> <span class='ocrx_word' id='word_1_284' title='bbox 1161 1521 1194 1547; x_wconf 92' lang='lat' dir='ltr'>et</span> <span class='ocrx_word' id='word_1_285' title='bbox 1209 1527 1280 1547; x_wconf 89' lang='lat' dir='ltr'>eam</span> <span class='ocrx_word' id='word_1_286' title='bbox 1292 1516 1467 1553; x_wconf 86' lang='lat' dir='ltr'>minimam,</span> <span class='ocrx_word' id='word_1_287' title='bbox 1479 1527 1609 1558; x_wconf 83' lang='lat' dir='ltr'>respex-</span> 
     </span>
     <span class='ocr_line' id='line_1_25' title="bbox 143 1570 1610 1613; baseline 0 -11"><span class='ocrx_word' id='word_1_288' title='bbox 143 1570 205 1602; x_wconf 86' lang='lat' dir='ltr'>isse</span> <span class='ocrx_word' id='word_1_289' title='bbox 229 1571 423 1602; x_wconf 82' lang='lat' dir='ltr'>conditorem</span> <span class='ocrx_word' id='word_1_290' title='bbox 445 1571 552 1613; x_wconf 84' lang='lat' dir='ltr'>legum</span> <span class='ocrx_word' id='word_1_291' title='bbox 579 1571 748 1608; x_wconf 82' lang='lat' dir='ltr'>affirmasti,</span> <span class='ocrx_word' id='word_1_292' title='bbox 764 1572 848 1602; x_wconf 86' lang='lat' dir='ltr'>haud</span> <span class='ocrx_word' id='word_1_293' title='bbox 871 1576 954 1602; x_wconf 85' lang='lat' dir='ltr'>recte</span> <span class='ocrx_word' id='word_1_294' title='bbox 981 1571 1059 1601; x_wconf 89' lang='lat' dir='ltr'>mihi</span> <span class='ocrx_word' id='word_1_295' title='bbox 1082 1571 1169 1602; x_wconf 85' lang='lat' dir='ltr'>visus</span> <span class='ocrx_word' id='word_1_296' title='bbox 1194 1582 1230 1602; x_wconf 87' lang='lat' dir='ltr'>es</span> <span class='ocrx_word' id='word_1_297' title='bbox 1251 1571 1368 1608; x_wconf 87' lang='lat' dir='ltr'>dicere,</span> <span class='ocrx_word' id='word_1_298' title='bbox 1385 1576 1479 1613; x_wconf 90' lang='lat' dir='ltr'>atque</span> <span class='ocrx_word' id='word_1_299' title='bbox 1494 1571 1610 1602; x_wconf 89' lang='lat' dir='ltr'>iccirco</span> 
     </span>
     <span class='ocr_line' id='line_1_26' title="bbox 143 1624 1612 1667; baseline 0 -11"><span class='ocrx_word' id='word_1_300' title='bbox 143 1624 286 1667; x_wconf 85' lang='lat' dir='ltr'>longiore</span> <span class='ocrx_word' id='word_1_301' title='bbox 301 1631 413 1667; x_wconf 84' lang='lat' dir='ltr'>postea</span> <span class='ocrx_word' id='word_1_302' title='bbox 426 1626 567 1657; x_wconf 86' lang='lat' dir='ltr'>oratione</span> <span class='ocrx_word' id='word_1_303' title='bbox 582 1636 655 1656; x_wconf 84' lang='lat' dir='ltr'>usus</span> <span class='ocrx_word' id='word_1_304' title='bbox 671 1636 750 1658; x_wconf 87' lang='lat' dir='ltr'>sum.</span> <span class='ocrx_word' id='word_1_305' title='bbox 775 1625 932 1667; x_wconf 88' lang='lat' dir='ltr'>quomodo</span> <span class='ocrx_word' id='word_1_306' title='bbox 947 1631 1054 1657; x_wconf 86' lang='lat' dir='ltr'>autem</span> <span class='ocrx_word' id='word_1_307' title='bbox 1067 1632 1098 1657; x_wconf 89' lang='lat' dir='ltr'>te</span> <span class='ocrx_word' id='word_1_308' title='bbox 1112 1626 1206 1657; x_wconf 89' lang='lat' dir='ltr'>nobis</span> <span class='ocrx_word' id='word_1_309' title='bbox 1221 1626 1413 1667; x_wconf 86' lang='lat' dir='ltr'>distinguere</span> <span class='ocrx_word' id='word_1_310' title='bbox 1427 1626 1612 1664; x_wconf 84' lang='lat' dir='ltr'>voluissem,</span> 
     </span>
     <span class='ocr_line' id='line_1_27' title="bbox 144 1679 1614 1722; baseline 0.001 -12"><span class='ocrx_word' id='word_1_311' title='bbox 144 1679 173 1711; x_wconf 79' lang='lat' dir='ltr'>si</span> <span class='ocrx_word' id='word_1_312' title='bbox 186 1679 246 1718; x_wconf 86' lang='lat' dir='ltr'>vis,</span> <span class='ocrx_word' id='word_1_313' title='bbox 260 1679 318 1710; x_wconf 87' lang='lat' dir='ltr'>tibi</span> <span class='ocrx_word' id='word_1_314' title='bbox 333 1679 449 1711; x_wconf 86' lang='lat' dir='ltr'>dicam.</span> <span class='ocrx_word' id='word_1_315' title='bbox 472 1679 550 1711; x_wconf 81' lang='lat' dir='ltr'>CLI.</span> <span class='ocrx_word' id='word_1_316' title='bbox 573 1679 653 1712; x_wconf 93' lang='lat' dir='ltr'>Volo</span> <span class='ocrx_word' id='word_1_317' title='bbox 667 1681 826 1722; x_wconf 80' lang='lat' dir='ltr'>equidem.</span> <span class='ocrx_word' id='word_1_318' title='bbox 849 1681 986 1711; x_wconf 62' lang='lat' dir='ltr'>Arnim.</span> <span class='ocrx_word' id='word_1_319' title='bbox 1007 1680 1102 1711; x_wconf 89' lang='lat' dir='ltr'>Hunc</span> <span class='ocrx_word' id='word_1_320' title='bbox 1117 1681 1151 1710; x_wconf 89' lang='lat' dir='ltr'>in</span> <span class='ocrx_word' id='word_1_321' title='bbox 1170 1681 1301 1711; x_wconf 87' lang='lat' dir='ltr'>modum</span> <span class='ocrx_word' id='word_1_322' title='bbox 1317 1680 1420 1712; x_wconf 89' lang='lat' dir='ltr'>dicere</span> <span class='ocrx_word' id='word_1_323' title='bbox 1437 1681 1614 1721; x_wconf 88' lang='lat' dir='ltr'>oportebat,</span> 
     </span>
     <span class='ocr_line' id='line_1_28' title="bbox 148 1733 1613 1776; baseline 0.001 -11"><span class='ocrx_word' id='word_1_324' title='bbox 148 1744 168 1765; x_wconf 92' lang='grc'>0</span> <span class='ocrx_word' id='word_1_325' title='bbox 182 1734 310 1776; x_wconf 83' lang='lat' dir='ltr'>hospes.</span> <span class='ocrx_word' id='word_1_326' title='bbox 333 1733 531 1765; x_wconf 84' lang='lat' dir='ltr'>Cretensium</span> <span class='ocrx_word' id='word_1_327' title='bbox 546 1735 635 1776; x_wconf 86' lang='lat' dir='ltr'>leges</span> <span class='ocrx_word' id='word_1_328' title='bbox 649 1745 713 1765; x_wconf 90' lang='lat' dir='ltr'>non</span> <span class='ocrx_word' id='word_1_329' title='bbox 731 1740 847 1766; x_wconf 89' lang='lat' dir='ltr'>temere</span> <span class='ocrx_word' id='word_1_330' title='bbox 865 1734 1010 1765; x_wconf 89' lang='lat' dir='ltr'>omnibus</span> <span class='ocrx_word' id='word_1_331' title='bbox 1033 1734 1154 1765; x_wconf 82' lang='lat' dir='ltr'>Graecis</span> <span class='ocrx_word' id='word_1_332' title='bbox 1166 1734 1201 1765; x_wconf 86' lang='lat' dir='ltr'>in</span> <span class='ocrx_word' id='word_1_333' title='bbox 1213 1735 1320 1776; x_wconf 88' lang='lat' dir='ltr'>primis</span> <span class='ocrx_word' id='word_1_334' title='bbox 1334 1734 1515 1776; x_wconf 88' lang='lat' dir='ltr'>probantur.</span> <span class='ocrx_word' id='word_1_335' title='bbox 1529 1740 1613 1766; x_wconf 85' lang='lat' dir='ltr'>recte</span> 
     </span>
     <span class='ocr_line' id='line_1_29' title="bbox 147 1788 1614 1830; baseline 0.001 -10"><span class='ocrx_word' id='word_1_336' title='bbox 147 1789 233 1820; x_wconf 81' lang='lat' dir='ltr'>enim</span> <span class='ocrx_word' id='word_1_337' title='bbox 248 1789 359 1830; x_wconf 88' lang='lat' dir='ltr'>positae</span> <span class='ocrx_word' id='word_1_338' title='bbox 376 1794 460 1825; x_wconf 88' lang='lat' dir='ltr'>sunt,</span> <span class='ocrx_word' id='word_1_339' title='bbox 476 1800 549 1820; x_wconf 89' lang='lat' dir='ltr'>cum</span> <span class='ocrx_word' id='word_1_340' title='bbox 563 1794 689 1820; x_wconf 87' lang='lat' dir='ltr'>utentes</span> <span class='ocrx_word' id='word_1_341' title='bbox 705 1790 751 1820; x_wconf 87' lang='lat' dir='ltr'>eis</span> <span class='ocrx_word' id='word_1_342' title='bbox 764 1790 874 1820; x_wconf 86' lang='lat' dir='ltr'>beatos</span> <span class='ocrx_word' id='word_1_343' title='bbox 888 1789 1035 1821; x_wconf 90' lang='lat' dir='ltr'>efficiant.</span> <span class='ocrx_word' id='word_1_344' title='bbox 1060 1788 1165 1820; x_wconf 90' lang='lat' dir='ltr'>omnia</span> <span class='ocrx_word' id='word_1_345' title='bbox 1180 1789 1265 1819; x_wconf 85' lang='lat' dir='ltr'>enim</span> <span class='ocrx_word' id='word_1_346' title='bbox 1279 1789 1362 1819; x_wconf 88' lang='lat' dir='ltr'>bona</span> <span class='ocrx_word' id='word_1_347' title='bbox 1376 1788 1426 1819; x_wconf 88' lang='grc'><strong>1115</strong></span> <span class='ocrx_word' id='word_1_348' title='bbox 1440 1788 1614 1830; x_wconf 72' lang='lat' dir='ltr'>porrigunt.</span> 
     </span>
     <span class='ocr_line' id='line_1_30' title="bbox 147 1843 1615 1885; baseline 0 -11"><span class='ocrx_word' id='word_1_349' title='bbox 147 1843 288 1885; x_wconf 89' lang='lat' dir='ltr'>duplicia</span> <span class='ocrx_word' id='word_1_350' title='bbox 302 1843 466 1874; x_wconf 75' lang='lat' dir='ltr'>verobona</span> <span class='ocrx_word' id='word_1_351' title='bbox 477 1849 563 1881; x_wconf 88' lang='lat' dir='ltr'>sunt,</span> <span class='ocrx_word' id='word_1_352' title='bbox 579 1845 642 1874; x_wconf 90' lang='lat' dir='ltr'>alia</span> <span class='ocrx_word' id='word_1_353' title='bbox 656 1845 804 1881; x_wconf 88' lang='lat' dir='ltr'>humana,</span> <span class='ocrx_word' id='word_1_354' title='bbox 820 1845 927 1875; x_wconf 89' lang='lat' dir='ltr'>divina</span> <span class='ocrx_word' id='word_1_355' title='bbox 942 1844 1005 1874; x_wconf 86' lang='lat' dir='ltr'>alia</span> <span class='ocrx_word' id='word_1_356' title='bbox 1018 1855 1025 1872; x_wconf 90' lang='lat'>:</span> <span class='ocrx_word' id='word_1_357' title='bbox 1043 1844 1291 1885; x_wconf 88' lang='lat' dir='ltr'>dependentque</span> <span class='ocrx_word' id='word_1_358' title='bbox 1307 1853 1325 1873; x_wconf 92' lang='lat' dir='ltr'>a</span> <span class='ocrx_word' id='word_1_359' title='bbox 1339 1843 1453 1874; x_wconf 86' lang='lat' dir='ltr'>divinis</span> <span class='ocrx_word' id='word_1_360' title='bbox 1466 1844 1615 1875; x_wconf 85' lang='lat' dir='ltr'>humana.</span> 
     </span>
     <span class='ocr_line' id='line_1_31' title="bbox 144 1896 1615 1939; baseline 0.001 -11"><span class='ocrx_word' id='word_1_361' title='bbox 144 1897 172 1928; x_wconf 87' lang='lat' dir='ltr'>si</span> <span class='ocrx_word' id='word_1_362' title='bbox 185 1908 247 1939; x_wconf 89' lang='lat' dir='ltr'>qua</span> <span class='ocrx_word' id='word_1_363' title='bbox 261 1908 334 1929; x_wconf 87' lang='lat' dir='ltr'>vero</span> <span class='ocrx_word' id='word_1_364' title='bbox 349 1898 461 1929; x_wconf 88' lang='lat' dir='ltr'>civitas</span> <span class='ocrx_word' id='word_1_365' title='bbox 475 1897 595 1939; x_wconf 88' lang='lat' dir='ltr'>majora</span> <span class='ocrx_word' id='word_1_366' title='bbox 610 1899 760 1939; x_wconf 89' lang='lat' dir='ltr'>suscepit,</span> <span class='ocrx_word' id='word_1_367' title='bbox 774 1898 895 1928; x_wconf 90' lang='lat' dir='ltr'>minora</span> <span class='ocrx_word' id='word_1_368' title='bbox 909 1907 1036 1939; x_wconf 87' lang='lat' dir='ltr'>quoque</span> <span class='ocrx_word' id='word_1_369' title='bbox 1063 1896 1207 1938; x_wconf 87' lang='lat' dir='ltr'>possidet</span> <span class='ocrx_word' id='word_1_370' title='bbox 1225 1908 1231 1926; x_wconf 94' lang='lat'><strong>:</strong></span> <span class='ocrx_word' id='word_1_371' title='bbox 1257 1897 1306 1927; x_wconf 90' lang='lat' dir='ltr'>sin</span> <span class='ocrx_word' id='word_1_372' title='bbox 1321 1902 1428 1928; x_wconf 87' lang='lat' dir='ltr'>autem</span> <span class='ocrx_word' id='word_1_373' title='bbox 1440 1897 1502 1928; x_wconf 91' lang='lat' dir='ltr'>illis</span> <span class='ocrx_word' id='word_1_374' title='bbox 1517 1903 1615 1934; x_wconf 86' lang='lat' dir='ltr'>caret,</span> 
     </span>
     <span class='ocr_line' id='line_1_32' title="bbox 147 1950 1617 1994; baseline 0 -12"><span class='ocrx_word' id='word_1_375' title='bbox 147 1952 288 1994; x_wconf 87' lang='lat' dir='ltr'>utrisque</span> <span class='ocrx_word' id='word_1_376' title='bbox 304 1953 455 1994; x_wconf 71' lang='lat' dir='ltr'>privatur.</span> <span class='ocrx_word' id='word_1_377' title='bbox 478 1953 634 1983; x_wconf 87' lang='lat' dir='ltr'>minorum</span> <span class='ocrx_word' id='word_1_378' title='bbox 648 1953 785 1994; x_wconf 90' lang='lat' dir='ltr'>primum</span> <span class='ocrx_word' id='word_1_379' title='bbox 811 1958 860 1983; x_wconf 84' lang='lat' dir='ltr'>est</span> <span class='ocrx_word' id='word_1_380' title='bbox 874 1953 1004 1989; x_wconf 86' lang='lat' dir='ltr'>sanitas,</span> <span class='ocrx_word' id='word_1_381' title='bbox 1019 1952 1121 1982; x_wconf 83' lang='lat' dir='ltr'>forma</span> <span class='ocrx_word' id='word_1_382' title='bbox 1135 1950 1321 1988; x_wconf 85' lang='lat' dir='ltr'>secundum,</span> <span class='ocrx_word' id='word_1_383' title='bbox 1336 1951 1463 1982; x_wconf 85' lang='lat' dir='ltr'>tertium</span> <span class='ocrx_word' id='word_1_384' title='bbox 1479 1951 1560 1982; x_wconf 84' lang='lat' dir='ltr'>vires</span> <span class='ocrx_word' id='word_1_385' title='bbox 1574 1951 1617 1983; x_wconf 89' lang='lat' dir='ltr'>ad</span> 
     </span>
     <span class='ocr_line' id='line_1_33' title="bbox 148 2005 1617 2048; baseline -0.001 -11"><span class='ocrx_word' id='word_1_386' title='bbox 148 2016 274 2037; x_wconf 81' lang='lat' dir='ltr'>cursum</span> <span class='ocrx_word' id='word_1_387' title='bbox 289 2011 473 2048; x_wconf 88' lang='lat' dir='ltr'>ceterosque</span> <span class='ocrx_word' id='word_1_388' title='bbox 489 2007 624 2048; x_wconf 86' lang='lat' dir='ltr'>corporis</span> <span class='ocrx_word' id='word_1_389' title='bbox 645 2012 760 2048; x_wconf 89' lang='lat' dir='ltr'>motus,</span> <span class='ocrx_word' id='word_1_390' title='bbox 776 2011 918 2048; x_wconf 85' lang='lat' dir='ltr'>quartum</span> <span class='ocrx_word' id='word_1_391' title='bbox 936 2005 1067 2042; x_wconf 73' lang='lat' dir='ltr'>divitiae,</span> <span class='ocrx_word' id='word_1_392' title='bbox 1083 2016 1153 2047; x_wconf 90' lang='lat' dir='ltr'>quae</span> <span class='ocrx_word' id='word_1_393' title='bbox 1170 2016 1261 2037; x_wconf 82' lang='lat' dir='ltr'>caecae</span> <span class='ocrx_word' id='word_1_394' title='bbox 1275 2015 1339 2037; x_wconf 90' lang='lat' dir='ltr'>non</span> <span class='ocrx_word' id='word_1_395' title='bbox 1354 2010 1438 2041; x_wconf 90' lang='lat' dir='ltr'>sunt,</span> <span class='ocrx_word' id='word_1_396' title='bbox 1451 2005 1509 2037; x_wconf 87' lang='lat' dir='ltr'>sed</span> <span class='ocrx_word' id='word_1_397' title='bbox 1523 2011 1617 2037; x_wconf 82' lang='lat' dir='ltr'>acute</span> 
     </span>
     <span class='ocr_line' id='line_1_34' title="bbox 147 2059 1617 2103; baseline -0.001 -11"><span class='ocrx_word' id='word_1_398' title='bbox 147 2065 291 2097; x_wconf 78' lang='lat' dir='ltr'>cernunt,</span> <span class='ocrx_word' id='word_1_399' title='bbox 306 2060 333 2091; x_wconf 88' lang='lat' dir='ltr'>si</span> <span class='ocrx_word' id='word_1_400' title='bbox 347 2060 514 2102; x_wconf 81' lang='lat' dir='ltr'>prudenter</span> <span class='ocrx_word' id='word_1_401' title='bbox 535 2067 717 2103; x_wconf 83' lang='lat' dir='ltr'>sequuntur.</span> <span class='ocrx_word' id='word_1_402' title='bbox 739 2071 809 2103; x_wconf 88' lang='lat' dir='ltr'>quae</span> <span class='ocrx_word' id='word_1_403' title='bbox 832 2062 961 2102; x_wconf 88' lang='lat' dir='ltr'>quidem</span> <span class='ocrx_word' id='word_1_404' title='bbox 982 2061 1154 2103; x_wconf 85' lang='lat' dir='ltr'>prudentia</span> <span class='ocrx_word' id='word_1_405' title='bbox 1175 2059 1355 2091; x_wconf 87' lang='lat' dir='ltr'>divinorum</span> <span class='ocrx_word' id='word_1_406' title='bbox 1377 2060 1530 2091; x_wconf 81' lang='lat' dir='ltr'>bonorum</span> <span class='ocrx_word' id='word_1_407' title='bbox 1550 2060 1617 2091; x_wconf 85' lang='lat' dir='ltr'>dux</span> 
     </span>
     <span class='ocr_line' id='line_1_35' title="bbox 148 2114 1616 2158; baseline 0.001 -13"><span class='ocrx_word' id='word_1_408' title='bbox 148 2114 266 2156; x_wconf 86' lang='lat' dir='ltr'>primus</span> <span class='ocrx_word' id='word_1_409' title='bbox 279 2115 412 2146; x_wconf 79' lang='lat' dir='ltr'>exsistit.</span> <span class='ocrx_word' id='word_1_410' title='bbox 434 2114 551 2146; x_wconf 88' lang='lat' dir='ltr'>deinde</span> <span class='ocrx_word' id='word_1_411' title='bbox 565 2121 637 2157; x_wconf 88' lang='lat' dir='ltr'>post</span> <span class='ocrx_word' id='word_1_412' title='bbox 651 2121 789 2147; x_wconf 87' lang='lat' dir='ltr'>mentem</span> <span class='ocrx_word' id='word_1_413' title='bbox 806 2120 999 2158; x_wconf 88' lang='lat' dir='ltr'>temperatus</span> <span class='ocrx_word' id='word_1_414' title='bbox 1011 2115 1105 2146; x_wconf 89' lang='lat' dir='ltr'>animi</span> <span class='ocrx_word' id='word_1_415' title='bbox 1120 2115 1257 2146; x_wconf 87' lang='lat' dir='ltr'>habitus.</span> <span class='ocrx_word' id='word_1_416' title='bbox 1280 2125 1317 2145; x_wconf 88' lang='lat' dir='ltr'>ex</span> <span class='ocrx_word' id='word_1_417' title='bbox 1328 2115 1378 2145; x_wconf 88' lang='lat' dir='ltr'>his</span> <span class='ocrx_word' id='word_1_418' title='bbox 1392 2114 1526 2151; x_wconf 85' lang='lat' dir='ltr'>duobus,</span> <span class='ocrx_word' id='word_1_419' title='bbox 1542 2125 1616 2147; x_wconf 89' lang='lat' dir='ltr'>eum</span> 
     </span>
     <span class='ocr_line' id='line_1_36' title="bbox 147 2168 1616 2212; baseline 0 -12"><span class='ocrx_word' id='word_1_420' title='bbox 147 2168 331 2201; x_wconf 82' lang='lat' dir='ltr'>fortitudine</span> <span class='ocrx_word' id='word_1_421' title='bbox 347 2169 462 2206; x_wconf 81' lang='lat' dir='ltr'>mixtis,</span> <span class='ocrx_word' id='word_1_422' title='bbox 473 2170 595 2212; x_wconf 84' lang='lat' dir='ltr'>justitia</span> <span class='ocrx_word' id='word_1_423' title='bbox 613 2171 708 2202; x_wconf 87' lang='lat' dir='ltr'>tertio</span> <span class='ocrx_word' id='word_1_424' title='bbox 724 2170 867 2212; x_wconf 88' lang='lat' dir='ltr'>emergit.</span> <span class='ocrx_word' id='word_1_425' title='bbox 889 2168 1040 2201; x_wconf 85' lang='lat' dir='ltr'>fortitudo</span> <span class='ocrx_word' id='word_1_426' title='bbox 1064 2174 1207 2211; x_wconf 88' lang='lat' dir='ltr'>quartum</span> <span class='ocrx_word' id='word_1_427' title='bbox 1223 2174 1310 2200; x_wconf 90' lang='lat' dir='ltr'>tenet</span> <span class='ocrx_word' id='word_1_428' title='bbox 1326 2169 1441 2201; x_wconf 85' lang='lat' dir='ltr'>locum.</span> <span class='ocrx_word' id='word_1_429' title='bbox 1463 2180 1534 2211; x_wconf 85' lang='lat' dir='ltr'>quae</span> <span class='ocrx_word' id='word_1_430' title='bbox 1548 2179 1616 2200; x_wconf 86' lang='lat' dir='ltr'>om·</span> 
     </span>
     <span class='ocr_line' id='line_1_37' title="bbox 145 2223 1618 2267; baseline 0 -13"><span class='ocrx_word' id='word_1_431' title='bbox 145 2223 200 2254; x_wconf 87' lang='lat' dir='ltr'>nia</span> <span class='ocrx_word' id='word_1_432' title='bbox 214 2224 359 2255; x_wconf 85' lang='lat' dir='ltr'>humanis</span> <span class='ocrx_word' id='word_1_433' title='bbox 373 2224 438 2255; x_wconf 85' lang='lat' dir='ltr'>illis</span> <span class='ocrx_word' id='word_1_434' title='bbox 454 2230 563 2256; x_wconf 89' lang='lat' dir='ltr'>natura</span> <span class='ocrx_word' id='word_1_435' title='bbox 581 2230 818 2267; x_wconf 87' lang='lat' dir='ltr'>praeponuntur.</span> <span class='ocrx_word' id='word_1_436' title='bbox 840 2235 934 2266; x_wconf 89' lang='lat' dir='ltr'>quare</span> <span class='ocrx_word' id='word_1_437' title='bbox 950 2229 1074 2267; x_wconf 86' lang='lat' dir='ltr'>oportet</span> <span class='ocrx_word' id='word_1_438' title='bbox 1093 2229 1129 2255; x_wconf 90' lang='lat' dir='ltr'>ut</span> <span class='ocrx_word' id='word_1_439' title='bbox 1144 2224 1247 2266; x_wconf 85' lang='lat' dir='ltr'>legum</span> <span class='ocrx_word' id='word_1_440' title='bbox 1261 2234 1386 2265; x_wconf 90' lang='lat' dir='ltr'>quoque</span> <span class='ocrx_word' id='word_1_441' title='bbox 1407 2224 1487 2255; x_wconf 91' lang='lat' dir='ltr'>lator</span> <span class='ocrx_word' id='word_1_442' title='bbox 1502 2229 1535 2254; x_wconf 88' lang='lat' dir='ltr'>et</span> <span class='ocrx_word' id='word_1_443' title='bbox 1549 2223 1618 2265; x_wconf 89' lang='lat' dir='ltr'>ipse</span> 
     </span>
     <span class='ocr_line' id='line_1_38' title="bbox 146 2278 1619 2320; baseline 0 -12"><span class='ocrx_word' id='word_1_444' title='bbox 146 2278 231 2309; x_wconf 85' lang='lat' dir='ltr'>hunc</span> <span class='ocrx_word' id='word_1_445' title='bbox 246 2278 391 2310; x_wconf 88' lang='lat' dir='ltr'>ordinem</span> <span class='ocrx_word' id='word_1_446' title='bbox 416 2285 576 2320; x_wconf 86' lang='lat' dir='ltr'>sequatur,</span> <span class='ocrx_word' id='word_1_447' title='bbox 590 2284 625 2310; x_wconf 89' lang='lat' dir='ltr'>et</span> <span class='ocrx_word' id='word_1_448' title='bbox 640 2278 769 2310; x_wconf 87' lang='lat' dir='ltr'>mandet</span> <span class='ocrx_word' id='word_1_449' title='bbox 782 2279 924 2310; x_wconf 84' lang='lat' dir='ltr'>omnibus</span> <span class='ocrx_word' id='word_1_450' title='bbox 945 2285 983 2310; x_wconf 89' lang='lat' dir='ltr'>ut</span> <span class='ocrx_word' id='word_1_451' title='bbox 1001 2288 1126 2320; x_wconf 87' lang='lat' dir='ltr'>semper</span> <span class='ocrx_word' id='word_1_452' title='bbox 1138 2279 1177 2309; x_wconf 90' lang='lat' dir='ltr'>ad</span> <span class='ocrx_word' id='word_1_453' title='bbox 1194 2279 1260 2310; x_wconf 76' lang='lat' dir='ltr'>haec</span> <span class='ocrx_word' id='word_1_454' title='bbox 1275 2278 1346 2319; x_wconf 88' lang='lat' dir='ltr'>ipsa</span> <span class='ocrx_word' id='word_1_455' title='bbox 1366 2278 1571 2320; x_wconf 81' lang='lat' dir='ltr'>respicientes</span> <span class='ocrx_word' id='word_1_456' title='bbox 1584 2278 1619 2309; x_wconf 91' lang='lat' dir='ltr'>in</span> 
     </span>
     <span class='ocr_line' id='line_1_39' title="bbox 148 2332 1619 2374; baseline 0 -12"><span class='ocrx_word' id='word_1_457' title='bbox 148 2332 281 2374; x_wconf 84' lang='lat' dir='ltr'>singulis</span> <span class='ocrx_word' id='word_1_458' title='bbox 294 2338 474 2374; x_wconf 83' lang='lat' dir='ltr'>operentur.</span> <span class='ocrx_word' id='word_1_459' title='bbox 495 2334 633 2365; x_wconf 87' lang='lat' dir='ltr'>humana</span> <span class='ocrx_word' id='word_1_460' title='bbox 648 2334 732 2365; x_wconf 90' lang='lat' dir='ltr'>enim</span> <span class='ocrx_word' id='word_1_461' title='bbox 754 2334 795 2365; x_wconf 85' lang='lat' dir='ltr'>ad</span> <span class='ocrx_word' id='word_1_462' title='bbox 821 2334 940 2371; x_wconf 88' lang='lat' dir='ltr'>divina,</span> <span class='ocrx_word' id='word_1_463' title='bbox 954 2333 1063 2365; x_wconf 88' lang='lat' dir='ltr'>divina</span> <span class='ocrx_word' id='word_1_464' title='bbox 1075 2343 1148 2364; x_wconf 88' lang='lat' dir='ltr'>vero</span> <span class='ocrx_word' id='word_1_465' title='bbox 1165 2333 1205 2364; x_wconf 91' lang='lat' dir='ltr'>ad</span> <span class='ocrx_word' id='word_1_466' title='bbox 1220 2338 1362 2363; x_wconf 87' lang='lat' dir='ltr'>mentem</span> <span class='ocrx_word' id='word_1_467' title='bbox 1378 2332 1555 2374; x_wconf 89' lang='lat' dir='ltr'>principem</span> <span class='ocrx_word' id='word_1_468' title='bbox 1571 2342 1619 2362; x_wconf 88' lang='lat' dir='ltr'>re-</span> 
     </span>
     <span class='ocr_line' id='line_1_40' title="bbox 150 2385 1618 2430; baseline 0 -14"><span class='ocrx_word' id='word_1_469' title='bbox 150 2385 292 2417; x_wconf 78' lang='lat' dir='ltr'>ferenda.</span> <span class='ocrx_word' id='word_1_470' title='bbox 313 2394 401 2418; x_wconf 86' lang='lat' dir='ltr'>curet</span> <span class='ocrx_word' id='word_1_471' title='bbox 413 2392 563 2428; x_wconf 79' lang='lat' dir='ltr'>praeterea</span> <span class='ocrx_word' id='word_1_472' title='bbox 584 2395 709 2430; x_wconf 84' lang='lat' dir='ltr'>oportet</span> <span class='ocrx_word' id='word_1_473' title='bbox 724 2388 850 2430; x_wconf 82' lang='lat' dir='ltr'>nuptias</span> <span class='ocrx_word' id='word_1_474' title='bbox 872 2388 955 2420; x_wconf 85' lang='lat' dir='ltr'>inter</span> <span class='ocrx_word' id='word_1_475' title='bbox 969 2387 1055 2420; x_wconf 77' lang='lat' dir='ltr'>cives</span> <span class='ocrx_word' id='word_1_476' title='bbox 1069 2393 1103 2419; x_wconf 86' lang='lat' dir='ltr'>et</span> <span class='ocrx_word' id='word_1_477' title='bbox 1115 2387 1333 2429; x_wconf 83' lang='lat' dir='ltr'>generationes</span> <span class='ocrx_word' id='word_1_478' title='bbox 1349 2386 1618 2427; x_wconf 79' lang='lat' dir='ltr'>educationesque</span> 
     </span>
     <span class='ocr_line' id='line_1_41' title="bbox 150 2440 1622 2485; baseline -0.001 -14"><span class='ocrx_word' id='word_1_479' title='bbox 150 2440 329 2481; x_wconf 90' lang='lat' dir='ltr'>liberorum,</span> <span class='ocrx_word' id='word_1_480' title='bbox 347 2441 555 2472; x_wconf 80' lang='lat' dir='ltr'>masculorum</span> <span class='ocrx_word' id='word_1_481' title='bbox 571 2443 689 2484; x_wconf 88' lang='lat' dir='ltr'>pariter</span> <span class='ocrx_word' id='word_1_482' title='bbox 715 2448 749 2474; x_wconf 80' lang='lat' dir='ltr'>et</span> <span class='ocrx_word' id='word_1_483' title='bbox 761 2443 956 2480; x_wconf 81' lang='lat' dir='ltr'>feminarum,</span> <span class='ocrx_word' id='word_1_484' title='bbox 977 2447 1039 2475; x_wconf 84' lang='lat' dir='ltr'>tam</span> <span class='ocrx_word' id='word_1_485' title='bbox 1058 2442 1210 2485; x_wconf 83' lang='lat' dir='ltr'>juvenum</span> <span class='ocrx_word' id='word_1_486' title='bbox 1226 2451 1320 2483; x_wconf 85' lang='lat' dir='ltr'>quarn</span> <span class='ocrx_word' id='word_1_487' title='bbox 1347 2446 1439 2472; x_wconf 76' lang='lat' dir='ltr'>aetate</span> <span class='ocrx_word' id='word_1_488' title='bbox 1455 2445 1622 2482; x_wconf 85' lang='lat' dir='ltr'>provecto-</span> 
     </span>
     <span class='ocr_line' id='line_1_42' title="bbox 152 2495 1623 2539; baseline 0.001 -14"><span class='ocrx_word' id='word_1_489' title='bbox 152 2504 234 2531; x_wconf 87' lang='lat' dir='ltr'>rum,</span> <span class='ocrx_word' id='word_1_490' title='bbox 246 2503 279 2526; x_wconf 87' lang='lat' dir='ltr'>et</span> <span class='ocrx_word' id='word_1_491' title='bbox 293 2504 359 2531; x_wconf 91' lang='lat' dir='ltr'>eos,</span> <span class='ocrx_word' id='word_1_492' title='bbox 374 2495 430 2537; x_wconf 75' lang='lat' dir='ltr'>qui</span> <span class='ocrx_word' id='word_1_493' title='bbox 450 2500 536 2527; x_wconf 76' lang='lat' dir='ltr'>recte</span> <span class='ocrx_word' id='word_1_494' title='bbox 562 2496 597 2526; x_wconf 91' lang='lat' dir='ltr'>in</span> <span class='ocrx_word' id='word_1_495' title='bbox 613 2496 700 2528; x_wconf 86' lang='lat' dir='ltr'>hisce</span> <span class='ocrx_word' id='word_1_496' title='bbox 726 2507 759 2528; x_wconf 87' lang='lat' dir='ltr'>se</span> <span class='ocrx_word' id='word_1_497' title='bbox 783 2502 905 2539; x_wconf 87' lang='lat' dir='ltr'>gerunt,</span> <span class='ocrx_word' id='word_1_498' title='bbox 919 2502 956 2528; x_wconf 89' lang='lat' dir='ltr'>ut</span> <span class='ocrx_word' id='word_1_499' title='bbox 973 2497 1077 2534; x_wconf 88' lang='lat' dir='ltr'>decet,</span> <span class='ocrx_word' id='word_1_500' title='bbox 1095 2498 1240 2532; x_wconf 88' lang='lat' dir='ltr'>honoret,</span> <span class='ocrx_word' id='word_1_501' title='bbox 1265 2503 1372 2527; x_wconf 84' lang='lat' dir='ltr'>contra</span> <span class='ocrx_word' id='word_1_502' title='bbox 1397 2505 1471 2526; x_wconf 77' lang='lat' dir='ltr'>vero</span> <span class='ocrx_word' id='word_1_503' title='bbox 1485 2495 1623 2531; x_wconf 75' lang='lat' dir='ltr'>dolores,</span> 
     </span>
     <span class='ocr_line' id='line_1_43' title="bbox 150 2548 1623 2593; baseline 0.001 -14"><span class='ocrx_word' id='word_1_504' title='bbox 150 2548 329 2590; x_wconf 80' lang='lat' dir='ltr'>voluptates</span> <span class='ocrx_word' id='word_1_505' title='bbox 340 2554 374 2579; x_wconf 86' lang='lat' dir='ltr'>et</span> <span class='ocrx_word' id='word_1_506' title='bbox 388 2548 580 2591; x_wconf 83' lang='lat' dir='ltr'>cupiditates</span> <span class='ocrx_word' id='word_1_507' title='bbox 603 2550 637 2580; x_wconf 89' lang='lat' dir='ltr'>in</span> <span class='ocrx_word' id='word_1_508' title='bbox 658 2550 744 2582; x_wconf 85' lang='lat' dir='ltr'>omni</span> <span class='ocrx_word' id='word_1_509' title='bbox 767 2551 1005 2585; x_wconf 72' lang='lat' dir='ltr'>conversau&#39;one</span> <span class='ocrx_word' id='word_1_510' title='bbox 1027 2551 1195 2593; x_wconf 82' lang='lat' dir='ltr'>vituperet.</span> <span class='ocrx_word' id='word_1_511' title='bbox 1219 2550 1319 2593; x_wconf 81' lang='lat'>[632]</span> <span class='ocrx_word' id='word_1_512' title='bbox 1336 2549 1550 2581; x_wconf 81' lang='lat' dir='ltr'>considerabit</span> <span class='ocrx_word' id='word_1_513' title='bbox 1563 2550 1623 2580; x_wconf 86' lang='lat' dir='ltr'>eti-</span> 
     </span>
     <span class='ocr_line' id='line_1_44' title="bbox 151 2602 1625 2648; baseline 0 -13"><span class='ocrx_word' id='word_1_514' title='bbox 151 2613 204 2635; x_wconf 82' lang='lat' dir='ltr'>am</span> <span class='ocrx_word' id='word_1_515' title='bbox 218 2602 397 2646; x_wconf 84' lang='lat' dir='ltr'>diligenter,</span> <span class='ocrx_word' id='word_1_516' title='bbox 412 2605 452 2636; x_wconf 83' lang='lat' dir='ltr'>ad</span> <span class='ocrx_word' id='word_1_517' title='bbox 468 2615 539 2645; x_wconf 82' lang='lat' dir='ltr'>quae</span> <span class='ocrx_word' id='word_1_518' title='bbox 553 2605 659 2636; x_wconf 87' lang='lat' dir='ltr'>studia</span> <span class='ocrx_word' id='word_1_519' title='bbox 680 2615 838 2647; x_wconf 88' lang='lat' dir='ltr'>quemque</span> <span class='ocrx_word' id='word_1_520' title='bbox 854 2610 956 2648; x_wconf 76' lang='lat' dir='ltr'>raptat</span> <span class='ocrx_word' id='word_1_521' title='bbox 971 2616 1075 2638; x_wconf 85' lang='lat' dir='ltr'>amor:</span> <span class='ocrx_word' id='word_1_522' title='bbox 1101 2610 1249 2647; x_wconf 82' lang='lat' dir='ltr'>rectaque</span> <span class='ocrx_word' id='word_1_523' title='bbox 1265 2604 1368 2636; x_wconf 87' lang='lat' dir='ltr'>officia</span> <span class='ocrx_word' id='word_1_524' title='bbox 1380 2613 1436 2646; x_wconf 89' lang='lat' dir='ltr'>per</span> <span class='ocrx_word' id='word_1_525' title='bbox 1450 2604 1538 2646; x_wconf 86' lang='lat' dir='ltr'>leges</span> <span class='ocrx_word' id='word_1_526' title='bbox 1555 2604 1625 2635; x_wconf 83' lang='lat' dir='ltr'>lau-</span> 
     </span>
     <span class='ocr_line' id='line_1_45' title="bbox 153 2657 1624 2703; baseline 0.001 -15"><span class='ocrx_word' id='word_1_527' title='bbox 153 2657 256 2695; x_wconf 79' lang='lat' dir='ltr'>dabit,</span> <span class='ocrx_word' id='word_1_528' title='bbox 269 2658 461 2700; x_wconf 81' lang='lat' dir='ltr'>vituperabit</span> <span class='ocrx_word' id='word_1_529' title='bbox 476 2659 643 2690; x_wconf 82' lang='lat' dir='ltr'>contraria.</span> <span class='ocrx_word' id='word_1_530' title='bbox 665 2659 794 2692; x_wconf 86' lang='lat' dir='ltr'>docebit</span> <span class='ocrx_word' id='word_1_531' title='bbox 818 2660 893 2692; x_wconf 82' lang='lat' dir='ltr'>item</span> <span class='ocrx_word' id='word_1_532' title='bbox 917 2666 1011 2703; x_wconf 86' lang='lat' dir='ltr'>atque</span> <span class='ocrx_word' id='word_1_533' title='bbox 1037 2659 1180 2700; x_wconf 84' lang='lat' dir='ltr'>definiet,</span> <span class='ocrx_word' id='word_1_534' title='bbox 1193 2658 1271 2700; x_wconf 87' lang='lat' dir='ltr'>quid</span> <span class='ocrx_word' id='word_1_535' title='bbox 1285 2659 1317 2691; x_wconf 87' lang='lat' dir='ltr'>in</span> <span class='ocrx_word' id='word_1_536' title='bbox 1340 2658 1493 2700; x_wconf 84' lang='lat' dir='ltr'>cujusque</span> <span class='ocrx_word' id='word_1_537' title='bbox 1506 2658 1624 2690; x_wconf 81' lang='lat' dir='ltr'>affectu</span> 
     </span>
     <span class='ocr_line' id='line_1_46' title="bbox 153 2711 1624 2757; baseline 0 -15"><span class='ocrx_word' id='word_1_538' title='bbox 153 2711 318 2743; x_wconf 80' lang='lat' dir='ltr'>honestum</span> <span class='ocrx_word' id='word_1_539' title='bbox 332 2712 385 2750; x_wconf 86' lang='lat' dir='ltr'>sit,</span> <span class='ocrx_word' id='word_1_540' title='bbox 401 2711 478 2754; x_wconf 87' lang='lat' dir='ltr'>quid</span> <span class='ocrx_word' id='word_1_541' title='bbox 493 2718 597 2754; x_wconf 86' lang='lat' dir='ltr'>turpe,</span> <span class='ocrx_word' id='word_1_542' title='bbox 612 2714 694 2746; x_wconf 84' lang='lat' dir='ltr'>circa</span> <span class='ocrx_word' id='word_1_543' title='bbox 709 2714 784 2745; x_wconf 81' lang='lat' dir='ltr'>iram</span> <span class='ocrx_word' id='word_1_544' title='bbox 803 2714 952 2747; x_wconf 81' lang='lat' dir='ltr'>videlicet</span> <span class='ocrx_word' id='word_1_545' title='bbox 966 2720 1062 2757; x_wconf 84' lang='lat' dir='ltr'>atque</span> <span class='ocrx_word' id='word_1_546' title='bbox 1076 2718 1194 2745; x_wconf 87' lang='lat' dir='ltr'>metum</span> <span class='ocrx_word' id='word_1_547' title='bbox 1209 2718 1243 2744; x_wconf 86' lang='lat' dir='ltr'>et</span> <span class='ocrx_word' id='word_1_548' title='bbox 1257 2713 1346 2751; x_wconf 83' lang='lat' dir='ltr'>alias,</span> <span class='ocrx_word' id='word_1_549' title='bbox 1362 2722 1559 2755; x_wconf 78' lang='lat' dir='ltr'>quaecunque</span> <span class='ocrx_word' id='word_1_550' title='bbox 1574 2712 1624 2742; x_wconf 83' lang='lat' dir='ltr'>vel</span> 
     </span>
     <span class='ocr_line' id='line_1_47' title="bbox 156 2763 1625 2810; baseline 0.001 -15"><span class='ocrx_word' id='word_1_551' title='bbox 156 2763 293 2797; x_wconf 77' lang='lat' dir='ltr'>adversis</span> <span class='ocrx_word' id='word_1_552' title='bbox 308 2766 341 2796; x_wconf 91' lang='lat' dir='ltr'>in</span> <span class='ocrx_word' id='word_1_553' title='bbox 356 2766 449 2798; x_wconf 87' lang='lat' dir='ltr'>rebus</span> <span class='ocrx_word' id='word_1_554' title='bbox 473 2767 623 2799; x_wconf 87' lang='lat' dir='ltr'>accidunt</span> <span class='ocrx_word' id='word_1_555' title='bbox 645 2768 907 2810; x_wconf 82' lang='lat' dir='ltr'>perturbationes,</span> <span class='ocrx_word' id='word_1_556' title='bbox 921 2769 973 2801; x_wconf 84' lang='lat' dir='ltr'>vel</span> <span class='ocrx_word' id='word_1_557' title='bbox 988 2768 1135 2800; x_wconf 82' lang='lat' dir='ltr'>secundis</span> <span class='ocrx_word' id='word_1_558' title='bbox 1149 2768 1290 2805; x_wconf 83' lang='lat' dir='ltr'>delicias,</span> <span class='ocrx_word' id='word_1_559' title='bbox 1307 2772 1401 2809; x_wconf 86' lang='lat' dir='ltr'>atque</span> <span class='ocrx_word' id='word_1_560' title='bbox 1418 2767 1502 2798; x_wconf 85' lang='lat' dir='ltr'>circa</span> <span class='ocrx_word' id='word_1_561' title='bbox 1515 2775 1625 2797; x_wconf 84' lang='lat' dir='ltr'>omnes</span> 
     </span>
     <span class='ocr_line' id='line_1_48' title="bbox 155 2816 1625 2866; baseline 0.001 -18"><span class='ocrx_word' id='word_1_562' title='bbox 155 2816 294 2860; x_wconf 82' lang='lat' dir='ltr'>denique</span> <span class='ocrx_word' id='word_1_563' title='bbox 309 2825 424 2863; x_wconf 85' lang='lat' dir='ltr'>motus,</span> <span class='ocrx_word' id='word_1_564' title='bbox 439 2821 494 2862; x_wconf 80' lang='lat' dir='ltr'>qui</span> <span class='ocrx_word' id='word_1_565' title='bbox 506 2831 545 2852; x_wconf 91' lang='lat' dir='ltr'>ex</span> <span class='ocrx_word' id='word_1_566' title='bbox 568 2821 689 2860; x_wconf 89' lang='lat' dir='ltr'>morbo,</span> <span class='ocrx_word' id='word_1_567' title='bbox 703 2822 799 2864; x_wconf 90' lang='lat' dir='ltr'>bello,</span> <span class='ocrx_word' id='word_1_568' title='bbox 815 2828 1001 2866; x_wconf 75' lang='lat' dir='ltr'>paupertate</span> <span class='ocrx_word' id='word_1_569' title='bbox 1025 2823 1074 2854; x_wconf 89' lang='lat' dir='ltr'>vel</span> <span class='ocrx_word' id='word_1_570' title='bbox 1089 2823 1198 2854; x_wconf 88' lang='lat' dir='ltr'>horum</span> <span class='ocrx_word' id='word_1_571' title='bbox 1220 2822 1381 2854; x_wconf 84' lang='lat' dir='ltr'>contrariis</span> <span class='ocrx_word' id='word_1_572' title='bbox 1395 2821 1537 2852; x_wconf 81' lang='lat' dir='ltr'>homines</span> <span class='ocrx_word' id='word_1_573' title='bbox 1551 2830 1625 2850; x_wconf 81' lang='lat' dir='ltr'>vex-</span> 
     </span>
     <span class='ocr_line' id='line_1_49' title="bbox 159 2872 1626 2920; baseline 0 -18"><span class='ocrx_word' id='word_1_574' title='bbox 159 2875 225 2902; x_wconf 73' lang='lat' dir='ltr'>ant.</span> <span class='ocrx_word' id='word_1_575' title='bbox 247 2878 322 2914; x_wconf 83' lang='lat' dir='ltr'>post</span> <span class='ocrx_word' id='word_1_576' title='bbox 337 2874 405 2906; x_wconf 82' lang='lat' dir='ltr'>haec</span> <span class='ocrx_word' id='word_1_577' title='bbox 420 2885 550 2907; x_wconf 82' lang='lat' dir='ltr'>necesse</span> <span class='ocrx_word' id='word_1_578' title='bbox 563 2881 624 2914; x_wconf 82' lang='lat' dir='ltr'>est,</span> <span class='ocrx_word' id='word_1_579' title='bbox 640 2881 676 2907; x_wconf 89' lang='lat' dir='ltr'>ut</span> <span class='ocrx_word' id='word_1_580' title='bbox 688 2877 850 2918; x_wconf 78' lang='lat' dir='ltr'>legislator</span> <span class='ocrx_word' id='word_1_581' title='bbox 872 2882 1009 2920; x_wconf 81' lang='lat' dir='ltr'>quaestus</span> <span class='ocrx_word' id='word_1_582' title='bbox 1023 2877 1245 2919; x_wconf 76' lang='lat' dir='ltr'>impensasque</span> <span class='ocrx_word' id='word_1_583' title='bbox 1259 2877 1374 2908; x_wconf 89' lang='lat' dir='ltr'>civium</span> <span class='ocrx_word' id='word_1_584' title='bbox 1389 2874 1556 2915; x_wconf 83' lang='lat' dir='ltr'>diligenter</span> <span class='ocrx_word' id='word_1_585' title='bbox 1570 2872 1626 2903; x_wconf 85' lang='lat' dir='ltr'>ob·</span> 
     </span>
    </p>
   </div>
   <div class='ocr_carea' id='block_1_3' title="bbox 161 2926 1629 3018">
    <p class='ocr_par' dir='ltr' id='par_1_3' title="bbox 161 2926 1629 3018">
     <span class='ocr_line' id='line_1_50' title="bbox 161 2926 1629 2975; baseline -0.004 -13"><span class='ocrx_word' id='word_1_586' title='bbox 161 2930 280 2966; x_wconf 69' lang='lat' dir='ltr'>servet,</span> <span class='ocrx_word' id='word_1_587' title='bbox 291 2931 334 2963; x_wconf 83' lang='lat' dir='ltr'>et.</span> <span class='ocrx_word' id='word_1_588' title='bbox 349 2930 506 2970; x_wconf 83' lang='lat' dir='ltr'>quomodo</span> <span class='ocrx_word' id='word_1_589' title='bbox 524 2930 611 2970; x_wconf 87' lang='lat' dir='ltr'>fiant,</span> <span class='ocrx_word' id='word_1_590' title='bbox 626 2937 788 2975; x_wconf 77' lang='lat' dir='ltr'>agnoscat,</span> <span class='ocrx_word' id='word_1_591' title='bbox 803 2932 991 2966; x_wconf 81' lang='lat' dir='ltr'>commercia</span> <span class='ocrx_word' id='word_1_592' title='bbox 1007 2931 1084 2965; x_wconf 85' lang='lat' dir='ltr'>item</span> <span class='ocrx_word' id='word_1_593' title='bbox 1105 2931 1138 2964; x_wconf 88' lang='lat' dir='ltr'>in</span> <span class='ocrx_word' id='word_1_594' title='bbox 1162 2931 1210 2963; x_wconf 83' lang='lat' dir='ltr'>his</span> <span class='ocrx_word' id='word_1_595' title='bbox 1228 2929 1372 2963; x_wconf 81' lang='lat' dir='ltr'>omnibus</span> <span class='ocrx_word' id='word_1_596' title='bbox 1395 2939 1431 2960; x_wconf 82' lang='lat' dir='ltr'>ac</span> <span class='ocrx_word' id='word_1_597' title='bbox 1444 2926 1629 2961; x_wconf 79' lang='lat' dir='ltr'>solutiones,</span> 
     </span>
     <span class='ocr_line' id='line_1_51' title="bbox 250 2979 1543 3018; baseline 0.002 -6"><span class='ocrx_word' id='word_1_598' title='bbox 250 2980 338 3014; x_wconf 68' lang='lat' dir='ltr'>Prae.</span> <span class='ocrx_word' id='word_1_599' title='bbox 352 2982 407 3016; x_wconf 84' lang='lat' dir='ltr'>Tr.</span> <span class='ocrx_word' id='word_1_600' title='bbox 926 2986 972 3018; x_wconf 72' lang='lat'>11,</span> <span class='ocrx_word' id='word_1_601' title='bbox 1474 2984 1495 3014; x_wconf 74' lang='lat'><strong>2</strong></span> <span class='ocrx_word' id='word_1_602' title='bbox 1514 2979 1543 3012; x_wconf 93' lang='grc' dir='ltr'>Ο</span> 
     </span>
    </p>
   </div>
  </div>
 </body>
</html>
