1840 3225
210 209 279 260 16]
809 207 1090 245 PttttAEBUS.
1649 210 1673 244 3

199 310 266 352 ipse
283 322 368 354 pono
394 316 449 342 aut
472 322 542 353 quae
569 315 615 351 tu,
631 310 782 341 vincant:
807 310 861 341 sed
885 309 932 340 illi
954 309 1040 350 quod
1060 308 1252 340 verissimum
1277 315 1336 347 ent,
1364 310 1534 342 faveamus.
1582 309 1669 340 Pno-

200 364 253 396 Sic
279 371 414 407 oportet.
459 366 514 397 So.
539 365 610 396 Hoc
633 364 706 395 item
734 363 832 394 multo
860 363 958 404 magis
974 368 1082 393 mutua
1095 363 1293 394 consessione
1314 374 1534 394 asseveremus.
1579 363 1670 395 Puo.

201 420 384 458 Quidnam?
426 421 482 452 So.
503 420 601 457 Quod
627 419 767 450 homines
789 429 897 451 omnes
922 418 1046 459 fatigat,
1063 423 1127 449 tum
1144 418 1285 448 volentes
1311 422 1375 448 tum
1403 417 1497 448 etiam
1514 417 1669 457 nolentes,

200 474 322 515 aliquos
338 474 495 516 praecipue
510 479 541 505 et
555 474 737 515 aliquando.
784 473 872 504 Puo.
897 472 960 502 Dic
977 471 1111 513 planius.
1157 471 1213 503 So.
1238 472 1430 509 Sermonem,
1446 472 1499 513 qui
1523 482 1606 502 nunc
1622 472 1669 502 in-

200 529 289 565 cidit,
304 528 444 570 inquam,
460 534 569 559 natura
585 527 754 559 mirabilem
771 539 777 557 :
805 526 910 557 Multa
926 537 1022 563 unum
1037 536 1117 563 esse,
1132 531 1164 556 et
1178 536 1276 556 unum
1294 527 1402 562 multa,
1419 525 1556 556 mirabile
1570 525 1669 556 dictu⁴

202 588 296 624 atque
323 583 415 614 facile
457 588 505 614 est
533 577 680 614 adv‘ersus
708 593 791 618 etun,
819 581 874 622 qui
901 581 1081 613 alterutrum
1111 580 1260 621 posuerit,
1291 581 1503 610 dubitationes
1533 591 1669 610 movere.

201 636 288 669 Pno.
311 636 465 678 Nunquid
481 637 537 673 ais,
552 648 622 668 cum
638 637 792 678 quispiam
808 646 856 666 me
871 635 954 666 verbi
970 645 1065 666 causa
1079 634 1281 665 Protarchum
1299 645 1392 665 unum
1408 642 1517 664 natura
1532 634 1670 675 genitum

202 691 320 728 asserit,
335 691 450 722 deinde
467 702 514 722 me
527 702 630 721 rursus
646 690 760 720 multos
774 695 869 731 atque
885 688 1054 721 contrarios
1080 689 1250 729 praedicat?
1277 699 1433 729 magnum,
1449 699 1588 729 parvum,
1602 699 1670 728 gra-

202 754 284 783 vem,
309 744 407 774 levem
431 744 566 775 eundem
592 744 763 780 hominem,
778 744 901 783 aliaque
925 742 1106 784 permulta?
1153 742 1207 773 So.
1229 742 1276 772 Tu
1301 743 1440 783 quidem,
1455 754 1473 772 o
1491 742 1670 780 Protarcho,

201 798 327 829 inducis
341 809 377 829 ea
392 798 473 829 circa
489 809 585 829 unum
608 809 644 829 ac
669 798 766 828 multa
790 796 943 837 miranda,
959 807 1028 838 qum
1054 796 1216 837 divulgata
1239 802 1322 832 sunt,
1338 801 1380 831 et,
1396 802 1430 826 ut
1445 796 1487 826 ita
1502 796 1617 831 (licam,
1633 796 1671 825 ab

202 852 347 884 omnibus
359 851 425 893 jam
439 863 599 889 concessa,
614 863 706 893 quam
724 851 850 881 minime
863 851 1014 881 tentanda
1029 850 1102 886 sint,
1116 850 1211 880 veluti
1228 850 1357 891 puerilia
1370 851 1511 892 quaedam
1524 855 1556 881 et
1569 848 1674 880 facilia

200 905 345 946 cognitu,
361 917 397 937 ac
422 906 553 936 maxima
580 906 787 948 disputationi
813 906 916 936 sutura
941 904 1114 941 obstacula,
1129 904 1238 945 siquis
1253 904 1432 936 admiserit:
1459 914 1559 945 neque
1575 904 1669 934 etiaru

203 960 354 991 mirabilia
368 961 435 991 haec
451 961 606 998 habenda,
622 961 762 1003 inquam,
778 971 847 991 cum
863 960 932 1001 quis
947 958 1101 1000 cujusque
1117 959 1252 991 membra
1269 964 1433 1000 partesque
1457 958 1576 988 ratione
1591 957 1671 988 ‹li-vi-

202 1014 293 1051 dens‚
308 1015 450 1047 universa
465 1016 534 1046 tnaec
548 1015 627 1046 illud
643 1026 738 1045 unum
754 1026 820 1045 esse
836 1015 961 1053 fatetur,
976 1013 1091 1044 deinde
1116 1013 1188 1043 talia
1213 1013 1357 1054 quaedam
1373 1012 1497 1053 refellit⁷
1514 1012 1670 1048 deridens,

203 1068 294 1109 quasi
321 1074 455 1100 monstra
479 1069 568 1100 fateri
591 1069 832 1110 cogatur,quod
859 1079 954 1098 unum
979 1067 1076 1097 multa
1103 1066 1286 1107 infinitaque
1311 1066 1362 1102 sit,
1377 1066 1537 1107 multaque
1564 1076 1672 1095 unum.

203 1122 290 1154 Puo.
313 1123 361 1153 Tu
377 1134 448 1154 vero
463 1134 605 1165 quaenam
621 1124 681 1154 alia
696 1123 786 1160 dicis,
799 1134 816 1153 o
832 1123 986 1159 Socrates,
998 1132 1067 1162 quae
1085 1121 1223 1151 nondum
1239 1130 1387 1152 concessa
1404 1120 1484 1151 circa
1499 1130 1670 1150 sermonem

203 1177 339 1207 eundem
355 1177 517 1219 divulgata
533 1178 615 1208 sint?
640 1177 715 1219 [15]
741 1177 798 1208 So.
822 1176 960 1213 Quando
972 1175 1172 1217 quispiam,o
1197 1185 1285 1215 puer,
1300 1174 1401 1215 ipsum
1425 1184 1523 1204 unum
1541 1172 1616 1202 nihil
1632 1183 1670 1203 ex

199 1231 240 1261 iis
265 1241 334 1271 quie
361 1230 501 1261 oriuntur
520 1236 556 1261 et
580 1231 744 1270 occidunt,
759 1229 862 1271 ponit,
877 1235 912 1260 ut
939 1229 1032 1270 paulo
1058 1234 1132 1259 ante
1156 1239 1212 1258 nos
1235 1228 1381 1264 diximus,
1399 1232 1472 1257 tunc
1497 1227 1558 1256 tale
1575 1237 1669 1256 unum

203 1285 445 1325 haudquaquam
458 1284 561 1315 refelli
576 1285 690 1316 debere
700 1294 889 1315 concessum
905 1288 963 1314 est.
986 1289 1019 1314 at
1033 1293 1102 1313 cum
1120 1293 1214 1312 unum
1229 1281 1386 1312 hominem
1402 1281 1550 1311 affirmare
1576 1290 1671 1310 cona-

201 1344 262 1372 tw.
281 1338 389 1369 bovem
408 1349 514 1375 unum,
538 1339 702 1381 pulchrum
730 1349 1015 1378 unum,unumque
1030 1338 1159 1377 bonum,
1174 1343 1250 1367 tunc
1265 1336 1384 1366 sanein
1401 1335 1438 1365 iis
1454 1334 1624 1365 unitatibus
1639 1339 1671 1365 et

202 1391 422 1433 hujuscemodi
449 1393 539 1423 rebus
569 1393 694 1423 anxium
721 1393 858 1423 studium
889 1404 958 1424 cum
990 1392 1144 1423 divisione
1174 1390 1360 1432 ambiguitas
1391 1390 1437 1421 fit.
1485 1389 1572 1420 Pno.
1596 1390 1670 1426 Quo

202 1447 320 1487 pacto?
365 1446 418 1477 So.
443 1446 547 1477 Primo
563 1447 688 1488 quidem
713 1453 815 1477 utrum
841 1446 1069 1477 admittendum
1091 1446 1142 1482 sit,
1158 1444 1352 1486 ejuscemodi
1368 1444 1517 1486 quasdam
1534 1454 1604 1474 vere
1618 1454 1671 1473 ex-

201 1500 332 1531 istentes
344 1501 478 1532 unitates
494 1512 570 1533 esse.
597 1501 726 1532 Deinde
741 1501 900 1543 quomodo
915 1500 1089 1542 quamlibet
1104 1511 1207 1530 earum
1227 1509 1318 1529 unam
1337 1509 1458 1539 semper
1473 1498 1669 1538 eandemque

200 1565 268 1585 esse
295 1555 482 1596 putandum,
498 1566 556 1586 nec
585 1555 816 1596 generationem
842 1566 901 1587 nec
926 1554 1085 1585 interitum
1110 1554 1344 1595 suscipientem,
1359 1563 1477 1594 suaque
1500 1551 1532 1582 in
1549 1551 1672 1582 unitate

203 1609 417 1641 stultissimam.
463 1610 626 1641 Postremo
644 1611 785 1652 nunquid
804 1610 834 1640 in
854 1610 943 1640 rebus
971 1609 1083 1650 genitis
1107 1615 1138 1639 et
1160 1608 1291 1639 infinitis
1307 1618 1440 1649 quaeque
1457 1607 1604 1648 ponenda
1619 1606 1670 1642 sit,

201 1665 265 1695 sive
282 1665 434 1706 dispersa,
451 1665 610 1706 multaque
627 1676 663 1696 ex
681 1676 743 1696 una
754 1665 820 1707 jam
839 1665 932 1704 sacta,
950 1664 1014 1695 sive
1031 1669 1096 1694 tota
1111 1664 1180 1705 ipsa
1195 1664 1233 1693 ab
1260 1673 1292 1693 se
1317 1663 1386 1703 ipsa
1408 1661 1536 1692 seorsim
1553 1672 1560 1691 z
1584 1660 1668 1701 quod

203 1719 330 1758 quidem
347 1719 479 1749 maxime
495 1719 631 1749 omniurn
650 1719 843 1761 impossibile
858 1719 1027 1755 videretur,
1043 1729 1138 1748 unum
1154 1717 1302 1758 idemque
1318 1715 1408 1747 simul
1425 1717 1455 1746 in
1473 1726 1534 1745 uno
1551 1714 1670 1745 multis-

203 1783 265 1814 que
283 1772 359 1804 fieri.
404 1772 480 1803 Non
504 1773 558 1805 illa
586 1774 690 1815 igitur,
707 1785 725 1804 o
749 1774 930 1810 Protarche,
947 1773 1000 1804 sed
1028 1773 1086 1803 ista
1109 1778 1182 1802 sunt
1208 1783 1277 1814 quae
1305 1771 1385 1802 circa
1414 1780 1507 1800 unum
1524 1776 1556 1800 et
1573 1769 1669 1799 multa

202 1827 282 1858 male
298 1832 439 1869 accepta,
455 1828 554 1859 omnis
569 1827 761 1860 difficultatis
789 1829 993 1870 defectusque
1019 1833 1092 1858 sunt
1116 1837 1231 1858 causa:
1259 1827 1337 1857 bene
1360 1830 1463 1855 autem
1481 1823 1669 1860 examinata,

199 1881 359 1913 facilitatis
374 1887 467 1923 atque
481 1882 649 1914 sacundiae.
696 1883 785 1916 PRO.
809 1883 944 1923 Oportet
960 1893 1028 1919 nos,
1044 1893 1063 1912 o
1078 1881 1233 1918 Socrates,
1246 1881 1304 1910 hoc
1318 1879 1448 1920 primum
1462 1878 1492 1908 in
1507 1877 1671 1918 praescntia

197 1936 367 1974 discutere,
384 1942 417 1966 ut
432 1941 464 1967 et
478 1948 537 1978 ego
553 1937 651 1968 fateor
667 1943 699 1968 et
714 1938 769 1968 hos
792 1948 899 1968 omnes
924 1937 998 1967 talia
1025 1936 1197 1967 concedere
1222 1934 1276 1965 tibi
1293 1933 1443 1965 existima.
1490 1932 1580 1963 Forte
1596 1942 1667 1962 vero

200 2001 284 2021 nunc
310 1996 445 2032 praestat,
464 1991 642 2027 Philebum,
658 1990 746 2032 quasi
772 1991 897 2027 malum,
917 1996 948 2021 ut
973 1991 1097 2027 dicitur,
1115 1990 1198 2031 quod
1225 1989 1305 2019 bene
1325 1987 1422 2029 jacet,
1448 1987 1587 2028 rogando
1605 1996 1668 2016 non

196 2054 334 2075 movere.
378 2044 431 2075 So.
454 2044 499 2075 At
514 2045 597 2075 unde
614 2045 808 2086 potissimum
824 2046 1030 2081 exordiemur,
1046 2056 1115 2075 cum
1132 2043 1229 2074 umha
1243 2048 1274 2073 et
1290 2042 1371 2073 varia
1386 2042 1418 2072 in
1437 2041 1483 2071 his
1497 2040 1669 2071 dubitatio-

200 2098 292 2129 nibus
308 2110 413 2140 pugna
436 2099 533 2130 insit?
557 2099 694 2130 hincne?
740 2099 885 2132 Dicimus
911 2100 1020 2141 utique
1046 2099 1129 2129 idem
1154 2109 1250 2128 unum
1267 2108 1303 2128 ac
1330 2096 1426 2127 multa
1451 2094 1621 2126 rationibus
1637 2099 1669 2125 et

197 2153 393 2184 sermonibus
418 2153 547 2191 factum,
564 2164 684 2195 semper
713 2165 767 2195 per
791 2154 924 2195 singula,
941 2165 1011 2196 quae
1037 2153 1196 2193 dicuntur,
1212 2157 1243 2182 ct
1271 2161 1353 2182 nunc
1380 2156 1411 2181 et
1435 2150 1508 2181 olim
1528 2150 1669 2190 undique

195 2206 448 2239 circumcurrere.
472 2208 566 2249 idque
581 2219 683 2249 neque
699 2219 783 2239 nune
805 2208 926 2249 incepit
949 2218 1051 2250 neque
1075 2207 1199 2238 desinet
1216 2216 1351 2247 unquam
1366 2217 1373 2235 :
1399 2204 1453 2236 sed
1469 2211 1528 2241 est,
1543 2209 1577 2234 ut
1593 2204 1667 2234 mihi

199 2261 334 2300 videtur,
351 2263 417 2294 haec
434 2262 586 2294 rationum
602 2274 841 2304 sermonumque
867 2263 1048 2294 immortalis
1074 2268 1106 2293 et
1132 2261 1314 2293 indeficiens
1338 2260 1428 2291 nobis
1444 2260 1536 2290 insita
1552 2259 1666 2300 passim

198 2327 269 2348 cum
289 2317 416 2359 primum
434 2317 616 2349 adolescens
631 2318 743 2360 aliquis
758 2319 789 2349 id
815 2318 962 2360 gustavit,
980 2329 1084 2349 secum
1111 2318 1177 2359 ipse
1205 2315 1448 2358 congratulatur,
1465 2315 1552 2357 quasi
1567 2325 1668 2356 quen-

197 2371 270 2403 dam
285 2372 460 2402 thesaurum
476 2372 638 2414 sapientiae
656 2379 777 2410 nactus,
793 2378 825 2404 et
839 2373 1000 2414 voluptate
1025 2372 1137 2414 plenus
1160 2371 1295 2403 exsultat
1320 2381 1356 2401 ac
1380 2370 1464 2409 furit,
1479 2380 1667 2410 omnemque

194 2424 444 2466 disputationem
460 2432 605 2468 prompte
622 2432 790 2468 pertentat,
804 2433 898 2470 atque
914 2438 1086 2458 sermonem
1103 2427 1240 2468 undique
1255 2424 1396 2465 discutit,
1412 2429 1475 2453 tum
1493 2424 1618 2464 quidem
1636 2425 1666 2454 in

200 2479 327 2510 alteram
351 2485 470 2521 partem
497 2481 658 2512 reflectens
683 2482 764 2513 etin
791 2493 885 2512 unum
913 2482 1132 2518 commiscens,
1158 2486 1221 2510 tum
1238 2490 1309 2511 vero
1333 2478 1493 2520 explicans
1508 2477 1619 2508 iterum
1637 2485 1670 2508 et.

198 2533 231 2564 in
247 2535 344 2564 multa
359 2534 567 2566 distribuens:
593 2536 644 2567 ubi
669 2542 752 2569 certe
777 2537 808 2568 in
834 2537 1062 2568 dubitationem
1090 2535 1369 2575 difficultatemque
1393 2543 1426 2563 se
1451 2533 1550 2573 ipsum
1569 2533 1666 2573 primo

199 2599 235 2619 ac
251 2589 407 2629 praecipue
422 2588 547 2629 dejicit:
572 2589 687 2622 deinde
706 2591 877 2631 proximum
893 2601 1062 2632 quemque,
1077 2589 1141 2620 sive
1152 2588 1260 2630 junior
1270 2587 1334 2618 sive
1348 2587 1450 2618 senior
1461 2586 1524 2617 sive
1540 2587 1668 2627 a·qnalis

197 2642 258 2674 sit:
286 2644 439 2684 necpaui
463 2643 538 2685 [10]
564 2655 622 2676 nec
645 2645 733 2676 matri
760 2656 818 2677 nec
843 2645 1035 2677 audientium
1052 2645 1196 2685 cuiquam
1215 2652 1366 2685 parcens3
1390 2641 1484 2672 ferme
1499 2640 1591 2671 etiam
1610 2651 1668 2671 nee

197 2697 264 2728 aliis
279 2698 499 2734 animantibus,
515 2698 629 2730 nedum
647 2699 836 2737 hominibus,
851 2699 1106 2742 quandoquidem
1131 2703 1163 2729 et
1188 2698 1381 2728 barbarorum
1406 2694 1522 2726 nemini
1549 2699 1667 2735 parcat,

200 2751 293 2781 modo
308 2751 508 2793 interpretem
524 2753 731 2785 nanciscatur.
776 2753 863 2785 Pno.
888 2753 942 2785 An
957 2764 1019 2784 non
1038 2753 1137 2793 vides,
1152 2763 1170 2782 o
1185 2751 1339 2790 Socrates,
1355 2759 1411 2779 nos
1426 2748 1480 2789 qui
1496 2748 1667 2786 adstamus,

199 2816 307 2836 omnes
319 2806 453 2847 juvenes
468 2817 536 2838 esse
553 2807 564 2837 ?
589 2818 651 2838 non
669 2808 791 2846 metuis,
807 2819 846 2839 ne
861 2819 923 2839 una
938 2820 1008 2841 cum
1027 2807 1172 2847 Philebo,
1188 2806 1212 2837 si
1236 2815 1293 2836 nos
1317 2804 1359 2834 ita
1387 2801 1608 2842 objurgaveris,
1633 2801 1666 2832 in

198 2864 228 2889 te
244 2860 394 2902 impetum
412 2860 585 2893 faciamus?
632 2862 857 2899 Veruntamen,
874 2862 1096 2904 (intelligimus
1121 2862 1203 2892 enim
1228 2859 1312 2901 quod
1337 2856 1448 2895 dicis.)
1473 2855 1498 2885 si
1513 2856 1581 2896 quis
1599 2866 1664 2884 mo-

196 2914 254 2946 dus
269 2919 328 2952 est,
344 2915 366 2946 si
384 2915 468 2957 quod
486 2916 767 2949 machinamentum
785 2918 823 2949 ad
842 2919 922 2949 hanc
946 2917 1209 2960 perturbationem
1235 2912 1372 2953 benigne
1395 2910 1628 2952 quodammodo
1645 2920 1662 2939 e
