1840 3225
155 253 232 291 522
608 252 876 294 PLATONIS
907 254 1150 294 DIALOGI.
1520 254 1616 305 [39⁷

153 359 187 384 ut
197 353 263 395 jam
280 365 388 396 saporo
404 365 437 386 se
459 360 584 397 putent,
611 355 761 387 citissime
792 357 995 389 considerent
1019 358 1104 390 unde
1129 356 1246 389 divites
1265 355 1353 388 flant.
1398 354 1483 386 Nam
1510 353 1615 395 siquid

150 408 258 446 hach,
274 410 307 440 in
322 409 428 451 aliqua
442 410 674 442 existimatione
689 421 742 441 es:
768 410 816 442 sin
840 412 957 449 minus,
982 413 1016 443 in
1041 412 1140 444 nulla.
1185 412 1218 443 Si
1243 411 1339 453 igitur
1349 411 1395 442 ita
1414 410 1618 441 vehementer

150 463 320 503 expetitur,
335 473 392 495 vos
407 470 514 495 autem
529 464 562 494 in
592 464 662 495 aliis
687 464 932 502 consentientes,
960 465 1001 497 de
1026 467 1084 497 hae
1115 476 1229 507 magua
1253 465 1334 496 adeo
1359 475 1393 495 re
1419 462 1615 494 dissentitis·

149 516 279 558 insuper
292 523 398 549 autern
415 518 455 549 ad
468 519 535 549 haec
548 518 587 549 de
604 518 789 549 ditescendo
805 519 1009 561 contenditis,
1024 531 1087 551 non
1105 525 1209 551 utrum
1221 519 1311 561 nigra
1331 528 1384 550 res
1407 518 1448 549 sit
1462 522 1516 548 aut
1530 517 1616 556 alba,

149 580 254 611 neque
271 578 373 602 utrum
388 573 466 603 levis
481 578 535 603 aut
550 572 666 614 gravis,
682 573 741 603 sed
756 578 856 604 utrum
872 574 957 604 bona
979 580 1032 605 aut
1047 575 1153 605 mala:
1178 579 1213 605 ut
1223 573 1274 604 vel
1297 573 1433 604 maxime
1445 571 1486 602 ad
1509 569 1615 601 inimi-

148 624 256 656 citiam
272 626 457 664 deveniatis,
473 627 500 657 si
515 626 554 658 de
570 626 660 657 malis
675 631 708 658 et
722 627 814 657 bonis
831 628 1041 664 contendatis,
1060 634 1093 659 et
1111 629 1170 659 1100
1198 639 1268 659 011111
1294 626 1430 658 maxime
1456 623 1550 656 amici
1578 633 1616 655 30

151 680 277 720 cognati
292 680 372 711 sitis.
417 681 486 721 Ego
501 681 609 722 igitur,
633 681 836 721 quantumin
861 691 912 712 me
940 687 1035 718 esset,
1060 693 1123 713 non
1150 682 1344 724 negligerem
1364 690 1422 711 vos
1448 678 1531 709 inter
1558 687 1617 708 vos

149 733 236 774 ipsos
261 735 501 772 contendentes,
525 735 584 766 sed
610 735 634 766 si
649 734 779 776 quidem
794 745 931 776 possem,
948 735 1094 777 exposita
1109 736 1198 768 vobis
1213 746 1244 767 re
1261 734 1419 777 quomodo
1448 742 1483 763 se
1509 731 1618 767 habet,

149 787 238 817 litem
250 787 332 819 inter
343 798 399 819 vos
428 789 617 821 dirImerem.
664 799 749 820 nunc
776 794 895 830 autem,
924 789 1182 832 quandoquidem
1209 799 1268 832 ego
1296 799 1360 820 non
1390 797 1530 830 possum,
1560 795 1618 817 vos

149 845 256 872 autem
269 842 394 884 utrique
409 843 528 883 putatis
544 853 600 874 vos
616 852 707 884 posse
723 842 846 873 efficere
873 849 908 873 ut
923 844 1004 874 alter
1028 844 1092 885 ipsi
1119 844 1311 880 consentiat,
1336 848 1464 884 paratus
1487 851 1556 872 sum
1581 845 1618 871 ut

149 901 302 935 quantum
317 906 441 937 possum
458 906 551 937 opem
565 896 673 932 feram,
686 905 749 937 quo
764 905 783 926 a
803 895 894 926 vobis
911 896 1092 927 declaretur
1106 898 1264 938 quomodo
1289 898 1357 927 haec
1381 906 1430 927 res
1450 906 1482 926 se
1509 894 1617 926 habet.

149 948 198 980 Tu
213 950 310 990 igitur
325 950 454 990 inquam
472 949 583 991 Critia,
601 959 716 980 conare
732 949 858 980 efficere
874 954 975 980 utnos
987 949 1058 990 tibi,
1073 951 1162 982 velut
1174 950 1352 987 ostendisti,
1368 947 1617 981 consentimus.

151 1002 199 1034 At
214 1014 284 1044 ego,
301 1003 414 1045 inquit,
431 1003 519 1034 velut
547 1003 664 1044 incepi,
690 1003 844 1045 Eryxiam
869 1004 954 1034 hunc
980 1004 1114 1035 libenter
1135 1005 1359 1045 interrogarem
1384 1013 1425 1034 an
1453 1001 1620 1033 videantur

149 1056 211 1098 ipsi
228 1067 295 1088 csse
311 1056 453 1087 homines
460 1056 540 1097 justi
556 1061 588 1087 et
598 1057 720 1100 injusti.
763 1056 824 1088 Per
838 1057 951 1088 Jovem
966 1057 1089 1100 (inquit
1101 1058 1174 1100 ille)
1198 1064 1231 1090 et
1243 1058 1337 1089 valde
1352 1057 1490 1098 quidem.
1527 1055 1617 1093 Quid

148 1120 223 1141 vero
237 1111 248 1140 ?
273 1111 385 1153 injusta
396 1111 513 1147 facere,
536 1121 610 1142 num
632 1112 750 1141 malum
760 1121 831 1142 esse
841 1111 902 1142 tibi
915 1111 1050 1149 videtur,
1062 1118 1116 1143 aut
1126 1112 1246 1143 bonum
1259 1112 1271 1143 ?
1316 1112 1439 1143 Malum
1456 1120 1525 1142 esse
1540 1109 1618 1140 1111111

148 1164 286 1195 videtur.
298 1164 437 1196 Videtur
444 1170 550 1196 autem
566 1165 623 1196 tibi
638 1166 743 1201 1101110,
760 1164 785 1195 si
798 1175 867 1196 curn
882 1165 1055 1197 vicinorum
1071 1167 1222 1198 uxoribus
1238 1165 1427 1198 adulterium
1442 1165 1484 1195 ob
1506 1173 1617 1205 argen-

147 1224 215 1249 tum
238 1219 392 1256 contituit,
420 1219 541 1260 injusta
565 1219 733 1257 facere,an
750 1219 835 1250 non?
852 1224 884 1250 et
899 1220 958 1250 hoc
982 1230 1078 1262 quum
1105 1221 1217 1252 civitas
1241 1225 1274 1252 et
1293 1220 1382 1262 leges
1404 1217 1616 1261 prohibeant?

148 1272 274 1314 Injusta
294 1272 398 1304 facere
413 1273 491 1303 mihi
519 1272 654 1305 videtur.
699 1272 828 1309 Nonne,
855 1273 971 1314 inquit,
995 1273 1021 1304 si
1047 1274 1177 1315 quidem
1203 1274 1292 1306 dives
1313 1279 1373 1311 est,
1395 1279 1429 1304 et
1452 1278 1616 1314 argentum

147 1327 332 1368 expendere
347 1331 452 1368 potest
466 1327 558 1358 homo
572 1327 718 1369 injustuS,
734 1333 767 1358 et
781 1327 837 1369 qui
851 1328 931 1365 vult,
945 1329 1149 1369 peccaverit?
1177 1329 1275 1370 [397]
1300 1329 1333 1360 Si
1347 1338 1422 1359 vero
1437 1327 1528 1358 dives
1551 1335 1615 1357 non

147 1386 207 1417 est,
224 1390 282 1411 nec
296 1380 381 1412 unde
397 1386 559 1422 sumptum
573 1381 670 1412 faciat
681 1381 787 1417 habet,
813 1391 915 1423 neque
924 1383 1074 1423 perficere
1089 1393 1128 1414 ea
1139 1393 1209 1425 quae
1221 1384 1290 1414 vult
1298 1383 1427 1424 poterit.
1450 1391 1546 1423 quare
1558 1390 1614 1411 ne-

147 1445 209 1476 que
225 1435 382 1476 peccabit.
407 1435 607 1477 Quapropter
621 1435 717 1466 etiam
730 1434 882 1466 conducit
898 1436 1019 1468 homini
1034 1437 1133 1478 magis
1148 1442 1184 1468 ut
1199 1437 1289 1468 dives
1302 1446 1366 1467 non
1380 1436 1432 1473 sit,
1443 1436 1468 1466 si
1483 1434 1614 1477 quidem

146 1488 252 1519 minus
265 1499 303 1520 ea
318 1499 388 1530 quae
403 1490 483 1526 vult,
498 1490 643 1531 perficiet
658 1500 664 1519 :
690 1490 757 1520 vult
769 1495 876 1520 autem
897 1490 992 1521 mala.
1036 1491 1079 1521 Et
1095 1501 1199 1522 rursus
1214 1496 1376 1532 aegrotare,
1401 1490 1559 1521 bonumne
1573 1499 1615 1519 an

146 1543 265 1574 malum
281 1553 349 1574 esse
363 1543 500 1574 dixeris?
546 1543 669 1574 Malum
683 1553 759 1574 sane
775 1553 846 1585 ego.
891 1543 980 1581 Quid
993 1545 1090 1575 vero?
1113 1545 1259 1576 videntur
1273 1545 1333 1575 tibi
1353 1544 1494 1574 homines
1517 1542 1616 1584 aliqui

144 1596 393 1638 intemperantes
408 1607 475 1628 esse
491 1597 500 1627 ?
547 1597 633 1628 Mihi
655 1602 752 1628 certe.
796 1597 927 1635 Nonne,
943 1598 970 1629 si
983 1598 1099 1630 melius
1115 1604 1200 1629 esset
1216 1599 1256 1629 ad
1273 1598 1443 1629 sanitatem
1456 1597 1531 1629 huic
1557 1597 1612 1628 ho-

146 1650 236 1687 mini,
260 1654 294 1681 ut
319 1660 339 1681 a
362 1650 443 1682 cibis
465 1655 498 1682 et
527 1651 654 1692 potibus
683 1657 716 1682 et
741 1651 810 1682 aliis
825 1662 895 1692 quae
906 1652 1049 1694 jucunda
1061 1662 1130 1698 0550
1143 1652 1302 1689 videntur,
1331 1652 1514 1689 abstineret,
1541 1651 1614 1693 ipse

146 1714 223 1735 vero
238 1714 301 1735 non
314 1710 422 1746 posset
437 1705 476 1735 ob
492 1705 770 1746 intemperantiam
783 1717 790 1736 :
814 1706 930 1737 melius
945 1712 1031 1737 esset
1041 1712 1076 1737 ut
1096 1707 1157 1748 ipsi
1173 1717 1237 1738 non
1252 1711 1359 1738 essent
1377 1717 1416 1737 ea
1437 1706 1522 1737 unde
1545 1706 1615 1737 haec

147 1758 208 1799 sibi
219 1764 434 1800 compararet,
449 1769 546 1800 quam
556 1764 591 1790 ut
603 1759 704 1790 multa
718 1760 760 1790 sit
774 1759 835 1801 ipsi
849 1760 896 1790 rei
909 1760 1072 1791 familiaris
1096 1760 1211 1802 copia?
1257 1761 1308 1792 Sic
1329 1762 1412 1792 enirn
1437 1769 1503 1791 non
1528 1764 1616 1791 esset

146 1812 210 1853 ipsi
232 1812 386 1854 peccandi
412 1813 557 1849 facultas,
581 1823 687 1855 neque
715 1814 741 1844 si
766 1813 859 1845 valde
884 1815 994 1846 vellet.
1040 1814 1218 1846 Videbatur
1245 1815 1341 1856 igitur
1365 1815 1445 1845 bene
1470 1818 1503 1844 et
1526 1820 1613 1845 recte

147 1866 470 1903 disseruisseCritias,
488 1868 569 1898 adeo
584 1873 619 1898 ut
644 1868 670 1898 si
683 1878 744 1899 non
765 1874 938 1910 praesentes
959 1869 1078 1900 veritus
1103 1869 1216 1900 fuisset
1239 1869 1382 1912 Eryxias,
1405 1868 1483 1899 nihil
1507 1868 1612 1909 ipsum

145 1920 358 1961 prohibuisset
369 1921 537 1962 quominus
553 1922 748 1963 surrexisset,
774 1927 807 1953 et
836 1922 966 1954 Critiam
991 1923 1193 1954 verberasset.
1215 1924 1261 1954 ita
1284 1933 1397 1964 magna
1418 1922 1552 1964 quadam
1577 1931 1612 1952 re

144 1974 305 2015 privatum
319 1985 352 2005 50
368 1985 435 2005 0550
451 1975 594 2016 putabat,
621 1975 674 2006 ubi
689 1977 807 2006 clarum
825 1977 885 2018 ipsi
903 1976 1022 2008 factum
1044 1982 1128 2008 esset
1152 1977 1236 2018 quod
1261 1986 1326 2007 nou
1349 1982 1438 2007 recte
1460 1976 1546 2018 prius
1569 1974 1610 2006 de

144 2027 331 2060 ditescendo
345 2029 506 2060 sensisset.
550 2029 619 2070 Ego
634 2040 708 2061 vero
724 2030 777 2061 ubi
793 2029 939 2073 Eryxiarn
954 2031 998 2062 ita
1011 2031 1157 2062 affectum
1174 2041 1243 2062 esse
1258 2030 1498 2066 intellexissem,
1514 2036 1548 2060 et
1559 2039 1610 2060 ve-

143 2092 229 2112 rerer
241 2092 282 2112 ne
297 2082 428 2113 ulterius
443 2083 582 2114 convitia
595 2089 629 2114 et
644 2084 865 2116 contentiones
887 2085 1093 2121 oborirentur,
1121 2085 1218 2116 Hunc
1241 2084 1406 2126 (inquam)
1432 2093 1612 2115 sermonem

145 2145 247 2176 nuper
262 2135 295 2166 in
309 2136 415 2178 Lyceo
432 2136 479 2166 vir
500 2137 626 2178 sapiens
651 2137 806 2170 Prodicus
832 2138 917 2169 Ceus
941 2138 1130 2180 producens,
1157 2139 1365 2180 praesentibus
1392 2139 1472 2169 adeo
1501 2134 1613 2179 nugari

145 2188 320 2226 videbatur,
349 2194 383 2220 ut
396 2190 512 2220 nemini
528 2200 565 2221 ex
579 2191 648 2221 istis
662 2192 854 2232 persuadere
868 2198 977 2233 posset
994 2193 1077 2234 quod
1095 2203 1168 2224 vera
1189 2193 1321 2224 diceret.
1368 2192 1410 2223 Et
1425 2202 1498 2223 sane
1513 2192 1611 2222 etiam

145 2241 401 2274 adolescentulus·
409 2243 538 2285 quidam
548 2244 718 2276 admodum
726 2245 852 2287 juvenis
865 2246 964 2286 ipsun]
978 2246 1116 2283 adortus,
1126 2257 1197 2277 cum
1210 2248 1312 2277 multa
1320 2245 1482 2286 facundia,
1490 2245 1612 2276 asside-

145 2298 211 2333 bat,
227 2302 260 2328 et
271 2296 445 2334 deridebat,
460 2308 497 2329 ac
511 2298 678 2340 sugillabat
693 2303 726 2329 et
740 2300 958 2330 commovebat
970 2300 1086 2340 ipsum,
1100 2307 1133 2330 et
1146 2301 1300 2331 rationem
1315 2300 1459 2340 accipere
1483 2299 1614 2330 volebat

145 2350 185 2381 de
202 2352 252 2381 his
275 2360 346 2393 quae
363 2352 415 2382 ille
435 2352 582 2382 dicebat:
607 2358 640 2383 et
655 2362 729 2383 sane
755 2353 852 2383 etiam
867 2353 897 2383 in
913 2354 1014 2384 multo
1041 2354 1156 2395 majore
1182 2354 1411 2384 existimatione
1436 2359 1505 2384 erat
1525 2352 1612 2394 apud

145 2405 313 2436 audientes
328 2415 423 2446 quam
438 2405 603 2437 Prodicus.
647 2405 802 2447 Nunquid
829 2413 920 2448 potes
933 2407 1023 2438 nobis
1038 2408 1160 2448 (inquit
1183 2407 1407 2449 Erasistratus)
1432 2417 1611 2438 sermonem

143 2459 236 2490 istum
249 2459 450 2490 rescensere?
498 2460 649 2496 Maxime,
667 2460 692 2491 si
709 2459 802 2491 modo
814 2461 844 2490 in
860 2461 1044 2492 memoriam
1060 2472 1258 2493 revocavero.
1301 2461 1352 2493 Sic
1363 2461 1448 2493 enim
1457 2461 1610 2503 quodam-

145 2512 252 2549 modo,
269 2518 303 2544 ut
319 2523 378 2554 ego
393 2513 533 2555 arbitror,
549 2525 582 2545 se
600 2515 748 2546 habebat.
792 2515 1009 2556 Interrogabat
1024 2516 1107 2546 0111111
1125 2516 1228 2557 ipsum
1252 2515 1509 2547 adolescentulus
1531 2525 1610 2556 quo-

145 2567 240 2598 modo
264 2571 387 2607 putaret
413 2568 532 2598 malum
558 2578 638 2605 esse,
655 2568 787 2599 divitem
811 2579 890 2604 csse,
914 2574 946 2599 et
969 2569 1127 2610 quomodo
1152 2570 1280 2601 bonum.
1327 2570 1369 2600 Et
1398 2569 1452 2600 ille
1477 2574 1609 2610 excepto

146 2630 300 2660 sermone,
327 2619 414 2651 velut
440 2621 537 2651 ctiam
563 2627 597 2651 tu
623 2631 718 2658 nunc,
745 2621 836 2658 dixit,
863 2622 1086 2663 praestantibus
1107 2623 1237 2664 quidem
1261 2629 1294 2654 et
1317 2623 1409 2654 bonis
1431 2622 1612 2653 hominibus

144 2673 262 2704 bonum
285 2684 354 2704 esse
369 2685 375 2702 ε
409 2679 442 2704 et
468 2675 517 2705 his
543 2675 598 2715 0111
628 2681 757 2706 nossent
788 2675 842 2706 ubi
872 2677 987 2717 opibus
1017 2677 1064 2707 uti
1093 2684 1228 2718 oportet,
1258 2678 1374 2708 bonum
1403 2686 1472 2708 esse
1487 2688 1494 2706 :
1518 2676 1610 2706 malis

145 2733 248 2758 autem
279 2732 312 2757 et
346 2727 379 2757 id
419 2728 645 2767 ignorantibus,
680 2730 811 2760 1113111111.
857 2730 987 2760 Habent
1022 2737 1126 2761 autern
1158 2732 1297 2771 (inquit)
1331 2731 1427 2761 etiarn
1457 2730 1526 2760 aliae
1558 2740 1610 2760 res

115 2810 119 2815 ,
145 2791 254 2812 01111105
282 2791 314 2811 se
345 2782 402 2812 hoc
432 2782 533 2812 niodo.
579 2782 698 2819 Quales
728 2784 812 2814 0111111
843 2784 959 2814 suerint
986 2785 1039 2825 qui
1073 2786 1147 2826 ipsis
1172 2791 1311 2821 utuntur,
1338 2785 1417 2815 tales
1437 2784 1534 2815 etiam
1556 2794 1608 2815 res

143 2835 222 2876 ipsis
237 2845 304 2866 0550
320 2845 448 2866 neccsse
471 2841 529 2866 est.
570 2836 673 2869 Recte.
693 2836 776 2868 0111111
793 2837 917 2868 videtur
932 2838 1009 2868 milri
1035 2839 1173 2880 (inquit)
1197 2839 1275 2869 illud
1290 2838 1472 2869 Archilochi
1487 2838 1608 2868 dictum

145 2900 227 2926 csse,
252 2890 306 2921 lta
328 2889 479 2925 sentiunt,
507 2890 619 2921 habent
646 2893 729 2922 velut
752 2892 934 2923 nranimr‘mr.
981 2892 1073 2924 Nunc
1098 2903 1172 2934 ergo
1197 2893 1317 2933 (inquit
1335 2891 1608 2930 adolescentulus)

146 2943 242 2984 [308]
270 2943 368 2984 siquis
384 2955 432 2974 1110
463 2943 633 2984 sapientem
650 2945 767 2976 faceret
796 2945 829 2976 in
852 2957 889 2977 03
905 2946 1060 2988 sapientia
1076 2957 1137 2988 qua
1161 2947 1234 2977 boni
1259 2946 1315 2976 viri
1342 2946 1500 2987 5311100105
1524 2951 1608 2980 sunt,

143 2998 236 3029 simul
252 3008 382 3031 necesse
398 3004 443 3029 cst
460 2998 562 3039 ipsum
577 2999 671 3031 01111111
690 3000 767 3031 31135
782 3011 831 3032 rcs
847 3001 944 3033 bonas
962 3001 1036 3033 1111111
1054 3002 1168 3038 facere,
1186 3006 1218 3032 ut
1235 2999 1275 3031 ad
1291 2999 1360 3032 illas
1378 2999 1463 3042 ipsas
1477 2998 1609 3040 quidem
