1840 3225
179 266 256 304 516
502 272 517 283 ¹
635 266 901 306 PLATONIS
930 267 1175 307 DIALOGI.
1554 269 1653 323 [386

183 365 270 408 quit)
289 365 344 397 sed
366 366 448 408 quod
475 366 538 398 cito
566 367 646 400 falsa
671 368 851 400 dicentibus
877 370 988 401 credit.
1034 371 1068 401 Si
1091 380 1165 400 vero
1181 370 1214 401 in
1229 370 1371 412 longiore
1383 375 1524 414 tempore
1540 377 1573 403 et
1585 381 1651 404 non

184 418 345 458 quibusvis
368 419 520 458 crederet,
543 426 576 453 et
604 427 856 463 conquereretur,
883 433 989 455 nonne
1012 423 1113 464 magis
1130 423 1231 464 ipsum
1254 425 1436 456 accusares?
1482 424 1550 466 Ego
1561 435 1648 464 sane,

183 472 274 505 dixit.
320 473 406 504 Num
421 484 459 505 eo
473 474 558 515 quod
571 475 660 507 tarde
676 482 708 506 et
724 486 786 507 non
800 477 962 518 quibusvis
977 478 1097 508 credit?
1144 477 1206 508 Per
1229 477 1339 509 Jovem
1365 489 1428 510 non
1450 478 1536 515 ideo,
1559 479 1652 510 dixit.

183 525 218 556 N
220 536 261 556 on
282 527 364 557 enim
390 527 531 565 arbitror,
545 529 660 571 inquit,
671 535 702 561 te
718 540 785 566 rem
800 531 924 572 dignam
942 541 1008 562 esse
1025 537 1134 572 putare
1147 538 1183 562 ut
1196 533 1236 562 ob
1251 542 1321 563 eam
1336 532 1495 563 hominem
1509 543 1651 570 accuses,

183 581 239 610 sed
257 591 295 611 eo
310 581 391 622 quod
408 592 472 612 non
488 583 647 615 credenda
662 584 839 615 dicentibus
854 586 965 618 credit.
1011 586 1070 616 Est
1084 586 1138 621 ita,
1155 586 1249 616 dixit.
1294 586 1410 618 Utrum
1420 586 1527 628 igitur,
1535 586 1654 628 inquit,

185 645 226 666 eo
243 636 325 676 quod
343 637 429 667 tarde
445 641 478 668 et
492 648 555 668 non
571 639 732 679 quibusvis
748 639 859 675 credit,
876 650 938 670 non
955 640 1082 680 dignam
1097 650 1160 669 rem
1176 650 1243 670 esse
1259 646 1352 681 putas
1364 641 1464 682 ipsum
1477 651 1625 672 accusare
1641 652 1648 671 ε

184 699 291 719 verum
305 699 343 720 eo
359 691 441 730 quod
457 691 521 721 cito
535 696 567 721 et
583 691 742 731 quibusvis
757 692 865 728 credit,
881 693 952 722 ideo
968 692 1096 732 dignam
1112 693 1122 721 ?
1169 693 1243 723 Non
1258 705 1334 724 sane
1350 705 1422 735 ego,
1437 694 1525 726 dixit.
1561 695 1648 732 Quid

183 741 288 782 igitur,
302 743 417 784 inquit,
431 754 557 775 accusas
573 745 693 786 ipsum?
741 746 787 776 Eo
801 747 885 786 quod
899 752 1021 787 peccat,
1036 747 1090 786 qui
1101 751 1287 787 anteaquam
1303 748 1491 785 consideret,
1504 749 1567 780 cito
1579 749 1650 790 qui·

185 795 292 827 busvis
321 797 430 830 credit.
486 797 533 828 At
565 799 593 829 si
624 798 712 829 tarde
742 798 926 829 credidisset
956 804 1144 840 anteaquam
1171 799 1411 837 considerasset,
1451 801 1549 844 [386]
1586 811 1650 833 non

186 856 351 890 peccasset
364 851 375 881 ?
419 851 493 882 Non
517 862 573 892 per
597 852 719 888 Jovern,
747 852 829 882 dixit
843 863 850 881 :
875 853 931 882 sed
955 853 1051 883 etiam
1074 853 1118 883 sic
1147 863 1213 882 non
1228 854 1334 884 minus
1348 860 1520 895 peccasset.
1544 865 1651 886 vemm

186 912 251 933 non
281 904 441 945 quibusvis
465 906 593 937 credere
622 911 765 946 oportere
779 906 918 936 arbitror.
966 906 999 936 Si
1013 916 1086 936 vero
1103 916 1167 936 non
1182 907 1343 947 quibusvis
1358 907 1485 939 credere
1500 912 1646 950 oportere

186 961 281 998 putas
304 958 442 1001 (inquit)
466 965 496 989 at
512 959 628 1000 ignotis
643 959 799 1001 quomodo
812 959 874 990 cito
890 959 1018 991 credere
1032 960 1182 991 convenit
1196 960 1207 990 ?
1231 960 1287 991 sed
1302 966 1392 1002 putas
1407 961 1492 1002 prius
1507 967 1651 1003 oportere

186 1011 384 1042 considerare
396 1022 436 1043 311
452 1023 524 1043 vera
541 1013 658 1044 dicant.
702 1013 771 1055 Ego
786 1024 871 1050 sane,
888 1013 977 1051 dixit.
1022 1013 1107 1044 Nam
1122 1015 1149 1045 si
1163 1014 1342 1052 familiares,
1354 1015 1468 1056 inquit,
1481 1020 1514 1046 et
1524 1016 1650 1057 cognati

187 1069 270 1101 sunt,
302 1075 364 1096 non
394 1071 518 1107 oportet
539 1067 737 1098 considerare
763 1078 803 1099 an
826 1078 899 1098 vera
931 1068 1050 1100 dicant.
1106 1069 1176 1109 Ego
1203 1069 1334 1110 quidem
1358 1069 1521 1106 assentior,
1536 1070 1651 1111 inquit.

185 1117 338 1149 Fortassis
358 1125 465 1151 autem
490 1126 522 1151 et
548 1122 658 1152 horum
680 1122 788 1164 aliqui,
815 1123 926 1164 inquit,
953 1133 1018 1153 11011
1040 1122 1195 1154 credenda
1218 1123 1337 1154 dicunt.
1381 1122 1423 1154 Et
1437 1122 1542 1159 valde,
1560 1123 1654 1154 dixit.

189 1171 275 1208 Quid
288 1173 386 1213 igitur
399 1175 510 1215 magiS,
525 1175 638 1216 inquit,
655 1177 800 1217 cognatis
817 1182 849 1207 et
863 1177 1070 1207 familiaribus
1085 1177 1212 1208 credere
1225 1187 1281 1218 par
1291 1182 1350 1213 est,
1364 1187 1457 1219 quarn
1466 1177 1627 1218 quibusvis
1640 1178 1651 1208 ?

187 1224 261 1255 Non
285 1237 410 1266 possum
432 1228 548 1264 dicere,
575 1229 687 1270 inquit.
733 1230 818 1266 Quid
836 1240 906 1260 vero
923 1230 1027 1261 sinon
1044 1231 1141 1271 magis
1156 1231 1364 1262 familiaribus
1379 1232 1507 1262 credere
1522 1236 1648 1272 oportet

187 1289 282 1320 quam
296 1280 466 1321 quibusvis,
478 1292 582 1313 nonne
596 1282 710 1314 infidos
723 1283 805 1324 ipsos
816 1285 914 1324 magis
924 1289 1035 1325 putare
1049 1290 1175 1326 oportet
1185 1295 1279 1325 quam
1293 1285 1418 1326 quosvis
1430 1284 1440 1314 ?
1478 1284 1649 1322 Quomodo

188 1333 273 1364 enim
286 1335 373 1365 non?
396 1335 510 1376 inquit.
555 1337 587 1367 Si
601 1337 699 1377 igitur
714 1338 761 1368 1115
775 1338 902 1379 quidem
917 1339 1088 1369 familiares
1104 1339 1232 1374 fuerint,
1249 1339 1314 1369 illis
1325 1344 1430 1369 autem
1443 1338 1556 1380 ignoti,
1571 1349 1649 1380 quo-

188 1387 282 1418 modo
303 1399 366 1419 non
388 1390 548 1430 oportebit
575 1391 704 1422 eosdem
729 1393 829 1433 magis
847 1393 925 1423 fidos
941 1393 1075 1434 putare?
1122 1392 1196 1423 Non
1212 1393 1299 1423 enim
1315 1393 1458 1423 similiter
1473 1392 1551 1423 fidos
1567 1393 1651 1434 ipsos

187 1446 299 1481 putare
313 1448 448 1483 oportet,
462 1443 631 1476 familiares
646 1451 678 1476 et
690 1446 828 1487 ignotos,
844 1447 930 1477 velut
944 1447 1034 1478 dicis.
1068 1446 1143 1477 Non
1157 1447 1262 1487 placet
1273 1446 1361 1482 mihi,
1376 1446 1465 1476 dixit.
1499 1446 1653 1477 Similiter

188 1500 304 1531 autem,
319 1496 432 1537 inquit,
448 1503 480 1527 et
495 1508 565 1538 quae
582 1499 620 1529 ab
635 1499 713 1540 ipsis
729 1499 885 1536 dicuntur,
902 1501 956 1531 alii
970 1500 1099 1541 quidem
1114 1494 1257 1537 credunt,
1268 1500 1322 1530 alii
1334 1511 1406 1530 vero
1418 1510 1483 1530 11011
1490 1499 1650 1531 credenda

188 1548 334 1580 ducunt:
359 1555 391 1580 et
417 1542 520 1582 neutri
541 1552 681 1593 ipsorum
709 1553 898 1593 peccabunt.
942 1553 1123 1584 Absurdum
1147 1559 1181 1584 et
1196 1554 1254 1584 hoc
1270 1558 1327 1589 est,
1344 1552 1433 1584 dixit.
1478 1553 1605 1584 Deinde
1620 1553 1648 1584 si

187 1602 296 1633 eadem
314 1603 436 1640 dicunt,
450 1605 564 1646 inquit,
581 1606 750 1637 familiares
766 1611 798 1637 et
814 1606 928 1647 quivis,
945 1607 1101 1647 quomodo
1116 1617 1179 1637 non
1195 1606 1338 1637 similiter
1353 1617 1389 1637 ea
1405 1617 1475 1648 quae
1491 1607 1650 1643 dicuntur,

185 1656 275 1687 firma
302 1657 429 1694 fuerint,
458 1663 513 1689 aut
537 1669 599 1690 non
625 1660 782 1691 credenda
797 1661 807 1691 ?
854 1660 997 1691 Necesse
1013 1666 1073 1696 est,
1091 1660 1180 1691 dixit.
1223 1660 1340 1692 Nonne
1356 1661 1449 1691 etiam
1466 1660 1647 1691 dicentibus

184 1711 266 1752 ipsa,
297 1711 442 1743 similiter
471 1713 666 1744 credendum
691 1720 739 1745 est
770 1714 945 1745 dicentibus
978 1714 1048 1756 ipsa
1061 1715 1071 1744 ?
1118 1715 1285 1746 Probabile
1309 1720 1366 1750 est.
1393 1715 1482 1746 dixit.
1526 1713 1647 1746 Eadem

185 1765 283 1805 igitur
299 1765 477 1796 dicentibus
491 1766 570 1807 ipsis
586 1768 783 1809 ambigebam
795 1768 983 1809 quibusnam
996 1769 1125 1800 credere
1141 1774 1314 1810 oporteret,
1330 1774 1363 1799 et
1375 1768 1490 1810 quibus
1503 1777 1569 1798 non
1583 1779 1590 1798 :
1615 1776 1647 1799 et

184 1824 288 1849 utrum
304 1819 373 1849 fidis
386 1824 417 1849 et
429 1820 604 1852 scientibus
618 1832 655 1853 ea
664 1832 734 1863 quae
749 1822 870 1858 dicunt,
886 1828 941 1853 aut
954 1824 1096 1864 cognatis
1109 1828 1142 1854 et
1154 1822 1374 1854 familiaribus.
1418 1822 1470 1853 De
1482 1822 1533 1853 his
1545 1821 1644 1864 igitur

187 1873 343 1914 quomodo
358 1878 392 1904 tu
407 1884 516 1905 censes
532 1875 542 1904 ?

687 2053 722 2102 S
739 2054 762 2103 I
779 2053 813 2103 S
830 2054 879 2104 Y
896 2054 938 2103 P
956 2054 1007 2104 H
1022 2054 1073 2105 U
1086 2054 1141 2114 S,

574 2174 713 2222 SIVE,
743 2175 816 2213 DE
847 2175 1270 2214 CONSULTANDO.

768 2282 831 2323 [Ex
852 2282 913 2315 Ed.
930 2283 1058 2325 Steph.]

661 2379 902 2417 SOCRATES,
919 2380 1152 2412 SISYPHUS.

181 2466 278 2508 [387]
304 2466 376 2498 Nos
398 2477 472 2498 vero
501 2467 598 2499 etiam
625 2469 691 2499 heri
719 2475 751 2500 te
776 2470 876 2501 multo
902 2476 1047 2512 tempore*
1071 2470 1320 2512 expectavimus,
1346 2479 1365 2500 ο
1391 2469 1537 2511 Sisyphe,
1563 2469 1639 2500 dum

176 2521 369 2551 Stratonicus
385 2521 547 2562 specimen
561 2522 608 2552 sui
620 2522 714 2553 edere
731 2523 846 2554 vellet:
872 2535 933 2565 quo
952 2534 1014 2554 11113
1029 2525 1194 2555 nobiscum
1206 2524 1380 2564 sapientem
1391 2524 1489 2553 virum
1501 2522 1639 2559 audires,

176 2575 230 2614 qui
254 2579 286 2604 et
308 2575 420 2604 multas
445 2581 476 2605 ct
503 2577 669 2616 praeclaras
694 2587 756 2613 res,
772 2583 838 2607 turn
852 2588 1007 2615 sermone,
1023 2583 1090 2608 tum
1106 2588 1139 2608 re
1153 2579 1222 2619 ipsa
1236 2576 1444 2608 ostendebat:
1469 2582 1501 2606 et
1516 2577 1590 2617 quia
1605 2581 1637 2606 te

176 2638 239 2657 nou
254 2629 388 2668 amplius
413 2629 581 2660 affuturum
606 2641 674 2661 esse
698 2631 896 2672 putabamus,
916 2632 976 2672 ipsi
997 2631 1064 2672 jam
1089 2633 1185 2662 virum
1211 2632 1398 2662 audivimus.
1442 2630 1506 2660 Srs.
1529 2628 1633 2659 Etiam

175 2692 231 2722 per
256 2682 379 2713 Jovern.
423 2682 594 2723 Negotium
623 2686 708 2715 enim
731 2686 890 2726 quoddam
913 2686 991 2716 milri
1005 2691 1071 2716 erat
1084 2686 1188 2726 magis
1201 2685 1424 2720 necessarium,
1442 2689 1478 2713 ut
1489 2683 1521 2713 id
1531 2683 1634 2723 negli-

176 2735 311 2776 gendum
339 2736 413 2765 mihi
441 2747 502 2767 non
531 2743 625 2768 esset.
672 2739 878 2779 Magistratus
906 2739 991 2770 euim
1017 2740 1120 2770 nostri
1147 2739 1369 2770 consultabant
1395 2737 1488 2767 heri:
1527 2737 1634 2777 itaque

177 2789 341 2819 consilium
359 2788 431 2820 dare
449 2801 496 2821 me
514 2792 591 2832 ipsis
608 2793 772 2833 cogebant.
817 2793 919 2823 Nobis
955 2799 1059 2824 autem
1076 2794 1251 2824 Pharsaliis
1261 2793 1353 2822 etiam
1365 2791 1413 2821 lex
1428 2794 1526 2820 estut
1540 2790 1640 2830 magi-

175 2843 323 2873 stratibus
352 2853 526 2884 pareamus,
556 2846 673 2886 siquem
703 2857 719 2877 e
749 2847 840 2877 nobis
876 2847 1040 2878 consilium
1076 2848 1154 2888 ipsis
1193 2846 1266 2877 dare
1291 2844 1453 2887 jusserint.
1496 2843 1569 2874 Soc.
1591 2842 1639 2873 At

175 2897 358 2937 praeclarum
373 2902 422 2928 est
444 2904 476 2929 ct
502 2899 566 2940 legi
596 2909 717 2940 parere,
741 2906 774 2931 et
800 2902 833 2932 in
858 2910 896 2931 ea
923 2902 1008 2942 apud
1036 2901 1120 2931 cives
1144 2899 1376 2931 existimatione
1392 2907 1462 2927 esse
1478 2897 1567 2927 velut
1580 2895 1638 2937 qui

174 2950 289 2981 bonum
305 2951 472 2984 consilium
487 2953 562 2984 dare
577 2954 675 2994 possit
690 2965 696 2983 τ
722 2955 810 2985 velut
826 2959 859 2986 et
872 2959 905 2986 tu
920 2955 952 2986 in
965 2954 1198 2987 existimatione
1212 2963 1248 2984 es
1260 2953 1345 2994 quod
1359 2950 1493 2983 consilio
1507 2954 1639 2992 praesta·
