1840 3225
161 267 231 316 43]
772 260 1004 300 TlMAEUs.
1544 265 1621 302 249

160 369 303 400 omnibus
317 369 549 411 generationem
563 366 670 398 ordine
687 365 822 408 quodam
837 376 930 396 unam
947 366 1022 401 fore,
1036 371 1075 396 ne
1092 367 1162 408 quis
1175 366 1214 396 ab
1230 376 1268 397 eo
1282 367 1386 398 minus
1399 366 1517 408 aliquid
1531 367 1620 397 sorti-

159 430 238 454 atur.
252 424 328 454 satis
340 431 444 454 autem
457 428 490 453 et
503 421 591 463 quasi
604 419 720 461 sparsis
732 420 843 450 animis
855 430 911 461 per
926 421 1050 461 singula
1065 421 1195 461 singulis
1209 421 1430 452 convenientia
1443 426 1619 462 temporum

157 478 372 513 instrumenta,
383 478 448 508 sore
465 481 499 506 ut
513 476 628 505 animal
642 479 831 510 nasceretur,
845 474 929 515 quod
941 475 1080 505 omnium
1092 475 1275 505 animalium
1290 476 1424 506 maxime
1442 481 1528 506 esset
1539 475 1619 506 divi-

158 543 200 564 no
216 532 313 563 cultui
327 531 478 562 deditum.
500 530 574 571 [42]
592 539 660 559 esse
674 533 779 558 autem
791 533 935 558 naturam
948 529 1083 558 hominis
1103 529 1260 569 geminam
1275 541 1281 558 z
1299 529 1384 570 cujus
1396 529 1430 558 id
1445 539 1544 570 genus
1554 529 1620 560 fore

158 586 366 628 praestantius,
379 584 461 626 quod
472 584 531 614 viri
542 583 668 614 nomine
684 583 725 613 sit
734 582 969 623 appellandum.
991 593 1063 613 cum
1075 592 1149 612 vero
1164 582 1276 612 animae
1292 583 1470 623 corporibus
1482 584 1621 614 necessi-

156 646 221 671 tate
247 639 382 681 quadam
402 639 526 669 insertae
553 638 677 673 fuerint,
695 642 728 667 et
749 636 927 677 corporibus
949 646 1055 666 earum
1079 636 1248 667 accesserit
1273 637 1394 677 aliquid
1419 637 1621 680 vicissimque

158 693 352 728 abscesserit,
376 693 510 733 primum
533 692 640 732 utique
661 691 839 724 necessario
859 701 986 722 sensum
1006 700 1102 720 unum
1123 691 1267 721 omnibus
1288 690 1434 721 intimum
1450 696 1482 721 et
1501 698 1622 723 naturas

156 748 355 790 conjunctum
369 746 435 777 illic
451 756 470 776 a
482 746 630 777 violentis
643 745 840 787 passionibus
854 744 995 780 excitari,
1009 744 1125 774 deinde
1141 745 1302 786 voluptate
1317 750 1350 775 et
1365 744 1471 776 dolore
1486 747 1622 777 mixtum

157 811 303 837 amorem,
325 806 396 841 post
410 801 476 830 haec
491 805 610 830 metum
629 805 662 830 et
682 799 771 834 iram,
787 804 819 829 et
834 809 1028 840 quaecunque
1047 799 1098 829 vel
1114 799 1175 829 ista
1191 804 1362 840 sequuntur
1376 799 1428 829 vel
1447 799 1485 829 ab
1503 799 1572 830 istis
1587 806 1622 831 ut

156 855 311 886 contraria
333 853 499 885 dissident.
542 856 609 885 haec
627 854 681 895 qui
702 854 927 895 superaverint,
941 863 995 884 eos
1003 853 1087 896 juste
1110 853 1246 884 victuros
1260 865 1266 883 ε
1280 854 1394 896 injuste
1418 864 1502 890 vero,
1518 855 1571 896 qui
1585 855 1624 885 ab

155 910 203 940 his
219 909 336 940 fuerint
350 909 498 950 superati.
534 914 627 950 atque
641 909 742 944 illum,
756 909 810 949 qui
822 913 907 939 recte
924 908 1110 938 curriculum
1124 907 1252 938 vivendi
1268 918 1287 938 a
1300 914 1411 938 natura
1425 908 1534 938 datum
1549 919 1624 939 con-

154 963 276 999 fecerit,
289 963 330 994 ad
342 964 420 994 illud
436 968 562 999 astrum,
579 963 630 994 cui
644 961 897 993 accommodatus
911 962 1016 997 fuerit,
1032 972 1192 992 reversum
1206 962 1332 993 beatam
1352 962 1450 993 vitam
1462 968 1603 994 acturum
1621 975 1627 993 :

160 1026 268 1048 contra
279 1029 353 1048 vero
369 1023 500 1058 agentes
515 1018 585 1058 cogi
602 1018 635 1047 in
651 1023 719 1048 ortu
734 1016 882 1052 secundo,
897 1027 972 1047 sexu
986 1021 1117 1053 mutato,
1131 1017 1199 1046 fieri
1212 1016 1386 1047 mulierem.
1397 1023 1430 1047 et
1444 1017 1497 1058 qui
1511 1022 1625 1047 netum

155 1071 283 1113 quidem
305 1072 400 1102 finem
422 1071 576 1112 peccandi¹
602 1072 708 1106 faciet,
724 1077 878 1112 quatenus
901 1070 1098 1112 depravatur,
1112 1076 1242 1101 eatenus
1254 1071 1288 1101 in
1308 1071 1467 1101 brutorum
1480 1076 1625 1102 natm-am

154 1126 219 1157 suis
241 1127 378 1157 moribus
401 1126 537 1156 similem
560 1126 730 1167 permutari
743 1137 748 1154 ε
775 1136 834 1156 nec
856 1126 942 1166 prius
962 1135 981 1155 a
1000 1125 1223 1155 mutationibus
1245 1125 1462 1166 laboribusque
1488 1135 1623 1161 cessare,

154 1190 248 1222 quam
262 1181 350 1211 illam
359 1181 419 1211 sibi
436 1180 563 1211 insitam
575 1180 719 1221 ejusdem
732 1180 829 1221 ipsius
844 1179 1017 1220 similisque
1030 1184 1149 1209 naturae
1162 1179 1399 1210 conversionem
1409 1184 1533 1210 secutus
1542 1180 1626 1220 ipse,

155 1235 247 1276 eique
263 1235 431 1277 subjiciens
453 1235 648 1265 turbulentos
669 1234 926 1276 multiplicesque
949 1233 1091 1269 affectus,
1117 1238 1227 1274 postea
1241 1244 1281 1264 ex
1301 1234 1378 1274 igni,
1394 1243 1484 1275 aqua,
1501 1233 1575 1265 aere
1591 1239 1625 1264 et

153 1294 236 1320 terra
252 1294 436 1325 contractos,
452 1289 571 1319 ratione
587 1288 754 1323 sedaverit,
772 1293 805 1318 et
818 1287 859 1318 ad
871 1288 1006 1329 primum
1018 1288 1234 1329 optimumque
1249 1288 1297 1318 sui
1311 1288 1451 1318 habitum
1458 1288 1526 1330 jam
1540 1287 1625 1317 redi-

154 1343 224 1374 erit.
247 1343 327 1380 Quae
346 1354 418 1374 cum
432 1343 497 1373 illis
510 1343 555 1373 ita
567 1342 810 1384 designavisset,
824 1352 865 1372 ne
879 1352 942 1383 qua
954 1352 1053 1382 penes
1068 1352 1101 1372 se
1118 1341 1227 1372 futurae
1243 1341 1406 1383 pravitatis
1420 1352 1515 1372 causa
1531 1347 1625 1378 esset,

153 1397 232 1428 alios
252 1397 286 1428 in
298 1402 424 1433 terram,
448 1397 527 1427 alios
540 1397 574 1427 in
597 1398 715 1432 lunam,
731 1397 809 1427 alios
824 1396 858 1426 in
883 1397 945 1427 alia
957 1396 1108 1437 temporis
1131 1397 1340 1427 instrumenta
1361 1406 1511 1437 spargens
1535 1397 1626 1437 quasi

153 1451 286 1482 serebat.
329 1457 401 1492 post
412 1451 589 1494 hujusmodi
605 1456 791 1487 sementem,
806 1450 891 1492 quod
913 1451 1069 1492 reliquum
1084 1456 1161 1485 erat,
1187 1450 1261 1481 Diis
1270 1450 1444 1492 junioribus
1466 1450 1625 1491 agendum

153 1505 325 1543 mandavit,
340 1511 374 1536 ut
390 1516 519 1547 corpora
533 1506 679 1536 mortalia
705 1506 870 1547 fingerent,
894 1514 1106 1547 quantumque
1128 1509 1212 1535 esset
1238 1506 1381 1535 humanae
1400 1505 1524 1540 animae,
1541 1503 1626 1546 quod

152 1559 307 1601 reliquum
329 1560 401 1590 huic
417 1560 548 1590 deberet
571 1560 734 1597 accedere,
751 1560 785 1591 id
800 1571 893 1592 omne
912 1565 944 1590 et
959 1571 1028 1602 quae
1045 1559 1271 1600 consequentia
1283 1564 1400 1595 essent,
1417 1558 1625 1600 adjungerent

153 1619 370 1655 regerentque,
385 1621 428 1650 et,
442 1625 537 1656 quam
549 1614 667 1655 optime
681 1620 713 1645 et
724 1615 934 1656 pulcherrime
951 1615 1018 1645 fieri
1032 1619 1150 1655 posset,
1166 1613 1308 1644 mortalis
1323 1613 1468 1643 animalis
1481 1617 1626 1643 naturam

154 1668 372 1709 gubernarent,
394 1668 456 1699 nisi
479 1669 583 1709 ipsum
605 1669 731 1699 sibimet
749 1670 904 1700 malorum
926 1680 1019 1700 causa
1039 1674 1134 1699 esset.
1156 1668 1262 1709 Atque
1282 1668 1310 1698 is
1326 1667 1464 1708 quidem,
1487 1667 1541 1708 qui
1557 1667 1625 1698 haec

154 1731 268 1753 cuncta
282 1722 445 1763 disposuit,
461 1722 521 1752 rite
536 1723 570 1752 in
587 1732 641 1753 suo
657 1723 764 1753 habitu
782 1724 996 1764 permanebat.
1042 1734 1103 1764 quo
1116 1722 1244 1764 quidem
1260 1726 1463 1763 permanente
1477 1721 1543 1763 ejus
1557 1721 1626 1757 filii,

154 1787 226 1807 cum
236 1777 374 1817 parentis
387 1776 529 1807 ordinem
542 1776 772 1817 cognovissent,
787 1788 859 1808 eum
869 1778 1010 1819 protinus
1024 1778 1243 1819 sequebantur.
1256 1776 1362 1816 itaque
1376 1780 1507 1816 accepto
1522 1774 1560 1805 ab
1570 1775 1627 1805 illo

155 1830 297 1861 mortalis
321 1830 490 1861 animantis
505 1830 674 1860 immortali
697 1831 863 1873 principio,
878 1832 927 1862 sui
941 1832 1122 1862 effectorem
1143 1830 1268 1865 imitati,
1292 1829 1384 1870 ignis,
1401 1829 1494 1865 ae'ris,
1522 1839 1622 1870 aquae,

153 1889 243 1915 terrae
258 1885 437 1925 particulas,
452 1894 530 1926 quas
539 1895 644 1914 rursus
658 1884 837 1921 redderent,
854 1897 871 1916 a
886 1885 1004 1916 mundo
1016 1885 1258 1916 mutuabantur:
1276 1883 1351 1925 [43]
1367 1893 1482 1923 easque
1499 1883 1581 1913 inter
1588 1893 1623 1914 se

154 1937 354 1979 copulabant,
367 1937 453 1968 haud
470 1937 583 1968 iisdem
604 1938 669 1968 illis
683 1935 953 1967 indissolubilibus
968 1935 1113 1970 vinculiS,
1127 1936 1241 1976 quibus
1258 1937 1320 1977 ipsi
1333 1936 1457 1967 fuerant
1473 1937 1626 1978 colligati,

155 1991 212 2022 sed
225 1992 351 2028 talibus,
365 2003 434 2033 quae
448 1997 574 2032 propter
587 1991 776 2032 parvitatem
795 1990 883 2020 cerni
896 2000 958 2020 non
979 1995 1109 2030 possent
1123 2001 1128 2018 :
1147 1989 1326 2031 crebrisque
1341 1990 1518 2032 hujusmodi
1527 1992 1626 2023 clavis

156 2046 341 2088 conjunctiS,
362 2056 460 2076 unum
474 2055 514 2076 ex
532 2045 676 2076 omnibus
697 2054 809 2084 corpus
825 2044 1012 2080 efficiebant,
1028 2050 1122 2085 atque
1136 2043 1169 2073 in
1186 2044 1244 2074 hoc
1264 2044 1368 2085 ipsum
1389 2051 1457 2075 tum
1472 2045 1625 2077 influente

156 2105 224 2130 tum
236 2100 382 2131 effluente
397 2110 536 2141 corpore,
552 2099 663 2129 animae
678 2098 792 2129 divinae
808 2098 957 2129 circuitus
974 2098 1149 2139 illigabant.
1163 2098 1269 2139 itaque
1284 2099 1317 2128 hi
1334 2099 1491 2136 circuitus,
1506 2100 1539 2130 in
1552 2110 1624 2141 pro-

155 2153 288 2185 fundum
303 2155 419 2185 flumen
432 2153 580 2189 immersi,
600 2164 702 2194 neque
719 2152 870 2183 tenebant
889 2163 993 2194 neque
1005 2152 1203 2188 tenebantur,
1219 2152 1275 2183 sed
1288 2153 1319 2183 vi
1336 2153 1515 2184 ferebantur
1529 2160 1624 2196 atque

154 2208 306 2239 ferebant.
328 2219 368 2239 ex
383 2219 444 2250 quo
457 2208 574 2239 factum
588 2215 646 2243 est,
660 2213 694 2238 ut
707 2213 808 2238 totum
819 2207 933 2237 animal
947 2213 1134 2242 moveretur,
1147 2206 1214 2237 sine
1229 2206 1338 2238 ordine
1352 2213 1472 2244 tamen,
1483 2214 1515 2238 et
1526 2208 1623 2239 fortu-

154 2261 199 2293 ita
217 2262 353 2304 quadam
362 2262 546 2304 jactatione.
561 2263 613 2293 cui
629 2261 758 2303 quidem
777 2272 832 2292 sex
848 2260 1011 2303 pervagari
1024 2261 1161 2292 motibus
1180 2261 1323 2302 contigit,
1337 2261 1476 2303 undique
1493 2272 1550 2303 per
1566 2272 1622 2293 sex

154 2315 215 2347 loci
226 2322 353 2348 naturas
361 2316 601 2358 progrediendo,
610 2317 759 2347 videlicet
770 2322 843 2347 ante
854 2322 887 2347 et
895 2322 987 2353 retro,
999 2316 1040 2347 ad
1050 2316 1211 2346 dexteram
1221 2321 1253 2345 et
1265 2316 1387 2351 laevam,
1398 2327 1518 2346 sursum
1529 2322 1622 2358 atque

157 2369 312 2401 deorsum.
327 2381 398 2401 cum
410 2381 484 2401 vero
497 2370 650 2412 plurimus
664 2370 831 2401 inundaret
844 2371 957 2401 fluctus
972 2376 1067 2412 atque
1083 2370 1244 2405 deflueret,
1261 2369 1344 2400 uude
1360 2370 1475 2400 animal
1489 2371 1622 2400 nutrire·

155 2429 216 2460 tur,
231 2425 330 2455 multo
343 2425 438 2455 eriam
457 2425 555 2466 major
575 2435 594 2455 a
607 2425 805 2466 passionibus
820 2425 1014 2455 extn'nsecus
1027 2424 1124 2454 illatis
1138 2424 1230 2454 turba
1249 2424 1448 2465 sequebatur,
1466 2435 1538 2454 cum
1556 2434 1622 2454 cor-

157 2488 216 2519 pus
236 2478 363 2520 aliquod
376 2479 458 2519 ignis
471 2479 632 2509 exterioris
644 2479 825 2509 incurrisset
847 2478 1064 2514 offensionem,
1079 2479 1130 2508 vel
1146 2488 1164 2508 a
1181 2484 1269 2508 terrae
1290 2477 1447 2508 soliditate
1463 2484 1514 2508 aut
1531 2488 1621 2520 aquae

158 2532 286 2563 humore
302 2538 356 2562 aut
370 2532 452 2563 a'e'ris
466 2532 541 2562 flatu
554 2533 662 2562 laesum
676 2538 770 2563 esset.
784 2543 875 2574 porro
891 2533 929 2564 ab
942 2533 982 2563 iis
1002 2532 1147 2563 omnibus
1159 2542 1215 2573 per
1231 2542 1343 2573 corpus
1357 2537 1459 2562 motus
1473 2543 1572 2573 usque
1582 2532 1624 2563 ad

157 2586 294 2617 animam
305 2591 477 2622 transeunt,
491 2586 544 2627 qui
558 2593 723 2628 propterea
732 2593 765 2618 et
775 2587 864 2618 initio
874 2593 907 2618 et
917 2598 1001 2618 nunc
1015 2597 1126 2617 sensus
1138 2586 1349 2626 cognominati
1359 2591 1441 2616 sunt.
1452 2586 1484 2617 hi
1494 2586 1623 2628 quidem

158 2640 197 2671 ab
209 2640 299 2671 initio
314 2640 462 2671 continue
478 2641 592 2671 multos
604 2648 637 2671 et
654 2641 806 2672 maximos
819 2647 923 2672 motus
938 2641 1034 2677 cient,
1049 2641 1115 2671 rivo
1130 2641 1185 2670 illo
1195 2640 1313 2681 jugiter
1325 2640 1452 2677 fluente,
1466 2647 1560 2683 atque
1573 2641 1624 2671 his

156 2693 302 2725 fiuctibus
316 2695 518 2724 vehementer
539 2696 651 2725 auimae
665 2695 813 2727 circuitus
825 2696 971 2738 quatiunt
985 2707 990 2724 z
1007 2704 1039 2725 et
1058 2694 1223 2725 circuitum
1237 2693 1366 2735 quidem
1378 2695 1468 2726 illum
1481 2695 1623 2737 ejusdem

158 2748 331 2790 similisque
345 2753 464 2778 naturae
487 2748 520 2778 in
535 2748 604 2789 ipso
618 2759 709 2779 cursu
723 2759 848 2790 prorsus
861 2749 1039 2792 impediunt
1053 2759 1061 2786 3
1078 2748 1206 2779 alterius
1229 2758 1302 2779 vero
1319 2749 1485 2780 circuitum
1509 2749 1621 2780 distra-

159 2801 249 2838 hunt,
270 2812 369 2844 usque
385 2802 474 2838 adeo,
489 2808 525 2833 ut
545 2802 643 2844 dupla
657 2803 711 2833 illa
725 2809 758 2834 et
772 2803 868 2845 tripla
887 2804 1034 2845 utrinque
1051 2802 1203 2844 disposita
1226 2802 1394 2834 intervalla
1406 2804 1476 2839 tria,
1502 2801 1623 2834 medie-

160 2860 303 2896 tatesque
317 2863 350 2887 et
360 2857 588 2897 colligationeS,
600 2857 815 2898 sexquitertia,
828 2858 1050 2899 sexquialtera,
1063 2855 1286 2899 sexquioctava
1296 2857 1416 2888 ratione
1427 2857 1621 2898 interjectas,

161 2918 231 2948 quae
257 2908 384 2941 dissolvi
407 2919 426 2940 a
450 2910 548 2947 nullo,
564 2911 625 2941 nisi
641 2911 679 2942 ab
698 2922 746 2948 eo,
762 2912 817 2953 qui
830 2912 1001 2955 conjunxit,
1018 2916 1160 2953 possunt,
1182 2911 1267 2942 omni
1290 2911 1492 2942 revolutionis
1507 2919 1623 2950 genere

163 2969 339 3003 torqueant,
351 2974 521 3007 omnesque
536 2965 694 2998 anfractus
704 2972 737 2997 et
750 2967 916 2998 varietates
930 2966 1062 3003 orbium,
1077 2971 1278 3008 quotcunque
1293 2966 1473 3006 contingere
1492 2968 1622 3005 queunt,

254 3016 342 3048 Plat.
363 3018 416 3049 rr.
938 3021 986 3054 11.
1480 3021 1500 3049 ²
1520 3018 1534 3047 l
