1840 3225
216 249 265 286 26
842 244 1106 285 PLATONIS
1618 250 1689 302 [59

214 351 297 381 diam
314 350 429 382 artibus
446 349 567 382 cunctis
585 348 763 391 prrecellere
779 361 784 379 τ
811 349 929 391 quippe
946 360 1016 391 quae
1032 354 1145 381 cuncta
1162 359 1225 381 non
1246 350 1288 387 vi,
1315 351 1368 382 sed
1389 357 1500 393 sponte
1517 351 1576 384 sibi
1593 353 1691 394 subji-

213 405 276 436 ciat
292 417 299 444 ;
324 405 480 447 longeque
495 404 634 434 omnium
652 403 763 434 artium
781 403 901 445 optima
918 404 969 435 sit.
1016 403 1111 435 Nunc
1127 415 1200 435 vero
1218 415 1275 436 nec
1293 405 1351 436 tibi
1379 416 1436 437 nec
1462 406 1509 437 illi
1534 407 1691 439 adversari

213 458 316 490 velim.
362 459 418 489 So.
439 459 539 489 ¹Arma
558 458 634 489 mihi
651 458 766 488 videris
782 457 886 489 dicere
903 457 1051 498 voluisse,
1075 468 1179 489 verum
1205 459 1324 500 pudore
1348 460 1504 492 adductus
1521 461 1690 502 praetcrmi-

211 512 298 544 sisse.
345 512 430 545 Pno.
455 513 556 544 Sunto
573 513 653 554 haec,
669 518 704 543 ut
721 512 820 544 lubet.
866 513 922 546 So.
945 512 1056 554 Egone
1073 512 1104 543 in
1121 523 1216 545 causa
1230 524 1310 550 sum,
1327 520 1363 545 ut
1387 515 1490 546 minus
1505 515 1585 546 bene
1601 525 1691 547 acce-

212 567 314 608 peris?
362 568 448 598 Pno.
472 567 558 605 Quid
573 568 584 598 ?
630 567 686 600 So.
710 567 877 605 Nondum,
907 578 926 597 o
959 567 1057 599 amice
1088 568 1270 606 Protarcho.
1300 580 1371 611 quae
1402 580 1450 602 ars
1477 576 1533 601 aut
1556 570 1692 602 scientia

212 632 320 653 omnes
335 621 514 659 antecellat,
529 631 567 652 eo
583 621 669 663 quod
687 621 818 652 maxima
835 620 1061 663 potissimaque
1087 627 1121 652 et
1145 622 1310 654 utilissima
1326 624 1477 662 omnium,
1499 635 1536 655 ex
1554 629 1585 655 te
1601 634 1689 666 quae-

211 676 288 707 sivi:
314 687 419 707 verum
436 686 506 718 quae
536 675 749 717 perspicuum,
764 675 933 718 sincerum,
948 675 1140 707 verissimum
1166 677 1411 719 contempletur,
1427 678 1569 720 quamvis
1592 688 1689 720 parva

209 730 250 761 sit
265 740 301 762 ac
319 729 444 762 minime
460 730 555 762 utilis.
580 730 639 761 hoc
655 729 798 771 profecto
813 735 873 767 est,
889 731 973 772 quod
993 730 1085 761 modo
1101 731 1281 773 quaerimus.
1324 731 1373 762 At
1390 732 1473 765 vide.
1497 732 1576 763 nihil
1600 732 1685 764 enim

211 783 361 825 Gorgiam
380 784 523 821 lacesses,
540 784 564 814 si
581 783 649 825 ejus
666 784 722 815 arti
747 784 891 815 utilitatis
919 784 1043 816 laudem
1069 786 1343 828 praestantiamque
1372 786 1540 824 concedas,
1557 786 1586 818 ei
1603 796 1688 823 vem,

209 848 302 879 quam
320 838 386 879 ipse
402 839 495 868 modo
512 838 644 874 narravi,
662 837 804 868 facultati
820 837 959 869 veritatis
983 838 1226 879 praecellentiam
1253 839 1370 870 tribuas
1386 852 1393 871 :
1419 840 1686 881 quemadmodum

210 902 243 922 su
251 902 303 933 pra
319 892 358 922 de
373 892 445 922 albo
462 891 611 933 dixeram,
627 892 712 932 quod
731 891 804 923 licet
820 902 960 933 parvum,
977 892 1001 922 si
1026 897 1129 923 tamen
1158 903 1268 934 purum
1285 898 1379 930 esset,
1393 894 1492 924 multo
1517 899 1549 925 et
1564 894 1688 935 impuro

210 946 384 976 secundum
399 945 536 976 veritatis
551 956 710 977 excessum
724 950 894 987 praestaret.
940 945 981 976 Et
995 955 1078 977 nunc
1089 946 1216 988 quidem
1229 947 1460 979 etsuss'1cienter
1470 947 1687 984 discutientes,

210 1009 252 1029 ne
274 999 474 1041 respiciamus
501 1000 534 1030 in
559 999 637 1030 ullas
663 998 898 1040 disciplinarum
916 998 965 1030 vel
987 1000 1277 1031 commendationes
1293 1000 1341 1032 vel
1368 1001 1557 1032 commoda:
1583 1001 1637 1032 scd
1662 1001 1687 1032 si

210 1063 275 1094 qua
301 1064 336 1084 ex
362 1058 472 1084 natura
498 1064 553 1084 sua
571 1052 616 1083 vis
639 1053 734 1083 animi
750 1053 911 1083 veritatem
928 1062 1029 1083 amare
1052 1053 1188 1089 inducit,
1204 1052 1334 1095 ejusque
1351 1053 1448 1095 gratia
1465 1059 1580 1086 cuneta
1596 1064 1687 1096 pera-

208 1117 293 1148 gere,
310 1108 390 1138 hanc
407 1107 543 1137 diximus
560 1111 805 1148 perscrutantes,
823 1106 958 1146 puritate
976 1106 1086 1137 mentis
1102 1112 1134 1137 et
1157 1107 1335 1148 sapientiae,
1351 1107 1627 1145 considerandum,
1644 1117 1686 1138 an

207 1161 371 1202 probabile
388 1157 473 1198 sitsta
491 1160 705 1192 disserendine
730 1159 863 1191 scientia
889 1159 1021 1191 maxime
1046 1160 1209 1201 possideri,
1226 1161 1274 1192 vel
1299 1161 1391 1191 aliam
1410 1160 1515 1202 potius
1531 1162 1590 1192 hac
1605 1171 1688 1202 prae-

207 1216 388 1246 stantiorem
416 1216 474 1246 ista
492 1215 678 1257 perquirere.
725 1215 813 1245 Pno.
838 1214 1010 1246 Considero
1037 1215 1198 1256 equIdem,
1215 1215 1434 1257 concedoque,
1447 1214 1575 1246 difficile
1597 1215 1688 1247 inve-

207 1269 268 1300 niri
287 1280 378 1310 posse
394 1269 485 1300 aliam
503 1270 550 1300 vel
569 1274 664 1300 artem
682 1268 730 1300 vel
749 1268 910 1300 scientiam
927 1268 1049 1299 veritati
1067 1269 1333 1310 propinquiorem.
1378 1269 1431 1300 So.
1455 1268 1610 1310 Nunquid
1624 1269 1686 1300 tale

208 1323 358 1365 quiddam
376 1323 535 1364 cogitans,
553 1324 612 1354 ista
637 1323 731 1353 modo
759 1323 890 1354 dixisti?
915 1323 999 1364 quod
1018 1323 1168 1354 videlicet
1191 1327 1270 1354 artes
1296 1323 1415 1361 multae,
1431 1328 1463 1354 et
1487 1333 1687 1365 quaecunque

207 1378 288 1409 circa
304 1378 362 1408 ista
378 1382 551 1419 versantur,
567 1377 667 1418 primo
692 1375 768 1419 [59]
793 1376 921 1418 quidem
939 1374 1143 1417 opinionibus
1170 1381 1312 1415 utuntur,
1329 1381 1361 1408 et
1385 1387 1456 1418 quae
1483 1377 1565 1409 circa
1581 1377 1685 1419 opini-

206 1442 282 1462 ones
298 1432 488 1468 consistunt‚
506 1442 541 1462 ex
560 1431 703 1462 instituto
721 1430 926 1472 perquirunt:
953 1429 1018 1460 sive
1043 1430 1137 1461 etiam
1160 1442 1231 1472 quae
1247 1432 1286 1462 ad
1305 1436 1444 1461 naturam
1463 1436 1621 1473 spectant,
1637 1431 1685 1462 iu-

208 1486 355 1527 daganda
372 1485 440 1526 quis
459 1490 560 1526 putet,
577 1489 654 1527 puta
670 1495 740 1525 quoe
755 1484 838 1516 circa
853 1484 1004 1515 mundum
1022 1489 1107 1522 sunt,
1122 1485 1282 1526 quomodo
1299 1485 1447 1516 videlieet
1470 1486 1605 1516 mundus
1620 1486 1685 1518 sac-

208 1543 259 1570 tus
274 1545 333 1576 est,
350 1539 510 1580 quomodo
528 1538 644 1580 patitur
659 1538 793 1579 aliquid,
809 1538 969 1579 quomodo
993 1538 1069 1579 agit,
1086 1549 1139 1579 per
1165 1549 1289 1569 omnem
1306 1538 1401 1569 vitam
1428 1544 1592 1576 scrutatur,
1608 1539 1687 1571 fate·

205 1603 274 1624 mur
289 1593 369 1630 haec,
386 1603 426 1624 au
442 1593 528 1623 non?
577 1592 664 1625 Pno.
690 1592 822 1634 Utique.
866 1592 922 1624 So.
946 1591 1016 1623 Nec
1040 1592 1122 1623 circa
1145 1602 1195 1634 ea,
1212 1603 1283 1634 quae
1308 1603 1430 1635 semper
1446 1593 1611 1629 exsistunt,
1628 1595 1683 1625 sed

205 1657 276 1688 quae
294 1647 411 1678 fiebant
427 1647 568 1688 fiuntque
585 1652 617 1677 et
633 1646 709 1677 fient
724 1646 782 1677 iste
799 1650 945 1678 versatur.
993 1646 1080 1677 Pno.
1105 1645 1188 1677 Vera
1205 1646 1352 1688 loqueris.
1398 1646 1453 1677 So.
1477 1646 1563 1678 Num
1580 1659 1617 1678 ex
1636 1648 1685 1689 iis,

204 1712 276 1742 quae
289 1711 449 1742 nunquam
466 1706 520 1731 aut
536 1701 567 1731 in
585 1701 742 1742 praeterito
759 1705 812 1731 aut
829 1700 932 1731 futuro
949 1705 1003 1731 aut
1020 1700 1165 1741 praesenti
1182 1701 1292 1731 eodem
1311 1701 1404 1731 modo
1421 1711 1453 1731 se
1478 1701 1607 1741 habent,
1622 1702 1682 1733 ali-

202 1754 280 1796 quid
297 1755 492 1796 exactissima
510 1756 636 1786 veritate
653 1755 852 1796 perspicuum
869 1765 935 1786 esse
952 1754 1111 1785 dicemus?
1151 1754 1239 1787 Pno.
1265 1754 1339 1786 Non
1356 1754 1440 1786 licet.
1473 1755 1529 1786 So.
1554 1756 1680 1787 Etenim

201 1809 234 1839 in
252 1808 300 1849 iis,
316 1820 386 1850 qum
412 1810 530 1839 nullam
559 1820 681 1850 prorsus
706 1809 909 1840 stabilitatem
933 1809 1061 1843 habent,
1078 1819 1142 1850 quo
1170 1814 1262 1850 pacto
1287 1819 1345 1840 nos
1368 1809 1480 1840 stabile
1506 1809 1676 1851 quicquam

202 1863 460 1904 assequeremur?
507 1863 595 1894 Pno.
619 1862 731 1903 Nulla,
748 1868 782 1894 ut
797 1863 938 1899 arbitror,
962 1863 1094 1895 ratione.
1140 1863 1195 1894 So·
1220 1862 1334 1904 Neque
1351 1873 1437 1893 mens
1450 1863 1558 1904 igitur,
1574 1874 1678 1905 neque

201 1917 334 1948 scientia
360 1917 423 1947 ulla
448 1917 531 1948 circa
556 1917 615 1948 ista
640 1921 700 1958 est,
725 1917 885 1948 veritatem
919 1927 1095 1958 supremam
1119 1917 1249 1948 habeus.
1294 1916 1381 1949 l'no.
1407 1916 1675 1961 Consentaneum.

201 1971 258 2002 So.
282 1971 328 2002 Te
343 1971 436 2012 igitur
452 1976 484 2002 et
499 1982 547 2001 me
561 1976 592 2002 et
605 1970 755 2012 Gorgiam
773 1977 867 2011 atque
886 1970 1057 2002 Philebum
1075 1971 1176 2002 valere
1193 1970 1329 2001 sinamus
1344 1983 1350 2001 :
1370 1971 1429 2002 hoc
1442 1976 1545 2002 autem
1557 1971 1677 2002 ratione

201 2034 285 2056 nunc
301 2035 479 2056 asseramus,
525 2025 616 2056 Pno.
640 2025 727 2062 Quid
740 2026 824 2056 istud
840 2025 850 2055 ?
898 2026 953 2057 So.
980 2025 1075 2062 Quod
1093 2025 1146 2056 illa
1161 2024 1252 2057 nobis
1270 2025 1400 2057 facultas
1412 2025 1599 2064 firmitatem,
1616 2036 1681 2067 pu—

200 2078 336 2120 ritatem,
355 2080 526 2115 veritatem,
544 2079 752 2111 sinceritatem
770 2080 924 2117 continet,
949 2090 1019 2121 quae
1042 2080 1126 2111 circa
1152 2091 1201 2117 ea,
1219 2090 1290 2122 quae
1306 2090 1429 2121 semper
1452 2080 1564 2111 eodem
1581 2081 1682 2114 modov

201 2137 233 2163 et
245 2133 472 2173 simplicissima
489 2138 573 2174 sunt,
591 2134 696 2165 studet
711 2146 717 2164 τ
742 2139 796 2164 aut
812 2134 896 2175 quod
913 2134 1052 2165 secundo
1071 2133 1140 2165 loco
1157 2133 1218 2164 illis
1235 2133 1421 2174 proximum.
1439 2133 1557 2175 reliqua
1569 2135 1678 2166 omnia

199 2187 369 2227 posteriora
385 2188 530 2218 dicenda.
576 2188 663 2219 Puo.
688 2188 770 2218 Vera
786 2188 929 2219 nimium.
978 2188 1034 2220 So.
1060 2187 1162 2229 Atqui
1181 2188 1231 2218 illa
1249 2188 1388 2224 nomina,
1406 2198 1476 2228 quae
1500 2188 1581 2219 circa
1599 2189 1675 2219 talia

199 2242 343 2281 quazdam
360 2241 563 2282 pulcherrima
579 2241 718 2272 omnium
736 2248 819 2279 sunt,
836 2253 876 2273 an
893 2252 957 2273 non
975 2242 1065 2273 rebus
1081 2252 1208 2283 quoque
1225 2241 1441 2282 pulcherrimis
1457 2242 1647 2283 assignanda
1663 2243 1674 2273 ?

198 2293 285 2326 Puo.
312 2295 372 2325 Par
386 2300 443 2326 est.
489 2296 545 2327 So.
571 2297 665 2327 Mens
680 2301 712 2328 et
727 2297 880 2337 sapientia
897 2296 1024 2327 nomina
1041 2301 1113 2327 sunt
1129 2295 1268 2327 omnium
1289 2295 1536 2336 pretiosissima?
1583 2297 1673 2330 Pno.

200 2348 291 2381 Sunt.
337 2350 389 2380 So.
414 2349 492 2381 Irlaec
517 2349 609 2391 igitur
632 2351 847 2392 intelligentiis
874 2351 960 2392 ejus,
976 2351 1060 2393 quod
1076 2361 1146 2381 vere
1173 2355 1233 2392 est,
1250 2349 1447 2381 exactissima
1464 2350 1584 2381 ratione
1602 2361 1674 2392 per-

199 2402 282 2433 fecta
307 2409 401 2444 atque
426 2403 539 2435 tributa
563 2409 646 2435 recte
674 2403 782 2446 utique
809 2406 1098 2437 accommodantur.
1147 2404 1235 2436 Pno.
1259 2404 1401 2436 Prorsus.
1447 2404 1506 2435 SO.
1530 2404 1577 2435 At
1600 2415 1671 2447 quae

199 2456 266 2496 ipse
284 2457 314 2486 iu
337 2454 494 2497 judicium
521 2468 613 2498 supra
641 2458 786 2498 produxi,
811 2469 874 2489 non
902 2459 963 2489 alia
991 2469 1083 2500 quam
1109 2459 1236 2489 nomina
1264 2459 1331 2490 haec
1356 2459 1535 2490 extiterunt.
1582 2459 1674 2491 Pno.

199 2508 293 2540 Haud
310 2510 382 2542 alia.
429 2511 484 2542 So.
509 2511 654 2542 Ceterum
678 2512 703 2542 si
729 2512 801 2553 quis
820 2513 989 2553 voluptatis
1016 2519 1048 2543 et
1076 2512 1240 2553 sapientia:
1269 2512 1449 2544 mixtionem
1476 2513 1566 2544 nobis
1581 2513 1668 2544 velut

200 2563 364 2604 opificibus
382 2565 572 2605 propositum
589 2575 668 2601 esse,
685 2576 722 2596 ex
739 2567 852 2607 quihus
876 2572 908 2598 ct
930 2567 962 2598 in
986 2567 1101 2608 quibus
1118 2567 1285 2603 confletur,
1302 2567 1428 2609 dixerit,
1443 2577 1483 2598 an
1497 2567 1542 2598 sic
1559 2566 1670 2597 merito

197 2617 415 2658 comparabit?
461 2618 548 2650 Pno.
574 2618 614 2648 Et
630 2619 761 2650 maxime
778 2620 916 2661 quidem.
963 2621 1019 2652 So.
1045 2621 1156 2662 Itaque
1168 2621 1320 2662 deinceps
1335 2620 1462 2651 miscere
1477 2620 1668 2652 conandum.

198 2670 287 2701 Pno.
310 2671 495 2702 Cenandum
528 2672 633 2712 plane.
693 2674 748 2705 So.
775 2673 891 2704 Nonne
923 2675 990 2706 hrec
1021 2675 1106 2716 prius
1137 2675 1306 2706 admonere
1339 2673 1521 2716 praeDtabit?
1582 2674 1671 2708 Duo,

199 2724 305 2760 Quae?
351 2725 406 2755 So.
431 2726 510 2762 Quae
527 2731 559 2757 et
574 2731 666 2758 antea
683 2728 929 2759 memoravimus.
954 2729 1135 2770 prat-clarum
1152 2739 1266 2769 nempe
1285 2727 1482 2770 proverbium
1499 2727 1590 2765 illud,
1605 2739 1669 2769 quo

198 2777 324 2814 dicitur,
348 2779 422 2820 [60]
449 2790 518 2820 quae
536 2780 665 2821 pulchra
681 2787 764 2818 sunt,
781 2787 813 2813 et
829 2783 875 2812 bis
891 2788 923 2813 et
937 2788 981 2813 ter
997 2784 1168 2824 repetenda
1182 2793 1260 2815 esse.
1308 2783 1394 2814 l’no.
1420 2781 1564 2818 Quidni?
1610 2782 1667 2813 So.

198 2831 260 2862 Per
273 2831 396 2863 Jovem.
419 2833 461 2863 sic
479 2833 621 2864 existimo
639 2837 797 2875 superiora
813 2836 900 2867 dicta
926 2837 1034 2869 fuisse,
1082 2838 1169 2869 Pno.
1194 2836 1388 2874 Quomodo?
1436 2836 1491 2867 So.
1517 2836 1668 2868 Philebus

196 2887 388 2928 voluptatem
413 2887 516 2928 iuquit
543 2888 634 2918 finem
665 2895 781 2920 rectum
806 2891 927 2922 cunetis
943 2892 1128 2921 animalibus
1144 2902 1223 2928 csse,
1240 2891 1407 2931 omniaque
1424 2890 1463 2920 ad
1481 2901 1548 2920 eam
1565 2890 1668 2921 inten·
1680 2924 1687 2929 K

195 2939 266 2971 dere
284 2946 437 2982 oportere,
454 2946 546 2983 atque
571 2942 601 2972 id
629 2943 744 2973 bouum
774 2944 875 2985 ipsum
904 2945 1054 2977 universis
1083 2946 1251 2976 exsistere:
1277 2950 1425 2987 pra-terea
1441 2944 1503 2977 duo
1527 2945 1593 2980 haec
1610 2955 1667 2975 no-
