1840 3225
185 223 282 274 886]
657 222 728 260 DE
762 221 989 261 LEGIBUS
1022 224 1121 263 LIB.
1154 226 1203 263 X.
1566 230 1645 266 409

182 324 298 357 derunt
314 325 520 368 pendentque
537 326 604 368 jam
630 331 663 357 et
685 325 718 356 in
744 331 902 367 posterum
930 326 1167 368 dependebant.
1191 328 1380 370 reliquorum
1410 339 1484 360 vero
1515 331 1648 361 maxima

180 385 253 410 sunt
276 381 473 422 petulantum
500 379 655 421 juvenum
680 381 880 411 contumelias
912 387 1004 422 atque
1034 381 1158 422 injurias
1182 392 1251 422 quae
1279 389 1353 414 tunc
1381 383 1526 420 maxima,
1551 383 1648 426 [885]

181 435 308 475 quando
325 437 357 465 in
373 446 460 466 sacra
476 434 723 470 committuntur,
737 434 906 475 praeserlim
925 445 997 465 cum
1014 435 1043 465 in
1060 435 1187 476 publica
1203 441 1298 478 atque
1316 443 1433 473 sancta,
1460 438 1509 468 vel
1537 438 1570 468 in
1594 439 1650 468 tri-

181 488 276 518 buum
305 490 476 530 aliquarum
506 489 768 524 communionem,
795 488 845 518 vel
879 489 1006 519 aliorum
1038 489 1266 531 hujuscemodi.
1305 491 1444 522 secundo
1474 502 1549 522 vero
1579 493 1650 524 loco

180 542 327 573 habenda
341 548 425 579 sunt,
439 541 564 584 quando
581 542 614 572 iu
641 552 730 573 sat-ra
750 542 872 583 privata
898 548 992 583 atque
1022 545 1178 584 sepulcra.
1201 544 1305 580 tertio,
1333 556 1402 586 quae
1428 546 1460 575 in
1491 552 1649 586 parentes,

179 606 315 627 seorsum
329 598 368 627 ab
383 597 443 632 his,
461 607 531 638 qure
546 597 749 626 narravimus.
773 602 918 637 quartum
931 597 1130 628 contumeliae
1146 596 1327 639 injuriaeque
1340 609 1439 640 genus
1450 604 1508 636 est,
1522 600 1649 641 quando

177 650 260 691 quis,
277 651 463 691 contemptis
478 651 722 691 magistratibus,
741 661 805 681 rem
821 650 942 681 illorum
959 650 1090 682 adducit
1107 652 1156 681 vel
1183 662 1221 682 ea
1248 652 1354 689 utitur,
1386 659 1553 694 antequam
1584 655 1649 686 illis

176 705 375 745 persuaserit.
386 705 539 745 quintum,
551 715 622 735 cum
637 704 716 735 civis
730 704 865 746 alicujus
880 705 982 736 civilis
997 705 1135 746 dignitas
1148 705 1274 736 laeditur
1289 707 1337 737 vel
1352 707 1522 738 offenditur
1536 720 1542 736 :
1560 709 1646 749 quod

177 768 275 799 genus
295 759 428 789 -omniuo
444 759 595 789 ultionem
612 759 722 800 poscit.
740 764 834 800 atque
851 760 899 790 his
916 759 1049 800 singulis
1065 760 1272 791 communiter
1286 761 1453 802 providere
1469 763 1520 792 lex
1538 763 1645 795 debet.

174 812 215 843 de
231 813 394 854 sacrilegio
409 812 535 854 quidem
558 813 737 844 summatim
759 813 876 844 dictum
903 819 962 850 est,
992 813 1069 855 quid
1096 814 1162 844 fieri
1186 819 1341 855 oporteat,
1365 815 1390 845 si
1419 816 1450 846 vi
1481 821 1536 846 aut
1563 818 1643 847 clam

174 872 350 908 peragatur.
383 867 424 898 de
441 867 489 898 his
504 873 620 904 aulem,
640 878 709 909 quae
729 869 824 899 verbo
844 868 894 898 vel
922 878 1017 909 opera
1041 869 1074 898 in
1103 868 1232 899 deorum
1254 875 1473 910 contemptum
1500 876 1644 911 aguntur,

173 921 334 960 quomodo
349 921 512 962 punienda
531 922 603 958 sint,
632 921 794 963 deinceps,
822 922 973 963 prooemio
999 922 1135 964 quodam
1159 924 1332 964 proposito,
1362 924 1532 954 dicendum
1556 925 1646 956 vide-

170 979 230 1005 tur.
253 975 432 1017 hujusmodi
448 987 518 1007 vero
539 976 722 1017 prooemium
751 977 814 1007 sit:
848 977 901 1018 qui
925 977 1013 1008 Deos
1042 988 1110 1007 esse
1137 983 1229 1018 putat
1258 978 1431 1009 secundum
1457 978 1555 1020 leges,
1583 990 1645 1010 nec

170 1028 248 1060 facit
262 1040 401 1071 unquam
417 1036 530 1072 sponte
556 1031 685 1071 impium
715 1031 882 1072 quicquan]
907 1042 966 1062 nec
1002 1031 1147 1072 loquitur.
1169 1032 1291 1062 faciunt
1317 1037 1418 1063 autem
1449 1038 1504 1063 aut
1535 1033 1646 1065 dicunt

170 1083 308 1124 impium
322 1084 443 1126 aliquid
468 1085 498 1114 in
524 1084 624 1120 Deos,
639 1086 691 1115 vel
707 1085 781 1126 quia
805 1085 894 1115 Deos
920 1095 988 1116 esse
1014 1091 1144 1126 negant,
1168 1086 1218 1117 vel
1247 1087 1331 1127 quia,
1348 1087 1407 1116 etsi
1434 1093 1548 1128 putant
1577 1099 1645 1119 esse

170 1137 270 1174 Deos,
288 1137 327 1169 de
342 1139 433 1169 rebus
449 1144 555 1169 tamen
572 1139 715 1169 humanis
730 1149 835 1170 curare
851 1140 956 1180 ipsum
969 1139 1100 1170 minime
1115 1139 1301 1171 arbitrantur
1315 1151 1321 1169 :
1346 1141 1397 1171 vel
1414 1142 1516 1177 tertio,
1533 1153 1643 1183 quam-

169 1191 217 1222 vis
230 1197 263 1222 et
277 1192 342 1223 sint
357 1197 390 1223 et
403 1193 443 1223 de
457 1193 635 1223 hominibus
646 1203 753 1223 curam
767 1192 914 1228 habeant,
937 1192 1032 1223 facile
1046 1198 1151 1223 tamen
1167 1193 1284 1234 placari
1300 1204 1356 1224 eos
1370 1194 1452 1225 votis
1471 1199 1503 1225 et
1524 1196 1643 1226 sacrifi—

169 1246 227 1277 ciis
242 1247 420 1287 opinantur.
467 1246 544 1277 Cu.
568 1246 655 1282 Quid
678 1246 831 1276 faciemus
856 1246 974 1287 igitur?
1006 1246 1082 1288 quid
1109 1248 1150 1277 ad
1175 1248 1259 1288 ipsos
1287 1247 1454 1279 dicemus?
1500 1248 1641 1282 Anum.

171 1299 359 1337 Audiamus,
377 1312 394 1332 o
410 1301 492 1332 bone
508 1301 565 1336 vir,
582 1301 678 1341 prius,
702 1299 779 1341 quid
802 1300 835 1330 in
858 1306 995 1330 nostrum
1020 1306 1236 1342 contemptum
1252 1302 1327 1343 joco
1350 1302 1486 1343 quodam
1503 1304 1642 1335 dicturos

169 1355 244 1385 illos
267 1354 414 1396 conjicio.
461 1355 538 1386 CLI.
562 1354 726 1391 Quidnam
750 1354 882 1384 dicent?
928 1353 1068 1385 ATHEN·
1092 1354 1143 1385 Ita
1168 1356 1266 1386 ferme
1289 1356 1321 1386 in
1345 1367 1401 1387 nos
1430 1358 1640 1398 nugabuntur,

169 1408 199 1439 Ο
215 1408 422 1440 Atheniensis
438 1410 564 1450 hospes,
581 1418 697 1450 vosque
714 1407 955 1440 Lacedaemonie
967 1415 1062 1449 atque
1078 1408 1211 1446 Gnosie,
1227 1421 1298 1441 vere
1314 1410 1394 1441 illud
1414 1411 1530 1449 dicitis,
1556 1415 1641 1454 quod

169 1469 309 1494 nostrum
337 1464 389 1494 alii
412 1473 610 1505 nequaquam
628 1473 696 1493 esse
712 1462 810 1499 Deos,
834 1463 885 1492 alii
909 1463 988 1493 nihil
1003 1468 1109 1494 nostra
1125 1474 1244 1501 curare,
1261 1464 1316 1494 alii
1338 1465 1517 1496 muneribus
1547 1467 1641 1498 facile

168 1517 289 1558 placari
316 1519 506 1550 existiment.
530 1518 614 1558 quod
639 1518 735 1558 igitur
760 1527 816 1548 vos
832 1517 865 1547 in
882 1517 1028 1549 omnibus
1053 1518 1175 1559 leg-ibus
1200 1518 1340 1553 ferendis
1364 1519 1544 1551 faciendum
1571 1532 1639 1551 esse

169 1572 348 1612 putavistis,
365 1574 425 1604 hoc
438 1570 473 1603 et¹
487 1583 570 1603 nunc
587 1582 605 1602 a
619 1571 708 1602 vobis
724 1571 791 1602 fieri
805 1572 962 1608 volumus,
972 1577 1014 1616 qut
1035 1573 1159 1603 scilicet
1184 1578 1257 1604 ante
1277 1574 1382 1614 legum
1398 1574 1499 1605 minas
1525 1576 1641 1606 suffici-

169 1626 296 1657 entibus
322 1627 430 1668 signis‚
445 1626 532 1657 Deos
547 1637 626 1662 esse,
641 1625 733 1656 nobis
748 1625 976 1666 persuadeatis,
994 1637 1053 1658 nec
1070 1637 1161 1667 posse
1177 1627 1261 1664 illos,
1276 1634 1484 1669 praeterquam
1508 1629 1554 1659 sas
1580 1635 1639 1665 est,

171 1681 354 1712 muneribus
371 1681 445 1711 ullis
458 1680 588 1711 moven'.
612 1690 695 1710 nunc
715 1681 798 1710 enirn
824 1681 893 1711 haec
918 1685 951 1710 et
973 1680 1089 1711 similia
1115 1682 1260 1722 quaedam
1285 1682 1448 1712 audientes
1474 1683 1640 1723 praedicari

168 1735 310 1777 quotidie
326 1735 365 1766 ab
391 1735 441 1771 iis,
465 1736 518 1776 qui
542 1735 698 1765 excellere
726 1739 887 1775 putantur,
914 1734 1029 1775 poetis,
1056 1735 1240 1772 oratoribus,
1266 1736 1399 1773 vatibus,
1422 1737 1638 1768 sacerdotibus

168 1789 301 1832 aliisque
313 1789 486 1830 permultis,
497 1789 535 1819 ab
551 1789 661 1831 injuria
674 1788 803 1829 quidem
819 1789 965 1819 facienda
978 1799 1040 1819 non
1058 1799 1253 1820 removemur
1267 1801 1274 1819 :
1293 1789 1360 1826 sed,
1373 1801 1444 1821 cum
1458 1791 1636 1829 fecerimus,

168 1843 292 1884 placare
307 1843 396 1874 Deos
411 1853 568 1874 conamus.
613 1842 643 1872 A
661 1843 748 1873 vobis
765 1848 880 1879 autem,
897 1843 951 1884 qui
965 1847 1087 1873 atroces
1103 1843 1192 1874 nullo
1206 1843 1300 1875 modo
1322 1844 1377 1874 sed
1402 1845 1492 1875 mites
1513 1845 1635 1886 leguni-

165 1898 282 1929 latores
297 1908 366 1929 esse
383 1897 571 1938 gloriamini,
583 1897 752 1938 poscimus,
767 1903 803 1928 ut
818 1898 1020 1939 persuasione
1037 1898 1123 1939 prius
1141 1897 1293 1934 adhibita,
1311 1898 1396 1939 quod
1414 1898 1469 1929 Dii
1493 1900 1565 1935 sint,
1593 1901 1637 1930 ita

168 1952 318 1988 doceatis,
335 1958 381 1988 ut,
402 1952 526 1982 etiamsi
545 1962 610 1982 non
635 1952 731 1981 multo
754 1951 937 1981 sublimiora
962 1961 1055 1992 quam
1080 1952 1144 1987 alii,
1174 1952 1293 1982 veriora
1321 1958 1428 1983 tamen
1454 1953 1637 1994 loquamini.

168 2005 248 2036 forte
263 2016 398 2047 namque
411 2006 496 2036 vobis
512 2006 684 2036 credemus.
699 2016 806 2046 quare,
821 2006 847 2036 si
857 2016 982 2046 aequum
997 2006 1072 2046 quid
1088 2005 1417 2047 postulanmS.1norem
1432 2008 1541 2048 gerite.
1559 2008 1636 2039 Cu.

167 2059 278 2101 Atqui,
295 2069 314 2091 ο
327 2060 437 2096 amice,
451 2060 544 2090 facile
558 2068 606 2091 cst
619 2060 785 2091 veritatem
801 2061 881 2090 lianc
894 2059 1073 2095 ostendere,
1090 2059 1174 2101 quod
1191 2060 1247 2090 Dii
1265 2060 1341 2091 sint.
1374 2061 1471 2103 [886]
1496 2061 1636 2093 Anmx.

171 2114 244 2150 Quo
256 2115 373 2156 pacto?
421 2115 496 2146 CLr.
522 2114 661 2145 Primum
683 2115 810 2155 quidem
838 2121 928 2151 terra,
954 2115 1013 2151 sol,
1029 2113 1134 2145 sidera
1146 2115 1313 2156 ipsumque
1338 2115 1529 2153 universum,
1554 2122 1635 2147 tem-

168 2179 281 2209 porum
305 2179 430 2210 quoque
452 2169 648 2199 ornatissima
674 2169 814 2205 varietas,
841 2169 932 2199 annis
956 2169 1179 2210 mensibusque
1195 2168 1354 2206 distincta,
1380 2170 1411 2200 id
1444 2170 1632 2201 ostendunt:

170 2221 350 2254 Graecorum
380 2228 534 2264 praeterea
565 2223 826 2265 barbarorumque
856 2224 996 2254 omnium
1027 2233 1211 2260 consensuS‚
1242 2223 1331 2254 Deos
1360 2234 1427 2255 esse
1458 2224 1634 2256 fatentium.

168 2276 306 2307 Arium.
329 2277 450 2313 Timeo,
464 2287 482 2308 o
497 2277 589 2308 beate
606 2278 662 2314 vir,
679 2278 829 2309 scelestos
844 2278 1005 2308 homines:
1035 2278 1141 2314 timeo,
1157 2278 1296 2318 inquam,
1309 2288 1372 2308 non
1389 2278 1550 2314 erubesco.
1574 2290 1633 2310 nec

168 2339 285 2366 vereor,
301 2340 342 2360 ne
355 2331 434 2361 forte
452 2342 506 2361 vos
522 2336 738 2362 contemnant.
759 2342 815 2363 vos
830 2332 916 2363 enim
931 2332 1117 2362 differentiae
1130 2332 1260 2362 istorum
1274 2343 1400 2362 causam
1415 2333 1576 2373 ignor-itis,
1602 2340 1635 2365 et

167 2383 400 2416 incontinentia
416 2385 611 2425 voluptatum
627 2386 900 2428 cupiditatumque
924 2386 1141 2417 tantummodo
1172 2386 1288 2426 putatis
1305 2387 1343 2416 ad
1371 2386 1497 2427 impiam
1514 2388 1635 2419 animos

168 2447 276 2468 eorum
289 2438 388 2468 vitam
402 2448 557 2469 corruere.
579 2462 581 2466 Α
603 2439 679 2470 Cu.
702 2439 766 2470 Sed
781 2450 926 2481 quaenam
941 2447 1054 2481 praeter
1069 2441 1129 2470 ista
1144 2440 1206 2471 alia
1228 2441 1357 2470 istorum
1377 2450 1482 2476 cansa.
1509 2442 1632 2483 hospes,

169 2492 239 2522 est?
290 2492 427 2522 Arnim.
452 2491 548 2528 Quod
563 2502 620 2522 vos
634 2493 735 2534 ipsius
750 2499 896 2535 expertes
910 2494 1039 2535 penitus
1055 2495 1144 2535 fugit.
1191 2493 1267 2526 CLr.
1292 2493 1378 2531 Quid
1388 2495 1467 2525 hoc?
1495 2495 1633 2527 Arum.

168 2545 352 2587 Ignorantia
366 2545 508 2586 quaedam
525 2551 609 2577 certe
621 2547 812 2588 gravissima,
833 2559 904 2589 quae
929 2549 1063 2578 maxima
1086 2547 1211 2578 videtur
1239 2558 1305 2578 esse
1333 2549 1511 2588 prudentia.
1557 2549 1634 2581 Cu.

170 2599 242 2636 Quo
257 2607 350 2641 pacto
365 2599 494 2642 inquis?
539 2599 678 2631 Arnim.
701 2599 856 2633 Feruntur
871 2603 954 2643 apud
976 2613 1033 2633 nos
1059 2612 1228 2638 sermones,
1250 2602 1364 2644 partim
1388 2608 1488 2633 metro
1518 2606 1633 2645 partim

168 2654 271 2685 soluta
283 2654 424 2685 oratione
447 2654 627 2695 conscripti,
644 2655 698 2695 qui
714 2656 797 2697 apud
811 2666 865 2687 vos
880 2663 1009 2698 propter
1025 2656 1201 2697 disciplinae
1218 2656 1320 2687 civilis
1339 2657 1571 2694 excellentiam,
1600 2667 1633 2689 ut

170 2708 274 2745 audio,
297 2719 361 2739 non
392 2708 600 2749 reperiuntur.
628 2719 758 2749 quorum
783 2710 993 2751 antiquissimi
1023 2711 1156 2752 primam
1181 2711 1251 2741 coeli
1274 2711 1467 2752 aliorumque
1491 2718 1632 2742 naturam

169 2761 310 2793 Deorum
334 2763 449 2794 factam
473 2763 569 2793 fuisse
593 2763 763 2794 affirmant:
798 2775 856 2795 nec
880 2765 1015 2795 multum
1040 2765 1197 2806 progressi
1224 2765 1364 2796 Deorum
1395 2767 1631 2807 generationem

171 2816 500 2858 consuetudinemque
525 2816 609 2847 inter
623 2827 655 2847 se
669 2822 808 2848 narrant.
845 2828 914 2859 quoe
931 2818 1078 2860 quoniam
1096 2819 1197 2860 prisca
1213 2824 1295 2855 sunt,
1325 2825 1475 2860 quantum
1506 2820 1544 2849 ad
1572 2819 1633 2850 alia

168 2868 297 2909 quidem
312 2870 377 2901 sive
388 2875 476 2902 recte
492 2881 547 2902 seu
558 2881 621 2902 non
636 2876 722 2902 recte
737 2881 770 2902 se
780 2871 928 2907 habeant,
945 2870 1173 2913 reprehendere
1184 2881 1247 2902 non
1263 2872 1355 2903 facile
1371 2879 1417 2902 est
1431 2883 1436 2900 :
1458 2872 1496 2902 ad
1514 2872 1632 2902 cultum

167 2927 274 2952 tamen
298 2923 509 2966 honoremque
539 2924 713 2966 genitorum
730 2936 787 2957 nec
803 2925 891 2956 utilia
904 2926 973 2966 ipsa
997 2936 1053 2957 nee
1078 2935 1151 2956 vma
1177 2936 1245 2956 esse
1269 2926 1399 2956 fatebor.
1423 2926 1523 2966 prisca
1540 2926 1631 2962 ἱςίτιιι·

261 2977 416 3009 ΡΙιιΙ.Τι·.
938 2980 979 3010 Η.
1483 2984 1500 3010 3
1524 2981 1542 3009 ΖΓ
