1840 3225
157 215 251 265 123]
703 214 1028 254 Ammianus
1063 213 1089 254 1.
1571 218 1616 260 51

152 329 219 350 rum
235 328 340 360 regum
357 316 493 360 dignitas
507 318 518 348 ?
544 327 674 359 quorum
697 328 807 349 uxores
831 318 956 359 publice
983 319 1184 350 observantur
1201 321 1239 350 ab
1255 319 1387 361 Epirotis
1404 319 1424 349 i.
1442 330 1470 350 e.
1486 321 1618 360 praesec-

152 372 204 410 tis,
221 378 266 410 ut,
279 373 382 415 quoad
401 372 465 403 ficri
481 376 596 413 potest,
612 382 662 402 rex
678 382 741 402 non
758 383 795 403 ex
814 372 875 403 alio
892 372 1036 409 latenter,
1052 384 1144 414 quam
1162 374 1397 405 Heraclidarum
1411 383 1522 414 genere
1537 373 1618 403 oria»-

152 432 212 457 tur.
258 427 420 457 Persarum
438 435 509 456 vero
527 436 575 456 rex
593 426 671 456 adeo
688 425 825 461 excellit,
842 432 876 455 ut
892 436 982 455 nemo
1006 427 1179 466 suspicetur
1203 438 1304 468 regem
1325 438 1361 457 ex
1387 427 1450 457 alio
1470 437 1562 467 quam
1579 438 1617 456 ex

152 480 222 521 ipso
237 480 375 522 genitum
392 490 470 511 esse.
487 481 686 521 quamobrem
705 480 785 520 regis
800 490 875 509 uxor
889 491 951 510 non
967 480 1007 509 ab
1023 480 1084 511 alio
1101 491 1193 520 quam
1212 487 1295 511 metu
1311 481 1498 512 custoditur.
1524 481 1618 510 Post-

154 543 248 574 quam
264 543 336 564 vero
352 538 443 563 natus
459 538 505 563 est
522 533 760 574 primogenitus,
776 532 830 574 qui
847 533 988 564 succedit
1004 533 1036 563 in
1066 544 1173 575 regno,
1188 535 1286 575 primo
1303 535 1430 576 quidem
1449 545 1519 565 eum
1535 534 1618 564 diem

152 596 273 624 omnes,
288 586 343 627 qui
365 587 422 617 sub
445 596 540 627 reguo
564 591 647 624 sunt,
661 586 842 617 celebrant:
868 591 962 627 atque
989 586 1035 616 ita
1062 587 1095 617 in
1120 595 1276 627 posterum
1293 588 1460 629 quotannis
1483 587 1619 617 natalem

153 640 233 680 regis
248 638 332 670 diem
349 639 442 670 sacris
457 650 494 670 ac
509 639 597 671 sestis
614 640 714 670 omnis
731 639 808 670 Asia
833 639 920 671 colit.
944 650 1015 670 cum
1034 651 1104 670 vero
1128 641 1212 681 apud
1238 651 1295 671 nos
1318 641 1388 682 quis
1415 641 1564 681 nascitur,
1579 650 1620 671 ne

149 692 245 724 vicini
260 692 401 734 quidem,
416 698 452 723 ut
466 692 510 723 ait
538 693 719 730 Comoedus,
735 692 886 729 sentiunt,
902 703 921 722 o
944 691 1143 724 Alcibiades.
1189 692 1351 734 Deinceps
1377 694 1509 724 nutritur
1533 703 1622 734 puer,

150 756 216 777 non
231 757 250 776 a
265 747 376 787 quavis
391 746 523 783 nutrice,
538 756 645 776 verum
662 747 702 776 ab
717 745 881 782 eunuchis,
898 746 952 786 qui
969 745 1155 786 reliquorum
1178 746 1260 776 circa
1283 757 1386 787 regem
1403 747 1515 787 optimi
1532 747 1619 777 vide-

151 805 263 830 antur:
287 800 400 842 quibus
415 805 448 831 et
462 800 535 837 alia,
551 810 622 841 quae
637 804 782 841 spectant
797 800 836 829 ad
853 809 957 830 curam
975 799 1075 840 pueri,
1092 800 1335 836 demandantur,
1351 810 1388 831 ac
1413 800 1570 841 praecipue
1585 805 1620 830 ut

151 858 259 884 natum
277 856 379 895 'quam
404 853 646 895 pulcherrimum
670 853 814 890 reddant,
832 858 1057 893 componentes
1081 853 1218 883 membra
1243 853 1314 894 ejus
1330 858 1423 894 atque
1438 853 1619 894 dirigentes.

151 912 247 948 atque
262 908 329 938 lraec
343 908 494 939 facientes
510 918 622 948 magno
643 907 676 937 in
692 908 811 937 honore
827 907 991 937 habentur.
1039 904 1120 936 Cum
1138 911 1240 937 autem
1258 906 1346 947 pueri
1363 906 1529 947 septimum
1546 913 1622 937 aeta·

153 960 194 990 tis
207 971 324 991 annum
338 961 562 1003 impleverunt,
580 961 620 991 ad
636 960 790 1002 equestris
804 960 877 991 artis
904 960 1066 1001 magistros
1083 959 1333 1000 proficiscuntur,
1348 960 1464 991 deinde
1479 960 1510 990 in
1527 971 1622 991 vena-

150 1014 268 1046 tionem
283 1016 428 1047 tendunt.
473 1015 568 1046 Anno
584 1025 656 1046 vero
671 1014 906 1056 quartodecimo
923 1024 1052 1055 puerum
1083 1014 1260 1055 suscipiunt
1286 1014 1331 1051 hi,
1346 1025 1424 1056 quos
1441 1014 1541 1055 regios
1557 1025 1621 1056 pm-

151 1069 291 1110 dagogos
307 1070 479 1111 appellant.
502 1074 578 1100 sunt
593 1068 615 1100 ii
638 1068 780 1109 profecto
806 1068 901 1099 electi
925 1078 963 1098 ex
991 1068 1135 1098 omnibus
1163 1068 1265 1098 Persis
1292 1073 1384 1099 aetate
1400 1078 1454 1098 sua
1471 1067 1622 1109 praecipui

150 1128 295 1164 quatuor,
309 1123 568 1165 sapientissimuS‚
581 1122 784 1164 justissimus,
798 1120 1074 1164 temperatissimus
1090 1127 1184 1163 atque
1201 1121 1398 1153 fortissimus.
1423 1121 1518 1163 [122]
1541 1131 1620 1162 quo—

151 1186 218 1206 rum
233 1177 348 1218 primus
365 1177 516 1218 magicam
533 1177 700 1208 Zoroastris
714 1176 869 1207 Oromasii
886 1176 941 1206 filii
957 1176 1062 1207 docet.
1089 1180 1137 1206 est
1164 1180 1268 1206 autern
1296 1175 1349 1206 illa
1364 1176 1492 1205 deorum
1508 1175 1622 1206 cultus.

151 1235 246 1271 atque
261 1230 343 1261 idem
359 1230 453 1261 tradit
477 1231 620 1261 instituta
641 1230 737 1271 regia.
784 1229 948 1261 Secundus
971 1230 1132 1266 admonet,
1148 1234 1183 1259 ut
1214 1229 1247 1259 in
1275 1229 1358 1259 omni
1376 1228 1440 1259 vita
1465 1229 1504 1259 sit
1517 1239 1620 1261 verax.

150 1283 285 1325 Tertius,
301 1295 342 1315 ne
357 1284 420 1315 ulla
435 1285 589 1325 cupidine
607 1289 780 1325 superetur,
796 1289 832 1314 ut
857 1283 934 1315 liber
950 1283 1054 1314 vivere
1079 1288 1277 1319 consuescat,
1295 1294 1330 1314 ac
1351 1292 1456 1314 revera
1482 1292 1546 1321 rex,
1563 1283 1620 1313 im-

151 1347 262 1377 perans
278 1338 408 1379 primum
424 1338 472 1375 iis,
489 1349 560 1380 quae
575 1339 608 1369 in
626 1349 659 1369 se
676 1343 761 1378 sunt,
778 1348 837 1369 nec
852 1338 908 1368 ulli
923 1336 1072 1369 serviens.
1118 1337 1256 1374 Quartus
1273 1337 1410 1377 denique
1426 1336 1620 1377 impavidum

150 1390 239 1421 illum
255 1396 288 1422 et
303 1391 491 1433 intrepidum
515 1392 630 1429 reddit,
646 1402 687 1423 ne
702 1392 829 1434 quando
845 1391 1009 1433 quippiam
1025 1396 1166 1421 metuens
1185 1401 1288 1421 servus
1305 1391 1371 1422 fiat.
1415 1390 1488 1420 Tibi
1503 1395 1620 1425 autem,

151 1454 170 1474 ο
186 1443 379 1481 Alcibiades,
395 1445 531 1476 Pericles
548 1445 683 1476 instituit
708 1445 914 1486 paedagogum
944 1444 1101 1486 Zopyrum
1123 1443 1289 1484 Thracem,
1306 1444 1445 1474 omnium
1463 1453 1618 1474 servorum

150 1507 275 1527 suorum
292 1499 332 1529 ob
348 1498 468 1529 senium
484 1498 726 1531 inutilissimum.
773 1490 939 1529 Narrareni
969 1504 1119 1538 ptaeterea
1147 1497 1206 1528 tibi
1233 1498 1383 1539 reliquam
1400 1497 1619 1528 educationem

150 1554 182 1581 et
197 1550 397 1592 disciplinam
413 1552 654 1583 adversariorum
670 1558 805 1592 tuorum,
820 1552 880 1582 nisi
894 1550 1102 1593 prolixitatem
1120 1561 1249 1582 vererer.
1265 1552 1341 1592 quin
1357 1551 1450 1582 etiarn
1466 1550 1539 1581 satis
1553 1551 1621 1582 haec

151 1609 225 1634 sunt
239 1605 279 1635 ad
295 1610 410 1646 cetera,
425 1616 496 1648 quae
512 1617 549 1637 ex
565 1606 602 1637 iis
619 1611 801 1647 sequuntur,
819 1606 1031 1636 ostendenda.
1075 1604 1152 1635 Tuae
1170 1616 1241 1635 vero
1258 1605 1428 1649 aliorumve
1444 1605 1620 1636 Athenien-

151 1658 230 1688 sium
245 1659 466 1700 generationiS,
483 1660 681 1691 educationis
695 1665 727 1691 et
741 1659 918 1700 disciplinas
934 1658 1025 1696 nulli,
1042 1664 1076 1688 ut
1092 1659 1136 1689 ita
1152 1659 1267 1695 dicam,
1284 1659 1531 1700 propinquorum
1546 1667 1621 1689 cura

151 1716 211 1753 est,
226 1711 285 1742 nisi
299 1712 379 1744 forte
392 1713 485 1744 amici
500 1713 533 1744 id
549 1719 670 1745 curent.
716 1713 748 1744 Si
765 1717 867 1744 autem
885 1712 1010 1743 divitias
1024 1711 1215 1754 deliciasque
1231 1718 1263 1743 et
1281 1712 1410 1742 vestium
1428 1711 1617 1742 luxuriosum

152 1770 306 1803 ornatum,
332 1771 625 1808 unguentorumque
651 1767 761 1798 odores
785 1776 822 1797 ac
847 1766 1055 1797 ministrorum
1084 1766 1280 1807 sequentium
1307 1767 1439 1807 turbam,
1466 1765 1621 1807 aliamque

151 1817 316 1850 Persarum
332 1820 493 1852 mollitiem
521 1821 720 1853 considerare
736 1820 883 1858 volueris,
899 1821 965 1862 ipse
990 1825 1092 1851 tecum
1111 1820 1155 1850 tui
1180 1820 1277 1860 gratia
1293 1820 1468 1860 erubesces,
1484 1819 1621 1850 sentiens

151 1877 270 1913 quanto
285 1872 326 1904 sis
340 1873 401 1904 illis
417 1874 552 1906 inferior.
599 1874 720 1905 Rursus
736 1875 761 1905 si
777 1875 933 1915 respicere
951 1874 1025 1904 velis
1048 1874 1088 1904 ad
1116 1873 1427 1904 Lacedaemoniorum
1443 1879 1620 1914 temperan-

152 1925 239 1963 tiam,
267 1928 464 1968 modestiam,
483 1928 679 1964 facilitatem,
705 1928 992 1962 mansuetudinem,
1024 1926 1325 1968 magnanimitatem,
1358 1926 1619 1963 moderationem,

153 1981 425 2020 compositionem,
452 1982 679 2017 fortitudinem,
704 1981 927 2021 constantiam,
954 1981 1161 2017 tolerantiam,
1188 1980 1326 2011 victoriae
1352 1979 1556 2020 cupiditatem
1589 1985 1620 2011 et

154 2042 288 2064 amorem
303 2034 408 2075 gloria?
423 2046 429 2065 :
456 2046 586 2076 puerum
607 2041 637 2066 te
651 2035 684 2066 in
702 2035 738 2066 iis
753 2035 898 2066 omnibus
910 2035 1080 2076 judicabis.
1124 2033 1157 2064 Si
1176 2034 1252 2075 quid
1269 2044 1370 2064 rursus
1380 2033 1550 2073 opulentiae
1570 2035 1621 2063 tri-

155 2086 235 2123 buis,
253 2093 283 2117 et
300 2088 330 2118 in
347 2089 405 2119 hac
422 2095 513 2129 putas
529 2089 647 2131 aliquid
665 2100 743 2125 esse,
760 2099 863 2130 neque
878 2090 946 2120 haec
974 2100 991 2119 a
1015 2089 1104 2118 nobis
1121 2088 1246 2118 silentio
1265 2093 1472 2128 praetereatur.
1516 2087 1618 2117 Modo

152 2140 236 2171 enim
249 2141 376 2183 sentias,
394 2142 518 2173 ubinam
536 2143 588 2179 sis,
601 2148 632 2174 et
649 2143 959 2174 Lacedaemoniorum
976 2143 1101 2173 divitias
1117 2141 1278 2182 intuearis,
1293 2152 1462 2182 cognosces
1480 2141 1619 2181 profecto

151 2204 208 2224 nos
225 2194 337 2225 abillis
354 2195 447 2236 longe
464 2196 632 2226 admodum
649 2196 797 2237 superari.
822 2196 974 2237 quicquId
991 2196 1075 2226 enim
1090 2206 1231 2237 agrorum
1249 2201 1303 2225 aut
1319 2195 1364 2225 sui
1381 2200 1435 2225 aut
1450 2195 1620 2225 Messaniae

151 2247 325 2287 possident,
342 2258 432 2279 nemo
462 2249 571 2290 utique
599 2249 769 2286 dubitaret,
785 2250 863 2291 quin
887 2249 1096 2290 amplitudine
1120 2254 1151 2280 et
1179 2251 1317 2279 ubertate
1334 2259 1370 2279 ac
1386 2259 1538 2279 servorum
1556 2253 1619 2278 tarn

152 2300 282 2330 aliorum
305 2311 398 2342 quam
422 2302 604 2333 Ileticorum
631 2303 821 2344 frequentia,
845 2307 877 2333 et
903 2313 1053 2343 equorum
1076 2307 1223 2344 praeterea
1250 2302 1442 2341 aliorumque
1459 2311 1619 2341 pecorum,

152 2363 223 2393 quse
249 2354 307 2384 fert
334 2354 505 2392 Messania,
519 2356 612 2396 copia
636 2361 756 2386 nostros
782 2361 959 2396 exsuperet.
1006 2356 1152 2386 Ceterum
1180 2356 1247 2385 haec
1273 2354 1377 2384 omnia
1405 2354 1434 2382 in
1454 2354 1619 2394 pra-sentia

152 2406 274 2436 omitto.
318 2407 398 2438 Auri
415 2419 486 2439 vero
502 2414 534 2439 et
549 2409 669 2450 argenti
685 2410 769 2450 apud
783 2409 1024 2440 Lacedaemonas
1039 2408 1131 2449 copia
1148 2413 1245 2442 tanta,
1259 2412 1406 2447 quantam
1420 2416 1458 2436 ne
1475 2407 1618 2437 universa

152 2459 279 2499 quidem
295 2459 413 2501 reliqua
428 2461 552 2492 Graecia.
574 2462 728 2503 possidet.
752 2463 848 2492 multa
873 2462 954 2492 enim
975 2462 1042 2503 jam
1069 2462 1173 2492 secula
1199 2461 1327 2490 infertur
1350 2460 1474 2500 quidem
1491 2459 1564 2490 illuc
1580 2470 1616 2490 cx

152 2511 295 2542 universa
322 2511 456 2550 Graecia,
472 2525 556 2555 saepe
579 2515 673 2546 etiam
696 2526 732 2546 ex
760 2515 930 2545 Barbaria:
958 2515 1084 2546 effertur
1100 2520 1203 2544 autem
1228 2523 1392 2553 nusquam.
1417 2513 1470 2543 sed
1487 2523 1517 2542 rc
1533 2523 1617 2548 vera,

151 2565 415 2604 quemadmodum
431 2568 515 2608 apud
532 2568 688 2609 AEsopum
714 2568 811 2608 [123]
837 2569 946 2609 vulpes
964 2568 1046 2598 leoni
1063 2568 1142 2597 dixit
1157 2568 1196 2597 de
1214 2567 1343 2596 serarum
1361 2565 1511 2606 vestigiis,
1529 2566 1571 2595 sie
1585 2572 1617 2596 ct

151 2628 345 2648 nummorum
364 2620 494 2662 vestigia
510 2621 748 2662 ingredientium
765 2622 1026 2652 Lacedaemonem
1044 2618 1448 2661 trita'quidemvidenturin
1467 2619 1590 2659 pulvere
1608 2631 1614 2648 :

151 2673 377 2712 egredientium
397 2684 467 2704 vero
491 2684 642 2715 nusquam
666 2680 830 2716 apparent.
854 2676 937 2705 unde
965 2674 1140 2715 conjectare
1169 2673 1243 2703 licet
1269 2671 1524 2703 Lacedaemonius
1552 2672 1617 2701 auri

152 2730 247 2766 atque
264 2726 383 2766 argenti
400 2726 580 2757 Graecorum
598 2728 735 2758 omnium
752 2739 818 2758 esse
833 2728 1012 2758 ditissimos.
1035 2727 1111 2768 quin
1127 2726 1220 2756 etiam
1245 2736 1295 2756 rex
1321 2724 1440 2755 illorum
1466 2724 1620 2764 pecunio-

151 2778 290 2809 sissimus
305 2784 363 2810 cst.
388 2780 475 2810 exiis
492 2780 575 2810 euim
592 2781 724 2811 maxima
742 2792 810 2821 pars
835 2782 874 2812 ad
900 2782 999 2822 ipsum
1026 2781 1177 2821 pervenit.
1202 2780 1350 2809 tributum
1377 2783 1523 2818 praeterea
1551 2777 1615 2817 regi

153 2832 325 2872 pergrande
340 2832 544 2878 impenditur.
590 2833 631 2863 Et
647 2844 693 2865 res
716 2835 842 2875 quidem
867 2835 1178 2866 Lacedaemoniorum
1207 2833 1310 2873 quoad
1339 2831 1470 2872 reliquos
1488 2830 1615 2860 Grzrcos

155 2885 267 2926 amplae
284 2897 290 2915 z
315 2887 419 2929 quoad
436 2897 507 2919 vero
522 2887 631 2920 Persas
648 2898 798 2932 regesque
813 2889 977 2922 Persarum
1002 2893 1153 2929 angustoe.
1199 2886 1322 2918 Retulit
1336 2884 1455 2926 quippe
1471 2883 1559 2914 nobis
1573 2882 1616 2914 vlt
