1840 3225
159 244 254 295 363]
573 245 646 282 DE
677 241 985 281 REPUBLICA
1019 243 1116 281 Lm.
1152 245 1201 281 11.
1556 245 1629 282 103

154 348 259 388 travit,
276 348 361 389 apud
379 346 571 388 omnesjusti
587 347 702 377 habeat
713 345 895 387 opinionem
913 357 919 375 ε
938 350 969 376 et
985 345 1009 376 si
1020 356 1082 387 qua
1094 346 1125 376 in
1139 357 1169 377 re
1183 346 1333 388 peccarit,
1345 345 1496 386 corrigere
1510 346 1608 387 possit
1621 356 1631 385 ;

155 402 258 443 sitque
274 403 313 433 ad
328 402 577 443 persuadendum
592 400 737 436 idoneus,
750 399 773 430 si
788 399 862 440 quid
879 399 918 430 de
936 399 1003 440 ipso
1021 399 1094 429 mali
1110 400 1254 430 facinoris
1271 399 1442 436 nuntiatur,
1456 404 1488 430 et
1497 400 1536 430 ad
1553 399 1628 436 vim,

158 457 184 487 si
201 468 280 497 opus
296 456 401 497 fucrit,
417 456 610 487 inferendam
628 454 809 484 fortitudine
825 458 857 484 et
872 454 979 483 robore
994 464 1150 494 opumque
1165 459 1196 485 et
1212 454 1379 484 amicorum
1397 453 1500 494 copia.
1547 453 1626 484 Cum

155 511 239 541 hunc
257 509 349 540 talem
365 509 551 545 finxerimus,
566 507 655 549 juxta
682 508 783 549 ipsum
800 508 897 537 virum
913 507 1210 548 ponamusjustum,
1227 508 1399 548 simplicem
1422 507 1579 538 hominem
1597 511 1630 537 ct

154 563 336 604 ingenuum,
354 563 406 605 qui
422 563 594 594 secundum
610 562 797 604 AEschylum
813 572 877 592 non
897 561 993 592 videri
1009 562 1063 592 sed
1085 572 1152 592 esse
1167 563 1266 592 honus
1281 563 1416 593 studeat.
1440 562 1630 592 removenda

155 616 275 658 quippe
288 617 326 647 ab
342 627 379 647 eo
392 616 524 657 justitias
541 616 641 646 omnis
658 615 777 656 opinio,
794 625 832 645 ne
845 614 949 655 justus
971 615 1116 656 cuiquam
1140 616 1292 648 rideatur.
1318 617 1343 646 si
1366 615 1448 646 enim
1475 615 1632 646 videbitur

151 669 257 710 justus
269 679 347 706 esse,
364 670 495 700 aderunt
510 669 568 699 sibi
583 669 714 699 honores
731 673 763 699 et
780 668 917 710 praemia.
939 669 1089 700 incertum
1106 670 1200 710 igitur
1211 670 1279 707 erit,
1292 669 1413 711 justine
1429 680 1466 700 an
1479 671 1630 699 honorum

157 734 381 765 munerumque
398 724 494 764 gratia
511 723 579 754 talis
594 723 645 754 sit.
670 723 838 764 privandus
853 722 958 764 itaque
987 723 1077 754 rebus
1102 724 1245 754 omnibus
1272 729 1474 765 praeterquam
1496 723 1630 764 justitia,

156 782 250 819 atque
264 778 307 808 ita
323 778 499 819 ponendus,
518 782 552 807 ut
575 776 724 818 superiori
740 777 910 807 contrarius
927 777 986 807 sit:
1013 788 1084 808 cum
1111 778 1187 807 niliil
1214 782 1287 819 agat
1308 777 1438 819 injuste,
1463 776 1631 818 injustissi-

156 842 224 863 mus
246 842 312 862 esse
327 832 492 870 credatur3
510 836 545 861 ut
560 831 648 872 quasi
664 831 801 872 quodam
818 830 960 861 examine
977 832 1016 861 ad
1030 830 1184 872 justitiam
1202 831 1241 861 sit
1257 832 1417 873 probatus,
1436 841 1472 861 ex
1489 842 1526 861 eo
1543 832 1629 872 quod

154 895 214 916 nec
230 885 357 915 infamia
372 896 429 916 nec
446 885 492 915 his
509 885 611 922 rebus,
628 895 697 926 quae
714 894 782 915 eam
799 889 981 925 sequuntur,
998 896 1015 915 a
1032 886 1191 926 proposito
1209 897 1264 916 suo
1281 886 1485 923 dimoveatur,
1511 886 1564 916 sed
1582 896 1632 916 us-

154 950 216 981 que
232 939 271 970 ad
289 944 416 970 mortem
434 939 602 970 immobilis
619 944 805 980 perseveret,
830 939 905 968 dum
932 949 986 980 per
1003 950 1125 970 omnem
1142 940 1235 970 vitam
1261 939 1398 981 injustus
1425 940 1629 975 existimatur,

154 998 202 1024 est
220 993 460 1035 tamenjustus:
487 998 522 1024 ut
536 1004 605 1024 cum
624 994 745 1035 utrique
774 993 815 1024 ad
841 998 1010 1024 extremum
1033 995 1241 1036 pervenerint,
1260 994 1311 1025 hic
1337 994 1464 1035 quidem
1484 993 1631 1034 justitiae,

155 1046 208 1077 ille
225 1051 328 1077 autem
344 1046 516 1088 injustitiae,
539 1047 712 1087 judicetur,
739 1049 808 1078 uter
834 1058 940 1078 eorum
965 1048 1005 1078 sit
1029 1048 1156 1079 beatior.
1203 1049 1258 1080 So.
1283 1048 1394 1089 Papae,
1420 1058 1512 1089 quam
1537 1048 1630 1078 vehe-

156 1105 288 1141 menter,
304 1111 322 1130 ο
339 1101 439 1132 amice
456 1100 592 1142 Glauco,
619 1107 784 1142 utrumque
811 1101 921 1137 virum,
947 1101 1036 1143 quasi
1060 1107 1193 1133 statuam
1220 1103 1390 1144 quandam,
1417 1102 1448 1131 in
1472 1101 1629 1142 judicium

158 1154 355 1185 manifestum
372 1155 506 1186 inducis.
553 1155 666 1186 GLAU.
691 1155 794 1192 Quam
812 1156 943 1186 maxime
960 1167 1096 1197 possum.
1144 1157 1223 1188 Cum
1240 1167 1313 1198 ergo
1330 1156 1400 1186 talis
1427 1160 1556 1196 uterque
1578 1156 1632 1193 sit,

157 1208 232 1238 niliil
246 1208 326 1249 jam,
342 1214 376 1239 ut
391 1209 531 1251 arbitror,
548 1209 675 1240 difficile
691 1214 814 1240 narratu
831 1214 888 1246 est,
906 1210 1006 1251 qualis
1024 1216 1187 1253 utrumque
1204 1211 1266 1241 vita
1277 1214 1434 1251 expectet.
1458 1209 1628 1241 dicendum

154 1261 260 1303 igitur,
276 1263 360 1303 quod
377 1263 402 1293 si
418 1264 554 1304 asperius
571 1263 688 1304 ailquid
707 1264 840 1304 dicatur,
856 1274 895 1294 ne
912 1264 1054 1295 existima
1070 1276 1131 1305 me,
1158 1266 1312 1301 Socrates,
1339 1266 1403 1295 haec
1430 1264 1547 1303 dicere,
1574 1264 1630 1294 scd

154 1325 219 1352 eos,
237 1316 290 1356 qui
307 1316 502 1358 praejustitia
518 1316 703 1358 injustitiam
735 1317 875 1349 laudant.
924 1316 1045 1348 Dicent
1067 1318 1161 1355 enirn,
1190 1319 1275 1360 quod
1303 1318 1349 1348 ita
1372 1318 1504 1348 affectus
1524 1318 1630 1359 justus

155 1369 303 1406 credetur,
321 1371 515 1412 torquebitur
539 1377 571 1402 et
585 1372 710 1402 vincula
726 1371 880 1413 patietur:
906 1377 1051 1403 eruentur
1067 1372 1110 1403 illi
1134 1373 1229 1413 oculi,
1256 1372 1352 1414 [362]
1383 1378 1476 1413 atque
1503 1372 1629 1402 demum

157 1423 260 1454 omnia
277 1424 355 1454 mala
373 1435 536 1466 perpessus
553 1426 771 1465 suspendetur,
789 1431 883 1467 atque
899 1432 1070 1467 cognoscet
1085 1437 1148 1457 non
1165 1437 1232 1458 esse
1247 1427 1300 1457 sed
1316 1426 1541 1467 viderijustum
1555 1436 1632 1456 con-

157 1477 381 1518 cupiscendum
398 1490 477 1512 esse.
524 1480 671 1521 AEschyli
687 1485 790 1510 autem
808 1490 930 1510 carmen
948 1480 1061 1511 rectius
1077 1481 1212 1522 intelligi
1229 1486 1350 1523 poterat
1365 1481 1404 1511 de
1431 1480 1560 1521 injusto.
1584 1479 1631 1509 di-

155 1537 229 1562 cent
254 1533 393 1572 profecto
420 1533 582 1575 injustum,
611 1539 721 1575 utpote
746 1534 865 1564 veritati
895 1545 1033 1566 consona
1059 1541 1229 1567 sectantem
1254 1547 1357 1577 neque
1381 1536 1419 1566 ad
1447 1534 1630 1576 opinionem

158 1586 317 1616 hominum
333 1587 501 1624 viventem,
518 1593 666 1629 appetere
683 1589 809 1630 quidem
826 1599 889 1618 non
906 1589 1004 1620 videri
1020 1590 1073 1620 sed
1091 1600 1162 1634 esse,
1174 1590 1335 1631 injustum,
1350 1590 1541 1631 profundum
1555 1597 1632 1619 sane

156 1640 275 1671 sulcum
290 1644 319 1672 et
337 1641 537 1682 flugiferum
555 1645 688 1673 mentem
705 1642 880 1678 habentem,
907 1653 948 1674 ex
971 1653 1030 1684 quo
1049 1644 1189 1683 gloriosa
1203 1645 1385 1684 germinent
1399 1643 1543 1675 consilia.
1568 1641 1632 1683 pri-

158 1705 242 1725 mum
259 1696 384 1736 quidem
402 1696 596 1737 magistratus
612 1706 723 1736 capere
738 1696 769 1725 in
786 1706 841 1725 sua
858 1696 997 1732 civitate,
1015 1697 1198 1738 cumjustus
1210 1702 1378 1739 appareat:
1397 1697 1523 1733 deinde,
1536 1705 1630 1737 quam

159 1749 244 1785 velit,
268 1759 394 1779 uxorem
411 1750 536 1786 ducere,
562 1755 592 1779 et
610 1760 691 1785 suas,
709 1750 761 1780 cui
778 1749 863 1785 velit,
881 1749 982 1780 locare
998 1762 1004 1780 :
1031 1761 1102 1782 cum
1119 1752 1310 1792 quibuslibet
1327 1751 1476 1792 congredi
1492 1760 1633 1781 commu-

162 1802 327 1843 nicareque
344 1815 350 1832 :
377 1808 471 1844 atque
488 1803 527 1834 ad
544 1804 610 1834 haec
628 1804 732 1834 onmia
750 1803 915 1834 utilitatem
933 1814 1055 1845 capere,
1073 1811 1225 1845 quaestum
1240 1805 1418 1842 facientem,
1434 1815 1504 1836 cum
1519 1804 1633 1835 inferre

159 1854 305 1896 injuriam
332 1857 458 1888 minime
482 1863 644 1888 vereatur:
670 1857 703 1887 in
729 1858 947 1889 certaminibus
971 1863 1036 1889 tum
1063 1860 1195 1900 publicis
1225 1859 1380 1896 oblivisci,
1409 1864 1473 1889 tum
1506 1857 1634 1899 privatis

160 1910 347 1952 superiorem
364 1912 507 1948 evadere,
524 1912 656 1952 plusque
673 1911 873 1941 emolumenti
891 1922 984 1952 quam
1010 1913 1200 1944 adversarios
1227 1914 1301 1944 inde
1324 1923 1489 1954 excerpere
1505 1924 1511 1943 :
1538 1917 1632 1954 atque

158 1964 230 1994 lrinc
247 1964 328 1996 effici
343 1964 473 1995 divitem
489 1976 498 2003 ;
523 1966 606 1995 unde
621 1971 652 1995 et
668 1965 765 2005 prosit
780 1964 887 1995 amicis
903 1970 934 1995 et
950 1965 1083 1997 inimicis
1099 1967 1193 2003 obsit,
1218 1968 1294 1999 deos
1316 1973 1420 1998 autem
1443 1967 1579 1998 donariis
1601 1971 1634 1997 et

161 2017 322 2048 sacrificiis
338 2018 503 2059 magnifice
519 2018 612 2055 colat,
628 2023 660 2048 et
677 2018 774 2048 multo
792 2018 901 2049 melius
917 2030 1009 2061 quam
1022 2020 1126 2061 justus
1140 2021 1307 2052 conciliare
1332 2022 1389 2052 sibi
1411 2021 1510 2062 possit
1525 2031 1633 2062 quem-

160 2070 238 2101 libet
255 2071 302 2101 vel
327 2072 484 2102 hominum
502 2072 549 2103 vel
568 2072 718 2103 Deorum.
742 2083 779 2103 ex
797 2083 859 2114 quo
881 2079 1127 2106 consentaneum
1152 2087 1218 2107 esse
1244 2076 1364 2113 volunt,
1383 2082 1416 2107 ut
1441 2075 1511 2106 Deo
1535 2074 1634 2106 carior

162 2125 203 2154 sit
219 2136 310 2166 quam
333 2125 448 2167 justus.
497 2126 566 2157 Hac
584 2126 702 2157 ratione
719 2128 819 2164 aiunt,
836 2139 854 2158 o
872 2128 1025 2169 Socrates,
1051 2135 1082 2160 et
1105 2131 1190 2172 apud
1212 2130 1298 2161 Deos
1324 2136 1356 2161 et
1381 2131 1464 2172 apud
1491 2129 1633 2159 homines

162 2179 273 2209 melius
289 2179 405 2220 injusto
423 2180 516 2211 vitam
533 2181 705 2211 institutam
722 2191 788 2212 esse
804 2192 896 2223 quam
909 2182 1009 2223 justo.
1054 2184 1132 2215 Haec
1149 2195 1219 2216 cum
1241 2185 1371 2215 dixisset
1397 2184 1533 2220 Glauco,
1559 2194 1634 2224 ego-

162 2243 223 2274 que
239 2234 278 2263 ad
296 2235 361 2264 haec
377 2235 565 2276 respondere
582 2235 702 2276 aliquid
719 2237 899 2277 cogitarem,
916 2238 1008 2269 frater
1020 2237 1088 2279 ejus
1105 2239 1305 2281 Adimantus,
1332 2238 1496 2274 Nondum,
1519 2237 1636 2278 inquit,

162 2297 180 2317 ο
209 2287 362 2324 Socrates,
391 2288 464 2319 satis
479 2290 518 2320 de
535 2290 592 2320 hac
609 2300 639 2320 re
654 2290 785 2321 dictum.
830 2291 887 2322 So.
912 2291 1072 2323 Curnam?
1120 2293 1204 2325 Am.
1239 2293 1276 2324 Id
1302 2293 1410 2334 utique
1437 2293 1555 2323 dictum
1571 2301 1635 2321 non

161 2346 221 2382 est,
247 2343 331 2383 quod
358 2343 490 2374 maxime
514 2343 579 2374 dici
605 2345 754 2385 oportuit.
800 2344 855 2376 So.
879 2345 986 2377 Frater
1010 2348 1118 2378 adesto
1147 2348 1223 2385 viro,
1249 2355 1284 2379 ut
1309 2348 1403 2378 habet
1428 2346 1635 2388 proverbium.

161 2405 256 2437 quare
273 2401 317 2432 tu,
332 2396 356 2427 si
371 2397 447 2438 quid
463 2397 513 2429 hic
528 2398 665 2439 reliquit,
683 2397 821 2439 adjuva:
846 2410 1024 2441 quanquam
1043 2412 1103 2442 me,
1119 2412 1188 2443 quae
1205 2401 1290 2433 dicta
1306 2406 1378 2432 sunt
1399 2401 1438 2431 ab
1463 2400 1535 2436 isto,
1560 2409 1637 2429 con-

160 2449 283 2479 vincere
300 2456 440 2490 possunt,
460 2457 553 2493 atque
570 2453 690 2483 efficere
707 2458 741 2483 ut
769 2454 937 2485 defendere
962 2454 1115 2495 justitiam
1139 2466 1304 2496 nequeam.
1349 2454 1433 2486 Am.
1469 2453 1558 2484 Nihil
1587 2453 1635 2482 di-

160 2502 216 2533 cis.
242 2504 314 2533 audi
332 2510 364 2534 et
379 2505 444 2536 lraec
463 2511 622 2546 praeterea.
645 2507 738 2538 decet
753 2508 835 2539 euim
853 2513 884 2539 et
899 2510 1066 2540 contrarias
1089 2510 1225 2541 rationes
1241 2510 1390 2540 inducere
1415 2518 1532 2544 earum,
1557 2517 1634 2548 quas

162 2555 213 2586 hic
229 2557 344 2593 attulit,
362 2559 472 2599 quibus
488 2559 632 2591 laudatur
647 2562 773 2602 quidem
786 2562 923 2604 justitia,
941 2563 1094 2605 injustitia
1108 2569 1216 2596 contra
1232 2564 1424 2606 vituperatur
1439 2574 1445 2594 :
1476 2568 1510 2593 ut
1535 2562 1633 2593 mani-

161 2610 268 2642 festius
284 2611 349 2652 fiat,
368 2614 453 2654 quod
471 2614 543 2644 mihi
561 2615 685 2647 Glauco
702 2617 780 2649 velle
800 2618 932 2649 videtur.
980 2618 1173 2660 Praecipiunt
1199 2629 1272 2650 sane
1300 2624 1403 2660 patres
1427 2617 1511 2654 siliis,
1538 2622 1632 2658 atque

161 2674 279 2701 omnes,
296 2667 350 2708 qui
365 2678 468 2698 curam
483 2668 655 2710 aliquorum
672 2671 800 2709 habent,
825 2678 967 2714 oportere
983 2673 1106 2714 justum
1133 2683 1212 2710 esse,
1241 2672 1337 2714 [303]
1362 2683 1426 2703 non
1452 2676 1577 2713 propter
1604 2681 1637 2701 se

161 2717 426 2760 ipsamjustitiam
444 2721 620 2759 laudentes,
636 2725 690 2754 sed
714 2731 840 2767 propter
864 2737 932 2768 cos,
954 2727 1009 2768 qui
1035 2727 1108 2758 inde
1131 2733 1314 2769 sequuntur,
1341 2728 1494 2758 honores:
1522 2731 1555 2756 ut
1580 2727 1635 2766 qui

158 2771 261 2812 justus
277 2774 418 2812 habetur,
435 2787 472 2807 ex
487 2787 523 2807 ea
538 2778 690 2819 opinione
707 2780 902 2821 magistratus
919 2786 951 2812 et
967 2781 1135 2819 connubia,
1159 2787 1192 2812 et
1215 2791 1412 2823 quaecunque
1438 2781 1477 2812 dc
1502 2791 1555 2815 co,
1579 2779 1634 2820 qui

159 2825 262 2866 justus
287 2829 489 2868 existimatur,
514 2832 606 2872 paulo
634 2838 707 2864 ante
733 2834 859 2865 dicebat
887 2835 1023 2872 Glauco,
1049 2842 1240 2877 assequatur.
1276 2837 1432 2867 enimvero
1459 2834 1564 2876 glori-te
1591 2832 1637 2862 illi

166 2882 325 2922 praemium
351 2885 510 2927 quoddam
537 2886 569 2918 iu
596 2887 702 2929 primis
726 2888 893 2925 inducunt.
928 2901 998 2923 nam
1024 2890 1191 2923 inferentes
1217 2891 1356 2923 Deorum
1381 2887 1634 2932 approbationes,
