1840 3225
252 206 326 244 188
853 202 1120 245 PLATONIS
1622 208 1719 260 [528

250 307 379 339 tuitionis
393 307 490 350 gratia
505 307 662 350 quaeritur.
706 307 822 341 Gnu.
847 309 898 340 Sic
914 314 961 341 est
975 309 1115 340 omnino.
1162 309 1220 340 So.
1242 307 1294 340 An
1311 319 1373 340 non
1388 308 1469 341 istud
1485 319 1612 352 qnoque
1625 310 1718 341 nobis

252 366 301 394 est
312 362 574 394 concedendum?
620 362 735 394 GLAU.
760 363 871 400 Quid?
918 363 973 395 So.
998 363 1094 400 Quod
1118 363 1266 405 quaeritur
1280 364 1490 405 cognoscendi
1512 364 1594 395 illius
1611 364 1721 406 gratia,

252 416 338 458 quod
354 426 475 457 semper
490 420 557 455 est3
582 426 645 447 non
661 415 742 455 ejus,
755 417 843 458 ,quod
871 421 904 448 et
919 416 1017 448 oritur
1039 417 1230 458 quandoque
1252 423 1283 448 et
1300 417 1415 448 interit.
1458 417 1574 449 Gnan.
1598 418 1721 449 Conce-

252 470 391 501 dendum
407 470 513 511 plane.
537 480 608 501 nam
624 469 806 502 Geometria
829 470 910 511 ejus,
925 470 1009 511 qnod
1034 476 1081 501 est
1096 481 1230 512 semper,
1246 471 1388 512 cognitio
1403 477 1461 504 est.
1506 471 1561 503 So.
1585 471 1724 502 Attollet

251 523 357 564 igitur,
374 535 392 555 o
409 535 557 565 generose
573 524 630 561 vir,
646 524 687 555 ad
703 523 862 555 veritatem
879 524 1015 554 animum
1036 535 1042 553 :
1068 527 1163 565 atque
1187 524 1229 554 ita
1246 524 1284 554 ad
1303 524 1586 566 philosophandum
1602 536 1721 567 praepa-

251 576 332 608 rabit
356 578 594 619 cogitationem,
619 583 655 609 ut
680 579 720 608 ad
743 588 854 619 supera
877 582 1107 617 convertamus,
1121 588 1191 619 quae
1219 588 1315 614 nunc,
1331 584 1440 609 contra
1455 588 1547 619 quam
1563 579 1665 615 decet,
1681 581 1720 610 ad

249 630 397 662 inferiora
408 631 586 673 dejicimus.
634 631 751 664 GLAU.
776 631 880 668 Quam
899 630 1030 662 maxime
1044 631 1111 662 fieri
1128 636 1242 672 potest.
1288 631 1342 662 So.
1367 632 1469 669 Quam
1484 632 1612 663 maxime
1626 632 1723 674 igitur

250 685 497 727 praecipiendum
524 690 582 722 est,
607 690 643 716 ut
666 685 720 726 qui
747 684 1011 726 praeclarissimam
1037 685 1118 716 hanc
1146 685 1288 715 habitant
1313 685 1482 722 civitatem,
1506 685 1594 716 nullo
1624 686 1719 717 modo

251 738 463 770 Geometriam
490 745 649 781 spernant.
673 749 744 769 nam
771 743 804 770 et
829 748 900 779 quae
926 744 1038 779 praeter
1062 738 1161 780 ipsius
1187 739 1380 780 propositum
1404 739 1636 780 quodammodo
1652 750 1719 770 esse

248 792 407 829 videntur,
430 794 513 824 haud
540 794 650 834 exigua
677 798 760 824 sunt.
806 792 924 823 Gmu.
949 792 1088 829 Qualia?
1133 793 1188 824 So.
1213 794 1294 830 Quae
1322 798 1355 823 tu
1380 793 1461 825 circa
1485 803 1549 824 rem
1575 793 1718 824 bellicam

248 847 522 880 commemorabas.
554 847 670 879 scimus
694 846 770 887 quin
800 846 895 877 etiam
926 846 965 877 ad
997 846 1181 888 disciplinas
1210 857 1318 878 omnes
1346 847 1469 878 facilius
1498 846 1721 889 perdiscendas

247 899 399 932 interesse
425 901 564 937 omnino¹
592 900 770 942 attigeritne
797 900 1010 932 Geometriam
1035 901 1146 942 aliquis
1162 911 1201 932 an
1219 911 1294 933 non.
1338 901 1454 932 GLAu.
1477 900 1619 932 Prorsus.
1662 901 1719 932 So.

249 954 344 986 Hanc
367 966 440 997 ergo
457 954 630 986 doctrinam
654 955 792 986 secundo
808 954 878 985 loeo
895 954 1076 985 discendam
1096 955 1266 996 juvenibus
1281 960 1462 986 statuamus.
1508 953 1624 985 Gnau.
1646 955 1717 985 Sta-

248 1014 383 1041 tuamus.
429 1009 484 1040 So.
507 1008 560 1039 An
587 1008 678 1039 tertio
704 1008 736 1038 in
765 1007 835 1039 loco
862 1018 1013 1049 ponemus
1037 1007 1294 1039 Astronomiam?
1318 1009 1395 1051 quid
1421 1009 1553 1040 censes?
1599 1007 1716 1040 GLAU.

248 1063 436 1094 Ponendam
451 1063 610 1104 equidem.
634 1072 705 1093 nam
727 1061 917 1092 mutationes
939 1063 1255 1104 opportunitatesque
1271 1068 1444 1104 temporum
1462 1061 1628 1104 persentire
1651 1072 1715 1092 non

247 1117 349 1147 minus
365 1117 406 1147 rei
423 1116 545 1147 militari
562 1126 655 1157 quam
673 1115 869 1157 agriculturae
884 1116 1138 1158 navigationique
1155 1117 1314 1148 convenit.
1357 1117 1413 1148 So.
1437 1117 1539 1154 Quam
1555 1116 1658 1147 dulcis
1673 1115 1718 1146 vir

245 1181 291 1202 es.
315 1181 427 1212 nempe
443 1170 538 1201 vereri
553 1170 679 1206 videris,
697 1181 737 1201 ne
752 1169 842 1200 multi
858 1175 888 1201 te
904 1175 1019 1211 putent
1030 1170 1156 1201 inutiles
1172 1170 1523 1212 disciplinasinducere.
1546 1175 1594 1201 est
1607 1175 1710 1201 autem

246 1235 311 1255 non
327 1224 394 1255 leve
410 1224 505 1266 istud,
522 1224 577 1255 sed
592 1223 718 1254 difficile
733 1223 901 1254 admodum
919 1225 1117 1265 persuadere,
1130 1226 1213 1266 quod
1234 1235 1271 1255 ex
1283 1224 1462 1265 hujusmodi
1475 1223 1650 1265 disciplinis
1665 1223 1715 1254 in-

244 1283 448 1309 strumentum
464 1277 622 1319 quoddam
649 1276 804 1319 cujusque
821 1277 917 1308 animi
941 1284 1130 1319 expurgatur
1145 1278 1378 1319 reviviscitque,
1394 1278 1480 1320 quod
1506 1283 1578 1309 ante
1594 1289 1631 1308 ex
1647 1277 1716 1308 aliis

245 1331 357 1363 studiis
371 1332 520 1362 infectum
537 1337 791 1372 occaecatnmque
806 1331 907 1362 suerat
921 1343 928 1361 :
955 1342 1026 1363 cum
1050 1332 1155 1372 potius
1173 1333 1202 1362 id
1228 1333 1412 1362 servandum
1429 1333 1479 1368 sit,
1495 1342 1588 1373 quam
1604 1330 1713 1362 oculo-

243 1395 311 1416 rum
337 1385 473 1426 corporis
487 1386 595 1417 decem
621 1386 718 1416 milia.
741 1385 806 1417 solo
836 1386 918 1417 enim
943 1387 1002 1416 hoc
1020 1386 1188 1428 inspicitur
1214 1387 1335 1417 veritas.
1380 1386 1435 1417 Eis
1457 1397 1544 1427 ergo,
1559 1386 1728 1427 quiidem1

244 1439 304 1469 hoc
321 1438 472 1475 sentiunt,
501 1439 609 1469 mirum
625 1439 657 1470 in
674 1440 802 1470 modum
826 1440 906 1470 bene
922 1439 1007 1481 loqui
1034 1441 1210 1471 videberis:
1237 1441 1290 1481 qui
1308 1446 1412 1471 autem
1435 1440 1468 1470 id
1486 1450 1644 1481 nunquam
1658 1451 1713 1471 ex-

243 1492 431 1534 cogitarunt,
446 1493 556 1524 merito
572 1493 648 1523 nihil
665 1498 695 1524 te
711 1493 815 1525 dicere
831 1494 1071 1526 arbitrabuntur.
1094 1495 1186 1524 aliam
1203 1494 1285 1525 enim
1302 1494 1341 1524 ab
1357 1494 1432 1535 ipsis
1449 1494 1615 1525 utilitatem
1631 1494 1714 1524 aesti-

242 1546 380 1577 rnatione
396 1546 523 1587 dignam
540 1558 603 1577 non
620 1552 762 1578 cernunt.
786 1547 849 1579 Hic
864 1559 936 1589 ergo
954 1553 988 1579 tu
1011 1548 1139 1588 videris,
1156 1548 1231 1579 utris
1244 1547 1437 1589 potissimum
1455 1549 1553 1590 [528]
1569 1548 1713 1579 disseras.

242 1611 283 1631 an
300 1600 379 1631 forte
394 1611 465 1632 curn
481 1601 611 1637 neutris,
628 1612 732 1632 verum
750 1602 795 1632 tui
811 1602 908 1643 gratia
932 1602 1062 1633 maxime
1078 1603 1171 1633 verba
1186 1601 1263 1633 sacis
1278 1613 1284 1631 ε
1311 1611 1412 1643 neque
1430 1606 1532 1632 tamen
1549 1600 1610 1632 ulla
1628 1602 1710 1632 deti-

243 1655 325 1686 neris
342 1654 471 1692 invidia,
489 1655 514 1685 si
530 1655 599 1696 quis
617 1655 753 1697 aliquam
770 1667 806 1687 ex
822 1657 870 1687 his
885 1656 1049 1688 utilitatem
1067 1656 1228 1697 suscipiat.
1273 1655 1387 1687 GLAu.
1411 1655 1480 1686 Hoc
1496 1654 1601 1696 potius
1614 1655 1710 1697 eligo,

243 1708 306 1739 mei
322 1708 443 1740 scilicet
468 1709 566 1749 gratia
581 1710 613 1740 in
630 1710 741 1751 primis
758 1710 978 1752 interrogando
996 1716 1028 1742 et
1043 1710 1264 1751 respondendo
1280 1710 1440 1740 disserere.
1450 1709 1519 1740 So.
1535 1708 1714 1740 Retrocede

242 1773 316 1793 nam
339 1773 423 1794 nunc
452 1763 536 1793 haud
565 1768 660 1799 recte,
687 1764 774 1804 quod
802 1764 991 1795 Geometriae
1022 1765 1174 1800 succedit,
1200 1764 1391 1805 accepimus.
1436 1763 1554 1794 Gun-
1578 1762 1708 1800 Quare?

243 1816 301 1847 So.
325 1817 409 1854 Quia
426 1821 496 1857 post
524 1817 651 1858 planum
668 1818 771 1848 statim
789 1818 923 1848 solidum
946 1817 1037 1855 illud,
1053 1818 1137 1859 quod
1162 1817 1386 1853 circumfertur,
1411 1816 1606 1857 accepimus,
1619 1821 1711 1847 ante-

240 1880 334 1911 quam
349 1870 452 1910 ipsum
469 1871 642 1902 secundum
659 1882 691 1902 se
708 1871 810 1912 ipsum
827 1872 1173 1913 comprehenderemus.
1198 1871 1290 1902 decet
1305 1876 1409 1902 autem
1426 1870 1528 1901 statim
1544 1875 1616 1910 post
1630 1881 1707 1912 aug-

240 1929 379 1954 mentum
394 1925 567 1956 secundum
582 1925 705 1956 tertium
722 1937 844 1967 capere.
869 1932 917 1957 est
933 1931 1036 1957 autem
1060 1927 1118 1957 lxoc
1133 1925 1216 1957 circa
1230 1925 1380 1957 cuborum
1395 1929 1596 1966 augmentum
1612 1930 1708 1965 atque

237 1976 285 2012 id,
312 1978 398 2018 quod
427 1978 647 2019 profunditatis
672 1984 720 2010 est
743 1980 911 2022 particeps».
957 1979 1072 2011 GLAU·
1095 1980 1155 2011 Est
1180 1986 1274 2011 certe.
1320 1979 1383 2010 Sed
1410 1980 1490 2018 haec,
1517 1989 1536 2009 o
1551 1978 1708 2019 Socrates,

239 2031 378 2061 nondum
395 2037 516 2072 reperta
543 2032 697 2063 videntur.
743 2033 797 2064 So.
823 2033 926 2074 Hujus
953 2035 1024 2064 dua?
1053 2039 1126 2064 sunt
1152 2044 1276 2065 causae:
1301 2033 1386 2075 quod
1410 2032 1551 2066 videlicit
1565 2031 1650 2062 nulla
1673 2032 1706 2062 in

239 2083 368 2115 civitate
383 2085 450 2115 lime
465 2085 677 2116 honorantur:
702 2092 732 2117 et
749 2097 819 2117 cum
837 2087 966 2118 inventu
984 2088 1125 2118 difficilia
1143 2087 1216 2124 sint,
1235 2087 1319 2117 baud
1336 2086 1480 2117 ardenter
1502 2091 1703 2127 quaeruntur:

239 2142 271 2167 et
284 2137 337 2178 qui
353 2138 410 2167 ista
427 2138 620 2179 perquirunt,
636 2140 716 2171 duce
732 2140 887 2181 indigent,
904 2141 970 2171 sine
987 2151 1049 2182 quo
1067 2141 1193 2171 minime
1217 2140 1393 2181 reperirent.
1417 2150 1510 2181 quem
1524 2150 1591 2170 esse
1606 2139 1705 2180 primo

238 2191 366 2222 difficile
379 2196 425 2221 est
439 2203 445 2221 :
464 2191 591 2232 deinde,
605 2193 725 2223 etiamsi
741 2198 833 2233 essct,
845 2194 917 2224 dum
936 2199 1038 2225 tamen
1055 2194 1098 2224 ita
1114 2204 1145 2224 se
1163 2194 1292 2234 liabent,
1308 2199 1340 2223 ut
1355 2203 1450 2230 nunc,
1467 2193 1520 2235 qui
1531 2193 1598 2224 haec
1615 2193 1704 2223 inda-

239 2250 326 2285 gant,
342 2246 423 2275 fastu
434 2245 505 2275 elati
523 2255 718 2287 nequaquam
737 2254 891 2288 parerent.
937 2248 991 2278 Sin
1008 2253 1112 2278 autem
1130 2248 1241 2279 civitas
1258 2253 1322 2278 tota
1339 2247 1411 2277 huic
1426 2247 1512 2288 operi
1529 2246 1706 2288 praesideat,

239 2299 410 2331 honorifice
438 2299 498 2329 ista
524 2299 654 2347 ducens,
679 2306 711 2331 et
738 2301 787 2331 isti
811 2302 1073 2342 obtemperabunt
1095 2302 1236 2343 quidem,
1254 2306 1285 2331 et
1299 2301 1365 2331 liaec
1381 2300 1491 2332 sedulo
1505 2301 1706 2342 studioseque

236 2353 374 2384 discussa
391 2353 502 2383 clarius
518 2353 707 2386 emicabunt.
731 2355 850 2396 quippe
866 2357 958 2386 etiam
976 2367 1070 2392 nunc,
1087 2366 1269 2398 quanquam
1285 2361 1317 2386 et
1333 2354 1443 2396 vulgus
1457 2354 1518 2385 ista
1533 2355 1707 2386 contemnit

235 2411 268 2436 et
286 2407 440 2447 prohibet,
456 2408 556 2447 etqui
581 2407 647 2437 liaec
673 2414 913 2448 perscrutantur,
940 2419 1001 2450 qua
1025 2409 1143 2439 ratione
1171 2409 1262 2439 utilia
1276 2408 1348 2445 sint,
1363 2409 1527 2450 ignorant:
1554 2413 1657 2438 tamen
1672 2408 1703 2439 vi

237 2460 342 2500 gratim
371 2459 533 2500 cujusdam
562 2461 652 2501 vigen
703 2472 804 2502 neque
832 2462 952 2498 mirum,
982 2463 1006 2493 si
1033 2464 1100 2494 lime
1122 2463 1164 2492 ita
1181 2467 1392 2504 apparuerint.
1438 2461 1554 2494 GLAu.
1577 2461 1702 2503 Nempe

233 2514 318 2552 quod
346 2519 464 2554 gratum
493 2520 552 2554 est,
577 2515 609 2545 id
635 2515 839 2556 pret-cipum.
864 2518 917 2547 sed
947 2517 1019 2546 mihi
1037 2518 1189 2557 apertius,
1213 2527 1282 2558 quae
1306 2527 1388 2547 nunc
1405 2516 1542 2552 dicebas,
1556 2517 1701 2557 explana.

233 2566 383 2601 studium,
402 2568 485 2607 quod
502 2567 584 2599 circa
599 2568 726 2609 planum
744 2576 892 2607 versatur,
908 2570 1117 2601 Geometriam
1137 2572 1279 2602 vocabas.
1309 2571 1364 2601 So.
1380 2570 1549 2611 Equidem.
1577 2569 1695 2602 Guu.

234 2618 313 2649 Post
329 2620 539 2651 Geometriam
563 2622 713 2653 contiuuo
741 2623 974 2654 Astrouomiam
1004 2625 1165 2666 pont-bas:
1189 2626 1244 2655 sed
1264 2624 1357 2665 paulo
1383 2628 1455 2665 post
1470 2628 1549 2654 retro
1564 2623 1696 2654 retulisti

233 2673 359 2712 pedem.
403 2674 456 2703 So.
480 2674 656 2712 Enimvero,
673 2687 735 2718 quo
753 2678 849 2718 magis
874 2689 1018 2719 propero,
1042 2690 1080 2709 eo
1098 2679 1245 2719 pervenio
1262 2679 1367 2710 serior.
1390 2687 1462 2708 nam
1475 2687 1545 2708 curu
1563 2688 1632 2708 mox
1648 2677 1697 2708 iili

232 2727 413 2757 succederet
429 2727 559 2758 facultas
575 2729 640 2764 illa,
656 2740 725 2772 quoe
741 2732 780 2762 de
808 2738 975 2773 augmento
993 2732 1023 2762 in
1041 2733 1231 2774 profundum
1248 2732 1325 2774 agit,
1341 2731 1414 2772 quia
1439 2730 1604 2761 ridiculosa
1626 2731 1695 2771 ejus

230 2780 362 2810 habetur
387 2781 597 2823 investigatio,
624 2793 692 2814 eam
723 2790 927 2827 transgressus
957 2792 1029 2828 post
1055 2786 1266 2818 Geometriam
1294 2785 1524 2816 Astronomiam
1555 2785 1696 2825 protinus

229 2834 331 2875 attigi,
361 2845 431 2875 quae
459 2835 488 2864 in
518 2836 662 2876 profundi
693 2839 790 2879 ipsius
806 2840 973 2881 agitatione
990 2841 1143 2871 consistit.
1193 2841 1308 2872 GLAu.
1334 2839 1436 2870 Probe
1453 2838 1598 2878 loqueris.
1636 2837 1694 2870 So.

229 2884 311 2928 Ergo
327 2893 436 2929 quarto
452 2888 486 2919 in
514 2889 583 2921 luco
600 2900 752 2931 ponamus
778 2893 1022 2935 Astronomiam,
1039 2900 1186 2937 tanquam
1201 2895 1282 2926 adsit
1297 2903 1334 2925 ea
1361 2892 1507 2928 facult-s,
1523 2901 1585 2934 qua
1607 2902 1691 2924 nunc
