1840 3225
154 221 231 258 492
687 218 947 257 EPISTOLA
980 219 1070 257 VII.
1517 220 1612 271 [348

152 328 331 363 exspectare
358 332 376 352 a
401 321 507 352 Dione
528 331 727 363 responsum,
754 327 849 363 atque
864 331 966 353 rursus
982 323 1047 352 haec
1062 322 1131 362 ipsa
1147 321 1186 351 ad
1202 321 1291 352 illum
1305 321 1487 354 rescribere.
1512 326 1546 353 at
1558 322 1614 354 isse

152 380 224 416 post
239 377 331 407 nimis
347 376 496 406 audacter
519 375 744 416 patrimonium
765 374 880 406 Dionis
895 380 1009 412 totum,
1029 382 1146 416 quanto
1163 375 1256 406 libuit
1270 375 1383 416 pretio,
1400 382 1433 406 et
1447 385 1509 416 quo
1522 380 1618 417 pacto

153 429 220 460 haec
245 435 278 460 et
301 430 414 470 quibus
440 428 572 470 placuit,
590 429 746 461 vendidit.
769 429 845 459 mihi
861 439 934 459 vero
950 440 988 460 ea
1002 429 1042 459 de
1057 439 1090 459 re
1108 429 1237 459 verbum
1250 429 1379 460 omniuo
1393 429 1468 460 fecit
1480 429 1620 459 nullum

154 488 187 513 at
211 493 270 524 ego
294 483 440 514 similiter
461 483 591 524 posthac
607 482 646 513 de
660 493 692 513 re
710 482 822 513 Dionis
837 483 915 513 nihil
932 483 1062 514 ulterius
1080 483 1202 513 locutus
1217 493 1299 520 sum,
1315 482 1433 523 quippe
1450 492 1523 513 curn
1537 481 1618 512 nihil

153 536 288 577 amplius
312 547 363 567 me
391 536 604 576 profecturum
629 536 849 566 existimarem.
872 536 1025 567 hactenus
1053 538 1112 567 hac
1139 536 1259 566 ratione
1290 542 1322 566 et
1349 535 1556 576 philosophiae
1583 539 1616 566 et

153 590 262 620 amicis
288 589 436 620 auxilium
468 590 609 630 praestiti.
632 594 704 630 post
728 590 795 620 haec
824 595 929 620 autem
956 600 1016 631 ego
1031 595 1064 620 et
1092 589 1268 631 Dionysius
1281 590 1327 620 ita
1340 589 1488 628 viximus,
1502 596 1539 619 ut
1553 597 1614 629 ego

154 642 252 684 [348]
291 643 416 684 quidem
442 654 564 684 semper
592 648 683 674 extra
709 648 895 684 spectarem,
925 644 1013 684 quasi
1041 644 1106 674 avis
1136 644 1278 684 quaedam
1309 641 1455 673 alicunde
1484 642 1615 683 cupiens

153 697 278 727 evolare
294 708 300 726 z
324 697 379 727 ille
395 707 470 727 vero
486 696 623 732 assidue,
636 707 698 736 quo
710 701 803 737 pacto
819 707 866 726 me
882 697 1055 736 cohiberet,
1069 697 1315 736 machinaretur,
1327 697 1367 727 de
1380 695 1472 727 rebus
1483 695 1613 736 quidem

154 749 268 780 Dionis
297 750 473 781 concedens
494 750 584 780 nihil.
608 750 640 780 in
668 751 778 780 ceteris
801 754 907 780 tamen
922 751 1058 790 negotiis
1079 761 1135 792 per
1148 751 1324 781 universam
1341 749 1478 781 Siciliain
1494 749 1613 780 amicos

153 803 236 834 inter
250 814 308 834 nos
323 814 391 834 esse
406 804 594 835 fatebamur.
618 814 656 834 eo
672 808 775 834 autem
786 808 925 844 tempore
941 803 1113 846 Dionysius
1124 804 1283 834 veteranis
1294 803 1446 834 militibus
1458 802 1617 844 stipendia

152 856 292 888 minuere
306 858 451 894 tentavit,
469 862 579 898 praeter
594 857 732 896 parentis
748 857 1020 888 consuetudinem.
1044 857 1115 888 irati
1132 868 1204 888 vero
1215 858 1330 888 milites
1346 857 1379 887 in
1390 866 1488 887 unum
1498 866 1614 887 conve-

151 916 276 946 nerunt,
303 921 407 952 neque
430 911 465 941 id
490 920 523 941 se
552 910 738 940 toleraturos
763 910 1046 940 comminabantur.
1071 911 1176 952 itaque
1203 911 1272 947 ille,
1296 910 1413 940 clausis
1427 910 1505 940 arcis
1519 910 1616 951 ipsius

151 965 262 1004 portis,
287 964 431 995 coercere
456 963 529 994 illos
555 963 735 995 conabatur.
759 968 791 993 at
818 962 865 993 illi
887 968 1016 1004 repente
1033 963 1239 994 adventarunt
1254 963 1294 994 ad
1310 963 1432 999 moenia,
1447 963 1615 994 clamorem

151 1016 312 1058 quendam
324 1018 487 1048 barbarum
504 1027 539 1049 ac
555 1017 705 1047 bellicum
721 1016 913 1047 attollentes.
935 1027 998 1058 quo
1013 1023 1099 1048 metu
1117 1018 1301 1048 conterritus
1316 1016 1488 1058 Dionysius
1502 1021 1616 1048 cuncta

148 1070 212 1101 illis
234 1075 397 1107 consueta,
423 1076 518 1112 atque
541 1071 639 1101 etiam
663 1070 765 1110 plura,
790 1070 1021 1101 confluentibus
1044 1072 1107 1101 illis
1133 1071 1298 1102 concessit.
1321 1080 1423 1101 rumor
1437 1075 1541 1100 autem
1556 1069 1618 1101 fuit

150 1123 350 1155 Heraclidem
361 1125 516 1155 tumultus
527 1124 627 1155 omnis
637 1133 692 1154 cau
698 1134 764 1154 sam
777 1124 946 1156 exstitisse.
969 1125 1053 1165 quod
1067 1125 1254 1157 Heraclides
1269 1124 1396 1165 quidem
1407 1122 1617 1164 praesentiens

148 1179 229 1209 clam
244 1179 347 1219 fugam
364 1179 511 1219 arripuit.
557 1178 733 1219 Dionysius
749 1187 836 1218 vero,
846 1188 917 1208 cum
927 1178 1020 1209 illum
1032 1189 1144 1220 capere
1158 1180 1323 1210 affectaret
1333 1187 1436 1218 neque
1446 1176 1615 1217 inveniret,

146 1230 346 1262 Tlieodotem
360 1231 401 1262 ad
413 1242 446 1262 se
462 1232 497 1262 in
512 1232 617 1261 hortos
633 1231 806 1262 accersivit.
830 1242 915 1262 eram
926 1232 1006 1263 forte
1021 1240 1096 1264 tunc
1111 1239 1144 1264 et
1155 1233 1264 1274 ipsein
1277 1233 1374 1264 hortis
1384 1229 1619 1272 perambulans-

146 1289 251 1316 cetera
265 1285 404 1326 quidem,
416 1295 486 1326 quae
502 1285 667 1315 interillos
684 1290 816 1316 tractata
832 1291 916 1322 sunt,
933 1297 1035 1327 neque
1048 1288 1114 1318 scio
1129 1298 1248 1329 neque,
1263 1287 1336 1318 dum
1347 1288 1613 1327 colloquerentur,

146 1338 270 1369 audivi:
295 1338 352 1369 sed
367 1349 436 1379 quae
451 1349 502 1369 me
519 1345 674 1379 praesente
689 1339 792 1379 inquit
806 1339 968 1381 Dionysio
982 1341 1175 1377 Theodotes,
1191 1346 1225 1371 et
1238 1341 1314 1372 novi
1342 1347 1374 1372 et
1394 1339 1536 1372 memini.
1581 1337 1611 1368 O

146 1391 252 1433 Plato,
277 1392 333 1433 ait,
360 1392 517 1433 Dionysio
543 1393 658 1423 suadeo
684 1392 766 1429 huic,
783 1394 809 1423 si
826 1394 1027 1424 Heraclidem
1042 1396 1104 1426 huc
1120 1395 1275 1426 adducere
1291 1399 1416 1436 potero,
1432 1392 1614 1425 criminibus

144 1443 178 1473 in
194 1455 226 1474 se
243 1445 354 1476 delatis
368 1456 588 1486 responsurum
605 1457 611 1475 ε
636 1456 673 1476 ac
690 1446 716 1475 si
731 1446 810 1476 nolit
824 1446 941 1477 deinde
957 1458 1029 1478 eum
1055 1448 1232 1490 Dionysius
1246 1448 1279 1477 in
1294 1448 1404 1478 Sicilia
1415 1454 1612 1488 permanere,

146 1498 258 1529 saitem
280 1499 440 1539 permittat
454 1509 582 1529 uxorem
598 1499 759 1539 filiumque
776 1500 934 1541 suscipere
948 1506 1043 1540 atque
1065 1501 1096 1531 in
1121 1500 1378 1541 Peloponnesum
1390 1500 1488 1535 abire,
1504 1498 1612 1538 ibique

146 1551 301 1593 habitare,
323 1553 403 1583 nihil
432 1553 477 1583 ibi
504 1553 688 1583 molientem
717 1559 826 1583 eontra
851 1553 1042 1596 Dionysium
1068 1560 1100 1585 et
1123 1555 1290 1599 bonorurffl
1307 1564 1377 1594 quae
1394 1553 1444 1584 hic
1460 1551 1613 1593 possidet,

143 1604 265 1635 fructus
278 1605 515 1646 percipientem.
529 1606 586 1636 hac
602 1616 675 1646 ergo
689 1606 804 1636 fiducia
819 1606 1022 1637 Heraclidem
1031 1608 1100 1649 jam
1117 1608 1234 1638 vocavi*
1242 1614 1335 1649 atque
1350 1608 1468 1638 iterum
1477 1606 1612 1636 vocabo.

145 1658 211 1688 sive
226 1659 321 1699 igitur
336 1669 375 1689 ex
389 1658 488 1700 prima
500 1660 663 1689 vocatione
675 1660 743 1690 sive
758 1670 799 1690 ex
814 1662 952 1691 secunda
967 1662 1028 1692 huc
1051 1662 1104 1692 ille
1119 1662 1254 1702 venerit,
1269 1672 1342 1692 cum
1358 1660 1511 1702 Dionysio
1535 1668 1611 1690 con·

144 1711 313 1743 stituebam
336 1713 557 1754 rogabamque,
586 1724 626 1743 ne
649 1713 724 1753 quid
749 1715 825 1744 mali
852 1714 1014 1745 Heraclidi
1041 1715 1191 1746 inferatur
1214 1716 1264 1746 vel
1289 1721 1375 1746 extra
1390 1714 1500 1745 urbem
1513 1714 1563 1744 vel
1579 1713 1613 1743 in

144 1766 221 1796 urbe
235 1777 241 1795 :
279 1771 401 1797 tantum
424 1777 511 1802 vero,
548 1767 574 1797 si
600 1767 767 1808 videbitur,
795 1772 885 1798 extra
915 1768 993 1798 fines
1025 1769 1176 1808 mittatur,
1205 1769 1306 1800 donec
1337 1768 1427 1799 aliter
1455 1766 1611 1809 Dionysio

143 1819 295 1851 videatur.
312 1821 388 1856 haec,
405 1821 517 1861 inquit,
533 1831 552 1851 o
567 1820 714 1862 Dionysi,
729 1821 943 1851 concedisne?
968 1822 1119 1857 concedo,
1136 1822 1318 1863 respondit:
1343 1831 1445 1862 neque
1459 1821 1567 1860 etiam,
1583 1819 1611 1851 si

143 1873 268 1913 qua-ndo
284 1874 317 1905 in
333 1875 454 1904 aedibus
469 1874 533 1905 tuis
547 1879 707 1915 appareat,
722 1874 811 1904 aliud
827 1874 995 1915 quicquam
1010 1876 1084 1906 mali
1099 1886 1167 1907 esse
1182 1885 1357 1916 passurum.
1381 1874 1525 1915 sequenti
1537 1883 1611 1904 vero

142 1926 196 1956 die
220 1927 250 1957 in
277 1928 347 1968 ipso
373 1929 562 1968 crepusculo
585 1928 742 1969 Eurybius
758 1933 792 1958 et
817 1929 997 1960 Theodotes
1012 1929 1053 1960 ad
1067 1940 1114 1960 me
1130 1930 1242 1959 mirum
1253 1929 1287 1959 in
1301 1928 1429 1960 modum
1448 1927 1610 1969 perterriti

144 1981 358 2012 convolarunt.
381 1982 612 2022 confestimque
627 1981 820 2017 Theodotes,
848 1982 876 2012 O
893 1982 1000 2018 Plato,
1015 1983 1132 2024 inquit,
1148 1983 1266 2013 affuisti
1280 1983 1349 2013 heri
1363 1981 1609 2018 conditionibus,

144 2034 176 2064 in
194 2035 307 2075 quibus
323 2037 362 2066 de
374 2035 546 2066 Heraclide
563 2035 738 2077 Dionysius
750 2046 874 2066 mecum
888 2042 1053 2078 tecumque
1065 2037 1223 2068 convenit.
1247 2037 1482 2078 affui,inquam.
1508 2035 1607 2078 [349]

144 2092 177 2118 at
204 2088 270 2124 ille,
300 2100 397 2125 nunc,
424 2090 537 2130 inquit,
569 2089 750 2120 discurrunt
772 2090 925 2121 satellites
953 2090 993 2120 ad
1021 2091 1225 2122 Heraclidem
1254 2090 1584 2132 comprehendendum
1599 2101 1608 2120 ε

143 2146 238 2182 atque
263 2143 437 2182 periculum
460 2147 520 2177 est,
536 2152 576 2172 ne
592 2143 646 2172 ille
663 2153 761 2183 prope
779 2143 895 2174 alicubi
910 2144 962 2175 sit.
985 2154 1115 2184 sequere
1143 2155 1217 2185 ergo
1229 2144 1390 2176 nobiscum
1406 2143 1491 2174 omni
1504 2142 1609 2174 studio

145 2195 186 2226 ad
206 2195 406 2237 Dionysium.
428 2196 541 2226 ivimus
570 2195 699 2236 itaque:
725 2200 757 2225 et
782 2196 919 2236 ingressi
944 2198 983 2227 ad
1006 2198 1184 2237 ipsum,illi
1199 2198 1329 2238 quidem
1343 2197 1469 2228 silentio
1479 2196 1607 2227 stabant

144 2248 358 2281 lacrimantes.
380 2260 440 2290 ego
454 2259 525 2279 vero
541 2248 680 2289 inquam,
696 2254 842 2279 verentur
855 2250 896 2285 hi,
912 2249 1057 2292 Dionysi,
1073 2261 1112 2280 ne
1128 2241 1177 2289 tu,
1194 2256 1303 2281 contra
1317 2260 1412 2292 quam
1438 2250 1507 2280 heri
1530 2259 1608 2280 cou-

144 2303 278 2339 venerit,
303 2303 377 2333 novi
399 2303 565 2344 quicquam
594 2312 667 2343 agas
697 2302 843 2333 adversus
866 2303 1080 2334 Heraclidem.
1103 2314 1176 2334 nam
1204 2304 1330 2335 videtur
1342 2304 1398 2334 ille
1413 2303 1490 2335 mihi
1505 2313 1604 2345 prope

144 2356 259 2387 alicubi
275 2356 441 2387 divertisse
457 2356 686 2396 manifesteque
703 2356 824 2387 adesse.
870 2356 1043 2398 Dionysius
1067 2368 1141 2388 vero
1157 2358 1206 2389 liis
1222 2358 1337 2388 auditis
1351 2358 1464 2388 exarsit
1483 2357 1516 2388 in
1531 2357 1607 2393 iras,

140 2409 174 2440 in
189 2410 351 2451 variosque
369 2421 402 2440 se
417 2411 550 2440 mutavit
564 2410 695 2446 colores,
710 2410 820 2451 quales
836 2410 880 2440 ira
903 2411 1067 2441 consuevit
1095 2412 1217 2442 afferre.
1240 2419 1273 2442 et
1297 2411 1490 2448 Theodotes‚
1516 2412 1608 2452 apud-

142 2463 242 2503 pedes
267 2463 335 2504 ejus
349 2465 568 2504 procumbenS,
584 2474 678 2494 manu
693 2464 760 2505 ejus
781 2465 979 2504 apprehensa
1003 2466 1111 2496 multis
1139 2476 1210 2497 cum
1225 2465 1375 2503 lacrimis,
1388 2475 1427 2496 ne
1444 2465 1522 2506 quid
1536 2465 1609 2496 tale>

141 2516 269 2553 faceret,
286 2516 522 2558 deprecabatur.
547 2523 620 2548 tunc
637 2527 699 2558 ego
712 2528 890 2548 sermonem
905 2519 1092 2559 suscipiens,
1108 2529 1180 2549 eum
1197 2520 1425 2555 consolaturus,
1450 2519 1543 2550 Bono
1558 2518 1605 2549 sis

142 2571 258 2606 animo,
275 2571 412 2611 inquam¹
429 2582 448 2602 o
473 2570 668 2602 Theodotes.
690 2581 753 2601 non
769 2572 854 2602 enim
870 2572 961 2602 aliter
976 2572 1079 2603 facere
1095 2573 1192 2603 audet
1219 2572 1408 2614 Dionysius»,
1424 2582 1520 2613 quam
1535 2571 1605 2603 beri

140 2624 293 2664 promisit.
315 2629 348 2654 at
368 2624 554 2666 DionysiuS,
581 2625 748 2666 tyrannico
771 2624 900 2655 nimium
927 2626 1016 2656 vultu
1030 2635 1078 2656 me
1094 2626 1240 2660 intuitus.
1255 2626 1324 2661 tibi,
1340 2625 1454 2666 inquit,
1471 2625 1602 2666 promisi

140 2677 230 2713 nihil,
255 2678 319 2708 sive
342 2688 492 2718 magnum
521 2678 586 2708 sive
613 2689 753 2718 parvum.
776 2679 872 2710 immo
898 2689 971 2710 vero
998 2689 1053 2720 per
1069 2678 1167 2714 Deos,
1186 2680 1323 2720 inquam,
1342 2679 1520 2720 promisisti,
1536 2688 1601 2709 non

139 2730 294 2761 facturum
319 2735 351 2760 te
378 2731 444 2761 hoec
461 2732 539 2771 ipsa,
556 2741 625 2772 quae
643 2743 725 2763 nunc
741 2743 780 2762 ne
797 2732 896 2763 facias
912 2733 968 2763 iste
985 2733 1184 2773 deprecatur.
1207 2733 1274 2763 haec
1290 2742 1349 2773 ego
1365 2732 1490 2763 locutus
1511 2741 1598 2772 egre-

140 2783 217 2814 dior.
240 2788 311 2824 post
325 2784 390 2815 liaec
404 2784 579 2826 Dionysius
595 2786 720 2826 quidem
738 2786 939 2817 Heraclidem
955 2797 1067 2827 capere
1083 2786 1274 2817 conabatur:
1297 2785 1478 2817 Tlieodotes
1492 2790 1601 2816 autem

139 2838 206 2867 haec
228 2848 285 2878 per
307 2838 434 2868 nuntios
462 2838 506 2868 illi
533 2839 724 2879 significans,
755 2845 789 2870 ut
815 2840 917 2881 fugam
942 2840 1104 2881 arriperet,
1127 2839 1300 2870 admonuit.
1322 2838 1447 2869 miserat
1470 2838 1601 2879 quidem

137 2891 311 2934 Dionysius
323 2897 356 2923 et
368 2892 483 2923 Tisiam
500 2893 656 2932 quendam
669 2903 742 2924 cuin
759 2894 959 2929 satellitibus,
979 2893 1093 2934 jubens
1112 2893 1226 2935 passim
1243 2891 1445 2924 Heraclidem
1461 2891 1599 2933 insequi.
