1840 3225
181 176 281 229 768]
638 175 711 214 DE
742 175 970 214 LEGIBUS
1003 176 1102 216 LIB.
1133 176 1203 216 Vl.
1579 178 1655 215 355

181 290 306 312 ornnem
333 290 470 322 namque
494 279 710 322 magistratum
737 289 864 311 necesse
892 284 940 310 est
965 280 1160 321 quorundam
1187 281 1283 312 etiam
1309 290 1379 311 esse
1399 278 1551 321 judicem.
1576 289 1644 310 non

180 338 285 366 tamen
305 334 403 376 judex
419 335 519 366 omnis
546 334 723 365 necessario
753 339 802 364 est
826 333 1024 374 magistratus
1049 340 1082 365 et
1110 335 1279 376 prinecps:
1305 344 1483 376 quanquam
1494 333 1594 375 judex
1610 343 1649 364 ea

179 387 243 425 die,
261 400 323 431 qua
343 389 496 432 judicium
521 389 652 430 peragit,
683 387 916 429 quodammodo
946 388 1142 428 magistratus
1173 394 1222 419 est
1247 399 1309 420 non
1325 389 1407 419 vilis.
1430 388 1534 429 igitur,
1559 387 1648 429 quasi

172 442 296 484 judices
311 444 372 485 ipsi
384 444 583 485 magistratus
605 441 705 483 aliqui
730 442 802 477 sint,
819 440 858 472 de
884 441 933 471 his
952 441 1031 483 jam,
1061 443 1115 483 qui
1139 452 1331 484 quarumque
1351 453 1454 474 rerum
1479 448 1511 473 et
1524 447 1600 483 quot
1614 442 1649 472 in

176 507 363 539 unaquaque
389 507 422 528 re
446 507 514 528 esse
539 496 686 532 debeant,
704 495 901 526 disseramus.
925 496 1180 536 augustissimum
1203 503 1288 527 certe
1310 497 1467 538 judicium
1491 496 1544 532 sit,
1560 495 1648 537 quod

177 551 306 582 sibimet
318 552 413 593 aliqui
438 550 658 592 praefecerunt,
688 550 845 581 communi
867 559 1023 580 consensu
1047 550 1191 590 judicem
1208 551 1372 592 eligentes.
1394 549 1512 591 reliqua
1522 549 1647 590 judicia

177 605 240 637 duo
253 605 328 636 sint.
349 605 489 640 alterum,
503 603 630 646 quando
655 604 796 645 privatus
824 603 968 645 injuriam
994 614 1013 634 a.
1033 605 1155 645 privato
1181 605 1247 645 pati
1271 605 1482 645 conqueritur,
1509 615 1644 645 eumque

177 658 211 690 in
231 658 388 700 judicium
413 658 528 689 trahit:
554 658 697 694 alterurn,
721 657 848 699 quando
873 658 1054 699 reipublicae
1081 658 1232 700 injuriam
1259 668 1277 689 a
1302 659 1416 689 civium
1446 658 1553 699 aliquo
1580 658 1649 689 fieri

174 711 338 743 arbitratus
353 712 466 753 aliquis
492 712 711 743 communibus
737 713 832 743 rebus
858 713 1002 743 auxiliari
1030 719 1171 744 conatur.
1195 713 1366 744 dicendum
1382 718 1431 743 est
1444 712 1551 753 igitur,
1569 722 1648 754 quos

173 771 208 798 et
221 767 332 807 quales
344 765 468 807 judices
484 776 553 798 esse
576 772 731 809 oporteat.
753 768 886 808 primum
906 767 1064 809 judicium
1086 777 1252 798 commune
1269 767 1414 797 omnibus
1432 766 1573 808 privatiS,
1589 766 1646 807 qui

174 821 268 851 tertio
293 820 376 852 inter
398 831 432 852 se
462 822 599 862 litigant,
630 822 675 852 ita
704 821 778 852 fiat:
805 831 915 852 omnes
944 822 1154 863 magistratus,
1183 827 1249 852 tam
1276 822 1370 852 annui
1397 830 1492 862 quam
1519 819 1649 862 majoris

174 868 335 916 temporis,
347 875 450 917 pridie
473 875 626 906 kalendas
650 876 768 906 mensis
790 876 885 911 illius,
899 887 962 917 quo
984 884 1057 917 post
1071 876 1215 906 aestivum
1237 876 1403 906 solstitium
1419 885 1520 905 novus
1533 874 1652 915 incipit

175 938 286 966 annm,
313 929 346 960 in
372 929 525 971 templum
550 940 648 960 unum
680 930 880 961 conveniant.
914 930 968 960 ubi
1003 929 1211 971 jurejurando
1242 929 1439 971 interposito,
1469 939 1490 960 a
1515 929 1648 969 singulis

175 982 407 1024 magistratibus
431 984 530 1014 veluti
554 984 705 1025 quasdam
735 983 806 1014 Deo
833 983 986 1024 primitias
1013 983 1190 1020 offerentes,
1207 994 1304 1013 unum
1323 982 1463 1025 judicem
1490 982 1646 1022 deligant,

175 1036 229 1078 qui
242 1037 380 1078 optimus
394 1048 464 1068 esse
486 1042 519 1068 et
542 1038 660 1079 optime
686 1047 780 1080 atque
809 1038 1005 1069 sanctissime
1027 1038 1150 1080 judicia
1164 1038 1220 1068 illo
1237 1048 1320 1068 anno
1335 1037 1512 1068 redditurus
1528 1036 1648 1067 civibus

175 1090 330 1123 videatur.
353 1101 390 1123 ac
405 1096 573 1134 postquam
593 1092 720 1134 judices
745 1092 901 1134 designati
927 1098 1010 1129 sunt,
1027 1092 1066 1122 ab
1082 1092 1212 1128 eisdem,
1229 1092 1282 1133 qui
1297 1091 1513 1133 designarunt,
1531 1090 1649 1132 singuli

175 1145 435 1186 comprobentur:
460 1153 495 1178 et
524 1147 548 1177 si
577 1146 648 1188 quis
672 1148 859 1188 reprobatus
887 1147 993 1183 fuerit,
1006 1147 1085 1177 alius
1112 1146 1256 1177 similiter
1282 1147 1427 1187 eligatur.
1451 1145 1648 1186 comprobati

174 1199 250 1235 illis,
268 1201 322 1241 qui
336 1210 392 1242 per
418 1200 633 1242 praecedentia
655 1201 849 1234 reconciliati
875 1211 938 1232 non
965 1207 1049 1237 sunt,
1060 1201 1182 1243 judicia
1202 1200 1338 1231 reddant
1366 1206 1398 1231 et
1413 1207 1522 1241 aperte
1539 1199 1650 1230 suffra-

174 1254 258 1295 gium
286 1254 400 1292 ferant,
430 1255 630 1286 audientibus
660 1256 938 1297 spectantibusque
967 1256 1143 1287 necessario
1181 1256 1410 1286 consultoribus
1450 1253 1646 1295 reliquisque

174 1308 416 1350 magistratibus,
429 1310 485 1351 qui
500 1321 553 1340 eos
568 1309 819 1342 declaraverunt.
843 1310 883 1340 de
899 1311 1011 1341 ceteris
1026 1316 1130 1340 autem
1145 1309 1269 1340 intersit
1283 1320 1340 1351 pro
1356 1308 1483 1339 arbitrio
1500 1308 1648 1349 quisque.

173 1362 261 1404 quod
284 1364 312 1394 si
336 1364 407 1405 quis
434 1364 571 1405 aliquem
600 1363 748 1404 injustam
779 1371 890 1405 sponte
919 1365 1109 1395 sententiam
1138 1364 1248 1395 tulisse
1275 1364 1408 1399 incuset,
1425 1361 1511 1404 apud
1541 1362 1647 1402 legum

173 1418 322 1448 custodes
348 1419 407 1449 hoc
432 1418 547 1449 faciat:
573 1422 606 1449 et
631 1419 685 1459 qui
712 1418 876 1449 damnatus
903 1419 1010 1455 fuerit,
1027 1418 1195 1450 dimidiam
1220 1419 1327 1448 damni
1355 1423 1478 1458 partem
1502 1416 1649 1459 injuriam

172 1480 266 1512 passo
279 1472 450 1513 persolvat.
472 1472 498 1502 si
524 1477 630 1504 autem
656 1474 776 1503 mulcta
802 1473 916 1514 dignus
937 1473 1053 1515 majore
1078 1473 1244 1503 videatur:
1266 1472 1393 1514 judices
1407 1472 1481 1513 ipsi,
1498 1471 1554 1512 qui
1570 1481 1648 1501 con-

172 1526 373 1567 demnarunt,
388 1526 466 1569 quid
492 1532 548 1557 aut
561 1527 629 1569 pati
659 1533 713 1557 aut
727 1527 859 1558 reddere
886 1528 992 1564 debet,
1021 1528 1072 1558 vel
1094 1527 1277 1570 reipublicae
1301 1527 1351 1557 vel
1369 1526 1515 1568 injuriam
1539 1535 1643 1566 passo,

173 1585 373 1622 cognoscant.
395 1581 430 1611 in
444 1581 578 1622 publicis
602 1586 705 1612 autern
735 1582 989 1613 accusationibus
1010 1592 1141 1613 necesse
1166 1586 1214 1612 est
1241 1581 1383 1623 inprimis
1410 1579 1648 1611 multitudinem

170 1633 288 1675 judicii
303 1635 489 1676 participem
511 1636 625 1667 facere.
653 1636 749 1676 [768]
773 1647 845 1667 nam
873 1636 998 1677 quando
1025 1637 1172 1666 adversus
1189 1637 1352 1666 civitatem
1367 1640 1527 1676 peccatur,
1545 1635 1646 1664 omni-

176 1688 234 1719 bus
249 1689 382 1720 infertur
405 1689 531 1731 injuria.
553 1691 687 1731 ideoque
719 1691 832 1721 merito
863 1691 999 1732 graviter
1028 1690 1198 1731 patiuntur,
1225 1690 1287 1720 nisi
1316 1688 1357 1718 ad
1368 1687 1573 1730 judicandum
1588 1687 1652 1728 ipsi

175 1743 270 1774 etiam
289 1744 504 1775 admittantur.
527 1745 584 1775 sed
609 1749 643 1775 et
670 1745 862 1786 principium
882 1744 997 1786 judicii
1019 1744 1113 1786 hujus
1130 1750 1163 1775 et
1189 1744 1260 1774 finis
1286 1743 1399 1773 deferri
1425 1741 1466 1772 ad
1492 1742 1647 1783 populum

175 1796 282 1834 debet,
310 1808 443 1829 examen
473 1803 578 1830 autem
606 1804 639 1829 et
667 1799 851 1840 approbatio
887 1799 928 1829 ad
958 1805 1021 1829 tres
1047 1799 1200 1829 maximos
1231 1798 1439 1839 magistratus,
1468 1796 1508 1826 de
1537 1796 1651 1838 quibus

175 1853 365 1883 conveniant
396 1853 566 1893 litigantes.
608 1858 642 1883 at
670 1853 696 1883 si
725 1853 892 1884 convenire
929 1859 1100 1895 nequeant,
1130 1853 1294 1884 consilium
1325 1853 1430 1893 ipsum
1459 1851 1647 1882 electionem

175 1906 334 1948 utriusque
363 1913 532 1948 cognoscat
559 1915 591 1938 et
610 1907 744 1949 judicet.
767 1914 891 1948 oportet
920 1914 1075 1949 praeterea
1104 1908 1296 1949 privatorum
1321 1905 1511 1947 judiciorum
1538 1915 1649 1936 omnes

175 1969 231 2000 pro
245 1960 363 1991 viribus
385 1961 555 2002 participes
578 1971 658 1992 esse.
680 1972 755 1992 nam
778 1962 832 2003 qui
848 1972 868 1993 a
891 1961 1057 2003 judicandi
1084 1966 1241 2003 potestate
1257 1961 1385 1992 omnino
1400 1960 1574 2001 repellitur,
1591 1960 1618 1990 is
1633 1970 1653 1990 a

175 2013 304 2045 civitate
317 2025 351 2045 se
367 2025 491 2056 prorsus
503 2015 662 2047 existimat
676 2016 825 2047 alienum.
849 2017 897 2047 his
912 2017 953 2048 de
976 2017 1078 2048 causis
1093 2027 1149 2058 per
1162 2016 1250 2057 ipsas
1265 2025 1390 2056 quoque
1407 2014 1442 2045 tri
1449 2016 1502 2045 bus
1515 2024 1646 2044 necesse

175 2072 226 2099 est
233 2067 356 2111 judicia
378 2069 455 2106 fieri,
476 2069 667 2112 judicesque
689 2078 772 2102 sorte
794 2071 898 2103 statim
924 2072 1121 2112 incorruptos
1136 2070 1283 2112 precibus
1292 2069 1447 2112 judicare.
1471 2073 1504 2100 et
1519 2067 1649 2098 demum

169 2120 328 2162 judicium
354 2122 436 2153 illud
463 2129 579 2155 cuncta
603 2123 745 2160 definiat,
774 2125 857 2166 quod
883 2125 1102 2156 intemeratum
1133 2123 1273 2160 omnint),
1303 2123 1407 2165 quoad
1434 2122 1578 2152 humanis
1615 2122 1650 2152 in

174 2175 267 2207 rebus
282 2176 347 2208 lieri
361 2182 476 2219 potest,
490 2187 560 2209 esse
587 2177 702 2209 debere
727 2178 874 2216 diximus,
891 2180 930 2210 ad
961 2190 1016 2210 eas
1041 2180 1114 2210 lites
1141 2177 1408 2212 determinandas.
1436 2188 1506 2219 quae
1520 2187 1580 2207 nec
1595 2186 1652 2216 per

175 2229 298 2262 vicinos
313 2241 416 2273 neque
433 2243 489 2273 per
509 2233 700 2264 contribules
715 2233 817 2264 dirimi
831 2239 1011 2275 potuerunt.
1037 2244 1142 2265 verum
1157 2233 1197 2264 de
1205 2232 1348 2276 judiciiS
1363 2243 1432 2274 quae
1448 2231 1650 2271 magistratus

177 2293 246 2315 esse
260 2295 320 2316 nec
335 2285 484 2318 affirmare
499 2297 557 2318 nec
572 2297 687 2329 negare
714 2288 809 2319 facile
826 2289 892 2319 sine
918 2289 1129 2320 controversia
1145 2289 1309 2330 quisquam
1326 2287 1456 2328 poterit,
1473 2287 1538 2316 lioec
1561 2285 1652 2327 quasi

178 2338 314 2369 exterius
328 2339 540 2371 circumducta
566 2339 736 2383 descriptio
761 2344 913 2374 nonnulla
929 2344 1093 2384 complexa
1125 2349 1184 2379 est,
1200 2343 1355 2373 nonnulla
1378 2341 1475 2372 etiam
1489 2339 1651 2380 reliquisse

176 2391 310 2423 videtur.
332 2402 404 2424 nam
415 2393 610 2436 judicialium
625 2396 732 2437 legum
755 2406 868 2429 exacta
883 2398 996 2439 positio
1011 2402 1105 2439 atque
1122 2397 1249 2439 partitio
1265 2397 1357 2437 longe
1379 2396 1492 2426 rectius
1512 2394 1546 2424 in
1560 2394 1648 2424 calce

178 2444 377 2477 ferendarum
392 2447 499 2489 legum
523 2449 688 2481 locabitur.
709 2461 804 2492 quare
830 2453 870 2483 ad
893 2453 980 2483 idem
993 2457 1119 2493 tempus
1146 2453 1202 2481 has
1218 2450 1410 2481 differamus.
1434 2450 1530 2480 ceteri
1545 2454 1652 2479 autem

178 2499 375 2541 magistratus
388 2502 524 2534 maxima
543 2502 609 2543 jam
625 2514 665 2534 ex
680 2510 769 2546 parte
797 2505 941 2547 dispositi
965 2511 1050 2538 sunt.
1072 2511 1139 2537 tota
1159 2515 1233 2536 vero
1249 2510 1342 2546 atque
1357 2504 1498 2546 perfecta
1513 2503 1652 2534 civilium

178 2554 386 2596 dispensatio,
402 2557 467 2587 sive
483 2556 525 2587 ad
552 2568 651 2589 unum
673 2559 738 2590 sive
754 2561 794 2590 ad
821 2571 930 2592 omnes
953 2561 1118 2602 pertineat,
1135 2570 1198 2590 non
1224 2566 1319 2590 antea
1347 2556 1470 2600 liquido
1499 2557 1650 2588 declarari

178 2609 307 2649 poterit,
321 2620 417 2651 quam
437 2611 581 2642 tractatio
603 2614 683 2653 ipsa,
700 2614 854 2655 principia
879 2621 914 2646 et
939 2615 1116 2656 sequentia,
1130 2613 1238 2645 media
1262 2623 1435 2654 omnesque
1464 2618 1567 2654 partes
1581 2621 1653 2641 suas

178 2664 354 2704 complexa,
369 2665 409 2695 ad
436 2665 558 2696 exitum
581 2677 679 2707 usque
705 2669 894 2708 pervenerit.
916 2680 986 2711 quae
1003 2668 1133 2711 quidem
1157 2669 1188 2698 iu
1214 2667 1381 2709 praesentia
1407 2678 1505 2708 usque
1528 2666 1568 2696 ad
1583 2675 1649 2696 ma-

179 2716 360 2757 gistratuum
376 2721 567 2751 creationem
592 2731 769 2763 progressa,
786 2727 820 2753 ut
847 2724 1107 2755 antecedentium
1135 2723 1205 2752 finis
1236 2722 1394 2753 sufficiens
1409 2727 1468 2757 est,
1485 2721 1527 2752 ita
1543 2721 1645 2751 feren-

182 2769 289 2802 darum
318 2773 423 2814 legum
450 2775 667 2816 principium:
707 2787 766 2807 nec
800 2787 918 2808 moram
947 2783 1002 2808 aut
1030 2777 1197 2818 segnitiem
1227 2777 1362 2817 amplius
1396 2776 1523 2817 patitur.
1570 2774 1648 2804 Cu.

186 2823 337 2862 Quamvis
361 2828 521 2870 superiora
549 2829 654 2860 omnia
681 2840 720 2860 ex
750 2830 854 2862 animo
884 2842 953 2862 meo
980 2832 1109 2868 dixeris,
1124 2832 1248 2872 hospes,
1273 2831 1372 2861 multo
1400 2835 1504 2859 tamen
1530 2827 1647 2867 gratius

181 2879 215 2909 in
245 2881 409 2921 praesentia
435 2883 513 2915 mihi
541 2883 575 2915 id
606 2884 749 2926 contigit,
779 2886 864 2927 quod
895 2896 966 2917 cum
997 2885 1151 2919 dictorum
1179 2885 1265 2918 exitu
1292 2883 1494 2917 dicendorum
1524 2881 1644 2912 initium
