1840 3225
167 218 264 269 992]
776 218 1061 259 EPINOMIS.
1551 224 1626 262 461

167 326 264 362 atque
278 322 405 354 beatum
418 334 424 353 :
449 327 483 354 et
498 322 563 354 sive
577 322 648 364 quis
662 322 694 353 in
712 321 888 352 continenti
905 322 1017 353 sivein
1032 322 1156 359 insulis,
1172 332 1227 354 seu
1243 324 1371 365 publice
1398 334 1453 355 seu
1485 325 1631 366 privatim

167 375 291 412 vixerit,
319 378 412 408 modo
434 377 480 409 ita
505 388 540 408 se
569 376 716 418 gesserit,
741 376 872 406 eandem
900 386 919 406 a
947 376 1020 407 Deo
1034 382 1149 407 sortem
1165 384 1405 418 reportaturum.
1428 378 1484 409 sed
1500 377 1584 419 quod
1598 378 1631 409 in

166 429 324 471 principio
353 430 501 468 diximus,
531 441 615 462 nunc
657 440 783 471 qnoque
816 440 926 460 verum
961 430 1050 460 nobis
1085 436 1228 471 apparet,
1272 442 1335 461 non
1365 441 1457 472 posse
1487 431 1631 463 homines

166 491 281 524 praeter
305 485 510 525 paucissimos
536 485 675 526 perfecte
701 483 933 514 beatitudinem
961 484 1126 524 consequi.
1152 483 1239 524 quod
1267 485 1393 524 quidem
1424 491 1511 515 recte
1536 486 1631 516 nobis

167 543 321 568 assertum
348 543 405 569 est.
427 548 499 569 nam
522 539 577 579 qui
601 537 701 569 divini
725 537 924 578 modestique
939 537 1032 568 simul
1047 538 1182 579 aliisque
1197 538 1366 568 virtutibus
1383 545 1493 569 natura
1508 539 1633 579 praediti

168 598 257 629 sunt,
281 591 466 633 disciplinas
494 598 646 633 praeterea
671 591 782 622 felices
807 591 981 628 consecuti,
1007 602 1085 632 quas
1106 591 1254 627 diximus,
1281 591 1320 622 iis
1347 591 1544 622 solummodo
1560 593 1635 622 satis

167 645 209 676 ad
237 645 423 677 felicitatem
453 646 559 677 omnia
587 656 621 676 se
653 646 767 676 habere
794 645 952 676 videntur.
986 646 1034 676 his
1065 645 1173 687 igitur,
1204 645 1261 687 qui
1296 646 1342 676 ita
1368 651 1401 676 et
1425 646 1569 686 privatim
1601 652 1634 677 et

168 699 295 740 publice
323 700 356 729 in
381 699 430 729 bis
453 700 663 735 elaborarunt,
687 710 758 731 cum
785 699 826 730 ad
851 707 1010 731 senectam
1032 700 1244 741 pexvenerint,
1257 699 1408 730 maximos
1422 699 1503 730 tradi
1522 700 1634 740 magis-

167 758 268 783 tratus
287 752 458 793 jubemus:
483 759 606 784 ceteros
631 764 706 784 vero
733 753 833 794 sequi,
857 759 889 784 et
906 753 993 784 Deos
1009 754 1103 784 simul
1118 753 1271 795 Deasque
1287 754 1415 784 laudare
1433 765 1439 783 :
1465 764 1500 784 ac
1517 760 1633 785 coetum

167 811 354 837 nocturnum
384 807 424 837 ad
454 807 535 839 hanc
561 808 749 850 sapientiam
778 817 899 843 omneS,
925 807 1074 850 diligenti
1101 808 1333 840 examinatione
1365 812 1503 850 peracta,
1538 818 1631 850 quam

168 859 341 892 rectissime
358 860 525 893 adhortari.
