1840 3225
177 249 248 298 23]
765 241 1052 281 PHILEBUS.
1622 244 1648 278 '7

178 355 254 386 ratio
271 353 419 385 reddidit.
465 351 517 383 So.
544 349 658 381 Nonne
674 349 857 380 desistamus
873 349 938 384 hic,
954 349 1081 379 obsecro
1097 360 1102 378 :
1129 348 1182 379 sod
1195 348 1260 389 jam
1278 347 1390 379 mentis
1411 346 1506 377 vitam
1523 347 1554 378 in
1580 359 1643 379 me-

179 409 264 439 dium
282 409 474 438 adducentes
490 405 618 437 ulterius
642 404 884 436 consideremus.
930 403 1015 433 Pno.
1040 402 1174 439 Qualem
1187 403 1328 444 'inquis?
1374 403 1430 433 SO.
1459 402 1568 433 Utrum
1587 403 1646 432 aii»-

179 463 248 504 quis
265 462 365 492 vivere
380 461 423 491 sic
439 460 578 501 eligeret,
595 465 628 489 nt
643 458 840 500 sapientiam,
857 462 1004 492 mentem,
1021 457 1192 493 scientiam,
1211 458 1388 487 memoriam
1402 468 1524 487 omnem
1542 458 1643 487 omni-

178 528 229 548 um
247 517 436 558 possideret:
463 515 624 555 voluptate
641 524 711 544 vcro
728 514 812 543 nulla
831 512 952 553 penitus
969 512 1129 548 frueretur,
1144 522 1202 542 nec
1220 522 1320 542 rursus
1345 513 1514 543 afficeretur
1530 512 1642 543 moles-

180 572 234 607 tia,
252 571 304 601 sed
322 571 387 600 sine
414 568 477 599 ullo
495 569 547 599 tali
574 566 687 598 affectu
706 567 846 598 viveret?
893 566 980 596 Pno.
1004 564 1124 595 Neutra
1149 575 1185 595 cx
1202 564 1262 607 ᾄὶε,
1286 576 1304 594 o
1328 567 1483 605 Socrates,
1499 567 1578 602 nita,
1592 571 1646 596 aut

179 624 266 659 mihi,
282 629 336 654 aut
351 623 452 662 alteri,
469 627 503 652 ut
517 621 656 661 arbitror,
672 621 816 662 eligenda
832 620 966 650 videtur.
1010 619 1065 650 So.
1092 619 1177 656 Quid
1191 625 1307 655 autem,
1334 619 1409 660 [22]
1433 632 1451 650 o
1464 621 1646 654 Protarclie.

177 679 239 708 vita
256 689 292 708 ex
309 678 459 708 ambobus
482 678 512 707 in
539 687 632 706 unum
649 675 922 717 congredientibus
948 675 1041 704 mixta
1057 679 1088 705 et
1109 674 1281 704 communis
1301 675 1437 705 effecta?
1486 676 1572 707 Pno.
1598 675 1643 705 Ex

178 733 341 774 voluptate
356 732 400 762 ais
416 731 630 772 sapientiaque
647 735 678 761 et
693 731 821 761 mente?
866 730 921 760 So.
945 728 1037 760 Hanc
1062 729 1160 770 ipsam
1178 729 1261 760 dico.
1309 729 1395 760 Pno.
1421 729 1647 771 Unusquisque

179 797 254 818 sane
268 787 347 817 hanc
364 786 461 827 ipsam
479 785 582 826 potius
594 795 686 826 quam
703 795 739 814 ex
756 783 965 826 superioribus
978 784 1154 815 alterutram
1172 783 1288 825 eliget:
1313 795 1414 826 neque
1427 795 1505 815 unus
1523 784 1646 826 optabit

176 841 319 882 quidem,
334 841 412 870 alius
430 840 575 879 minime3
599 840 652 869 sed
680 839 763 869 idem
779 848 886 869 omnes
911 838 1025 880 pariter
1045 844 1205 880 expetent.
1251 839 1307 870 SO.
1331 839 1524 870 Videmusne
1541 839 1645 880 igitur,

176 895 254 938 quid
271 905 307 926 ex
323 895 361 925 iis
379 894 546 936 sequatur?
592 893 680 925 Pao.
705 892 834 923 Prorsus
857 892 998 933 quidem,
1022 894 1106 935 qnod
1124 898 1183 923 tres
1207 893 1278 923 vitae
1304 894 1472 935 propositae
1487 898 1580 924 sunt:
1606 905 1643 925 ex

177 950 298 980 duabus
315 953 423 980 neutra
438 948 594 979 sufficiens
610 952 665 978 aut
679 948 818 988 optanda
846 946 895 977 vel
920 947 1097 977 hominibus
1120 947 1168 978 vel
1186 948 1296 978 ceteris
1321 947 1540 979 animantibm.
1586 949 1642 980 So.

179 1003 232 1034 An
249 1013 311 1033 non
328 1003 408 1033 circa
425 1002 482 1033 ista
493 1001 559 1043 jam
576 1001 608 1032 id
625 1005 758 1036 constat,
775 1001 859 1042 qnod
877 1007 985 1031 neutra
1002 1001 1103 1043 ipsum
1122 1003 1236 1032 bonum
1255 1002 1416 1043 possidet?
1441 1003 1555 1033 etenim
1574 1013 1646 1044 per-

177 1058 260 1088 fecta
276 1062 308 1088 et
321 1057 475 1088 sufficiens
491 1061 583 1091 esset,
602 1061 632 1086 et
657 1055 805 1085 universis
821 1054 934 1096 plantis
959 1061 990 1085 et
1006 1055 1215 1086 animantibus
1240 1057 1430 1096 exoptanda,
1447 1067 1644 1097 quaecunqne

178 1111 222 1142 sic
239 1121 360 1152 semper
376 1110 477 1141 vivere
495 1115 630 1151 possent.
676 1109 710 1139 Si
737 1109 806 1150 quis
824 1120 894 1139 vero
917 1120 952 1139 ex
979 1110 1067 1139 nobis
1083 1110 1142 1139 alia
1169 1109 1277 1150 eligat,
1295 1116 1404 1151 praeter
1420 1117 1559 1141 naturam
1576 1110 1645 1151 cjns

177 1165 262 1206 qnod
281 1173 385 1195 revera
401 1164 609 1194 affectandum
627 1168 684 1198 est,
702 1162 817 1203 eliget:
843 1174 944 1204 neque
960 1163 990 1193 id
1008 1169 1132 1205 sponte,
1150 1165 1203 1195 sed
1222 1175 1257 1194 ex
1272 1164 1446 1205 ignorantia
1461 1165 1508 1195 vel
1525 1165 1643 1196 inferit-i

178 1219 312 1259 quadam
337 1218 535 1249 necessitate.
583 1217 670 1247 Pno.
695 1215 774 1247 Haec
791 1217 833 1246 ita
857 1228 889 1247 se
907 1217 1018 1247 habere
1033 1217 1188 1248 videntur.
1235 1218 1290 1248 So.
1319 1219 1413 1255 Quod
1430 1229 1502 1260 ergo
1519 1219 1644 1251 Philebi

177 1273 267 1302 deam
284 1271 366 1302 haud
381 1272 479 1308 idem,
495 1272 579 1313 quod
605 1271 704 1312 ipsum
722 1270 851 1308 bonnm,
877 1271 1050 1302 existimare
1073 1277 1227 1313 oporteat,
1244 1272 1318 1302 satis
1341 1272 1407 1313 jam
1434 1273 1551 1304 dictum
1576 1284 1644 1304 esse

176 1326 308 1358 videtur.
354 1325 435 1357 Pm.
459 1326 521 1357 Sed
549 1336 652 1367 neque
669 1325 762 1356 etiam
789 1331 841 1356 tua
857 1336 956 1362 mem,
981 1336 999 1356 o
1015 1326 1180 1356 Socrates:
1206 1327 1372 1368 praedictas
1398 1328 1480 1357 enirn
1503 1328 1646 1369 objecta-

177 1380 278 1411 tiones
295 1379 422 1422 patitur.
468 1380 524 1411 So.
549 1380 705 1416 Forsitan,
720 1391 738 1410 o
755 1379 901 1415 Philebe,
917 1391 996 1416 mea,
1013 1391 1075 1410 non
1092 1388 1196 1411 tamen
1220 1392 1323 1412 veram
1341 1381 1541 1424 divinamque
1558 1393 1644 1414 men-

176 1439 238 1464 tem
254 1434 297 1465 sic
314 1435 453 1472 arbitror,
469 1435 523 1466 sed
540 1434 631 1465 aliter
644 1446 711 1466 sese
727 1435 851 1466 habere.
897 1434 1036 1465 Palmam
1053 1435 1145 1476 igitur
1160 1441 1190 1466 et
1206 1435 1364 1466 victoriam
1382 1436 1456 1479 quin
1471 1437 1540 1468 vitae
1557 1448 1643 1468 corn-

177 1489 262 1518 muni
279 1489 398 1520 tradere
413 1490 594 1530 debeamus,
610 1489 686 1520 nihil
703 1490 743 1520 ob
760 1495 894 1520 mentem
911 1490 1020 1520 dubito
1037 1502 1046 1520 :
1062 1490 1217 1521 secundas
1229 1496 1331 1521 autem
1350 1498 1452 1532 partes
1468 1491 1518 1522 cui
1537 1493 1644 1532 potius

176 1543 357 1582 tribuamus,
383 1543 623 1585 dijudicandum
650 1550 755 1576 restat.
799 1544 890 1575 Forte
917 1555 1051 1586 namque
1076 1545 1147 1575 vitae
1171 1546 1346 1576 communis
1368 1556 1492 1577 causam
1511 1546 1643 1577 unufix

177 1599 266 1629 nobis
283 1604 429 1635 mentem,
446 1599 523 1630 alter
548 1599 740 1640 voluptatem
758 1610 825 1630 esse
847 1599 1019 1630 contendet
1034 1611 1041 1629 :
1065 1604 1159 1641 atque
1182 1599 1225 1629 ita
1243 1600 1356 1630 bonum
1382 1600 1482 1641 ipsum
1500 1607 1644 1632 neutrum

176 1653 233 1683 erit
249 1653 376 1684 istorum
391 1665 398 1683 ε
424 1653 502 1684 forte
519 1664 590 1684 vero
607 1655 676 1695 quis
692 1655 799 1684 horum
817 1654 997 1684 alterutrum
1013 1664 1137 1685 causam
1161 1664 1228 1685 esse
1244 1655 1397 1686 censebit.
1443 1654 1494 1686 De
1509 1656 1568 1686 hoc
1585 1656 1644 1686 ita-

178 1717 239 1749 que
255 1708 400 1738 adversus
417 1707 580 1739 Philebum
609 1708 765 1750 praecipue
781 1709 982 1744 deccrtarem,
999 1709 1082 1749 quod
1108 1709 1165 1739 hac
1183 1708 1215 1739 in
1236 1709 1298 1739 vita
1315 1709 1476 1750 permixta,
1491 1710 1644 1752 quicquid

179 1761 256 1791 illud
273 1762 408 1803 denique
424 1762 474 1799 sit,
498 1763 581 1803 quod
599 1763 637 1792 ab
654 1763 711 1794 hac
727 1763 789 1793 vita
809 1769 986 1803 susceptum
1003 1763 1211 1804 expetendam
1225 1763 1322 1804 ipsam
1341 1765 1515 1806 bonamque
1529 1764 1647 1805 reddit,

177 1825 263 1846 mens
281 1816 360 1857 ipsa,
376 1827 440 1846 non
458 1816 601 1859 voluptas
616 1817 663 1847 illi
679 1817 840 1859 cognatior
854 1822 901 1847 est
915 1822 947 1848 et
963 1817 1104 1849 similior.
1128 1823 1221 1858 atque
1237 1829 1272 1848 ex
1291 1819 1347 1849 hac
1365 1819 1483 1849 ratione
1501 1818 1646 1860 voluptas

177 1880 234 1901 nec
252 1870 366 1911 primas
389 1881 446 1901 nec
463 1872 615 1902 secundas
631 1871 723 1902 ctiam
742 1876 842 1912 partes
859 1882 962 1902 revera
978 1872 1096 1902 tenebit
1111 1883 1118 1902 ε
1145 1872 1267 1912 longius
1289 1878 1392 1902 autem
1410 1873 1506 1902 aberit
1523 1883 1540 1903 a
1556 1873 1646 1903 tertia

175 1929 269 1961 sorte,
282 1924 306 1954 si
323 1935 383 1966 qua
401 1935 476 1956 meae
489 1926 585 1956 menti
602 1926 680 1956 fides
696 1936 778 1956 nunc
795 1931 841 1956 est
857 1925 1048 1957 adhibenda.
1094 1925 1180 1957 Pno.
1205 1925 1318 1967 Atqui,
1331 1936 1349 1956 ο
1362 1926 1515 1962 Socrates,
1531 1926 1644 1968 volup·

176 1982 222 2008 tas
233 1977 300 2019 jam
318 1984 468 2019 prostrata
485 1979 617 2015 videtur,
634 1979 805 2009 rationibus
822 1979 883 2009 tuis
899 1990 1052 2021 percussa.
1077 1990 1147 2009 nam
1159 1991 1176 2010 e
1193 1990 1248 2020 spe
1266 1979 1400 2011 victoriae
1419 1979 1494 2022 [23]
1511 1980 1643 2012 decidit.

176 2030 226 2061 De
240 2037 341 2063 mente
351 2043 421 2062 vero
432 2032 615 2069 dicendum,
625 2033 708 2074 quod
719 2043 780 2062 non
794 2032 952 2074 sapienter
964 2033 1022 2064 sibi
1032 2033 1190 2064 victoriam
1202 2034 1390 2065 vendicaret.
1405 2035 1514 2065 eadem
1524 2035 1645 2076 quippe

177 2092 343 2127 pateretur.
387 2086 544 2128 Voluptas
560 2092 662 2118 autem
688 2087 828 2118 secunda
843 2092 925 2118 sorte
943 2087 1074 2129 privata,
1088 2087 1215 2118 omnino
1235 2088 1301 2129 jam
1318 2089 1357 2119 ab
1372 2088 1440 2129 ejus
1456 2090 1645 2119 amatoribus

175 2145 402 2172 contemnetur.
435 2151 538 2183 neque
564 2141 647 2171 enim
675 2151 764 2183 aeque
796 2141 924 2182 pulchra
955 2142 1082 2173 ulterius
1110 2143 1286 2184 apparebit.
1331 2142 1387 2174 So.
1412 2142 1498 2179 Quid
1528 2143 1646 2184 igitur?

176 2205 279 2225 nonne
295 2194 451 2226 dimittere
467 2195 550 2226 illam
566 2200 703 2237 praestat,
716 2207 773 2226 nec
785 2197 938 2237 exquisita
951 2197 1180 2227 examinatione
1193 2197 1472 2239 redargutioneque
1483 2197 1643 2239 affligere?

175 2249 263 2280 Pno.
280 2248 369 2279 Nihil
385 2249 440 2289 ais,
457 2260 476 2279 0
492 2249 646 2281 Socrates.
681 2249 737 2281 So.
754 2249 807 2280 An
825 2251 899 2291 qnia
915 2250 1107 2292 impossibile
1117 2251 1267 2292 quiddam
1281 2251 1408 2292 protuli,
1419 2252 1514 2292 affligi
1530 2251 1642 2292 volup-

174 2307 268 2334 tatem
285 2304 295 2334 ?
342 2304 429 2335 Pno.
452 2303 526 2334 Non
543 2304 583 2334 ob
599 2304 658 2335 hoc
674 2309 794 2335 tantum
811 2316 817 2334 :
845 2316 949 2335 verum
973 2305 1078 2341 etiarn,
1108 2307 1192 2346 quod
1210 2306 1345 2346 ignoras,
1366 2312 1503 2336 nostrum
1520 2306 1641 2336 nullum

177 2358 258 2397 prius
274 2358 358 2389 abire
375 2363 404 2388 te
421 2358 630 2395 dimissurum,
646 2369 739 2400 quam
757 2360 795 2390 ad
813 2360 924 2390 horum
943 2360 1037 2390 finem
1054 2360 1173 2391 ratione
1189 2360 1364 2392 deveneris,
1409 2360 1463 2392 So.
1490 2360 1599 2400 Papae,
1620 2371 1640 2390 o

176 2411 356 2448 Protarcl1e‚
379 2412 473 2452 longa
496 2412 664 2443 admodum
689 2413 785 2443 oratio
810 2424 954 2454 sequens,
971 2413 1065 2445 ferme
1093 2425 1165 2444 vero
1181 2425 1240 2445 nec
1255 2415 1346 2445 facile
1362 2415 1510 2457 quiddam
1536 2414 1641 2445 nune!

176 2471 297 2496 constat
312 2466 394 2496 enim
411 2465 478 2496 aliis
503 2466 686 2507 quibusdam
700 2466 815 2508 jaculis
840 2474 950 2508 praeter
973 2468 1106 2498 rationes
1129 2469 1302 2510 superiores
1327 2479 1407 2510 opus
1432 2479 1510 2505 esse,
1526 2468 1551 2499 si
1575 2469 1645 2509 quis

174 2518 309 2560 palmam
328 2519 422 2550 menti
439 2521 607 2551 secundam
623 2528 855 2562 comparaturus
868 2522 1010 2553 accedat.
1025 2522 1153 2553 sortasse
1171 2533 1242 2553 vero
1259 2523 1358 2553 aculei
1373 2523 1500 2563 qnidam
1517 2523 1548 2553 hi
1563 2534 1643 2564 quo-

175 2583 236 2614 que
249 2578 332 2605 sunt.
356 2583 461 2604 nonne
472 2574 619 2614 oportet?
665 2574 750 2606 Pno.
775 2576 895 2613 Quidni
911 2577 921 2606 ?
967 2576 1021 2607 So.
1047 2575 1237 2617 Principium
1250 2577 1356 2619 itaque
1369 2577 1463 2618 liujus
1477 2583 1642 2618 ponentes,

176 2632 268 2658 caute
283 2632 315 2657 et
329 2627 475 2658 distincte
490 2628 632 2669 accipere
647 2630 834 2662 annitamur.
868 2630 957 2662 Pno.
980 2630 1082 2668 Quale
1099 2631 1284 2673 principium
1301 2631 1379 2662 dicis
1394 2631 1405 2661 ?
1435 2632 1488 2663 So.
1514 2631 1643 2667 Omnia,

176 2691 246 2722 quae
263 2691 346 2713 nunc
364 2681 395 2711 in
413 2681 557 2713 universo
574 2688 657 2720 sunt,
675 2683 814 2714 bifariam
832 2683 1059 2725 distinguamus
1074 2696 1081 2714 :
1107 2684 1212 2722 immo,
1228 2685 1254 2716 si
1271 2685 1329 2722 vis,
1351 2685 1509 2716 trifariam.
1555 2684 1643 2715 Pno.

177 2735 323 2772 Quonam
348 2736 465 2777 pacto?
511 2736 563 2768 So.
588 2736 792 2778 Accipiamus
819 2738 970 2769 nonnulla
995 2749 1031 2769 ex
1059 2739 1109 2778 iis,
1131 2749 1201 2780 quae
1219 2749 1302 2770 nunc
1318 2748 1335 2769 a
1351 2739 1440 2770 nobis
1457 2744 1529 2768 sunt
1544 2739 1641 2769 dicta.

176 2788 264 2820 Pno.
288 2789 465 2826 Quaenam?
512 2791 568 2822 So.
593 2791 697 2822 Deum
715 2793 856 2834 profecto
872 2793 1052 2824 dicebamus
1069 2803 1105 2824 ex
1121 2793 1158 2823 iis
1175 2804 1245 2834 quae
1261 2798 1344 2830 sunt,
1361 2793 1490 2823 alterum
1513 2791 1640 2833 quidem

177 2842 345 2880 infinitum,
362 2844 492 2875 alterum
517 2856 587 2876 vero
615 2846 778 2878 terminum
802 2848 986 2878 ostendisse.
1033 2848 1120 2880 Pno.
1145 2848 1284 2878 Omnino
1311 2847 1450 2889 quidem.
1495 2846 1551 2876 So.
1576 2844 1643 2875 Has

176 2897 286 2938 utique
310 2899 429 2940 species
445 2899 508 2930 duo
524 2899 578 2931 illa
593 2911 659 2932 esse
675 2911 828 2942 ponamus
844 2913 851 2931 ε
878 2902 1000 2932 tertium
1025 2902 1115 2939 illud,
1131 2903 1216 2944 quod
1233 2911 1327 2932 unum
1344 2912 1380 2931 cx
1397 2901 1533 2941 utrisque
1556 2907 1642 2930 com-

176 2950 318 2983 mixtum.
363 2951 532 2986 Ridiculus
549 2959 652 2987 tamen
668 2955 785 2998 videor,
799 2956 873 2988 dum
889 2955 1078 2989 sufficienter
1094 2967 1149 2997 per
1158 2955 1278 2998 species
1293 2954 1430 2987 dividere
1440 2963 1536 2994 &que
1549 2952 1642 2983 dinu-
