1840 3225
644 623 1212 684 EPISTOLAE.

568 1039 684 1071 DION
710 1039 935 1071 DIONYSIO
960 1039 1083 1074 BENE
1107 1038 1278 1070 AGERE.

189 1138 289 1181 [309]
313 1137 388 1168 Eoo
412 1137 487 1168 dum
513 1139 599 1179 apud
625 1149 681 1170 vos
706 1139 853 1170 diuturna
879 1149 975 1180 opera
991 1139 1033 1169 ita
1049 1138 1213 1180 imperium
1231 1143 1370 1168 vestrum
1394 1136 1658 1172 administrarem,

187 1197 222 1223 ut
233 1192 347 1223 ceteris
363 1191 518 1223 utilitates
533 1197 653 1224 vestras
665 1191 863 1234 captantibus
875 1192 948 1223 fidei
961 1192 1113 1234 dignitate
1126 1197 1315 1234 praestarem,
1329 1191 1474 1233 gravibus
1489 1191 1655 1222 calumniis

188 1257 237 1278 me
262 1246 422 1288 subposui.
445 1247 584 1278 sciebam
609 1248 707 1283 enim,
733 1248 829 1289 quod,
858 1257 909 1278 me
935 1247 1095 1278 vobiscum
1112 1256 1173 1277 una
1187 1256 1238 1277 res
1254 1251 1376 1276 vestras
1390 1245 1655 1280 amministrante,

187 1301 315 1332 crudele
327 1301 407 1331 nihil
422 1302 614 1332 commisisse
630 1311 771 1342 unquam
785 1300 984 1332 videremini.
1007 1310 1117 1331 omnes
1133 1306 1248 1336 autem,
1265 1299 1319 1341 qui
1334 1299 1445 1332 eadem
1457 1299 1490 1330 in
1501 1298 1655 1340 guberna-

186 1355 272 1386 tione
288 1355 403 1386 versati
416 1360 500 1390 sunt,
517 1360 613 1385 testes
627 1355 704 1385 mihi
717 1366 784 1386 esse
800 1361 932 1397 possunt
944 1366 952 1393 ;
965 1365 1096 1396 quorum
1109 1364 1169 1395 ego
1184 1354 1360 1395 permultos
1370 1362 1494 1384 summo
1507 1356 1624 1383 conatu
1635 1361 1654 1382 a

187 1408 313 1439 damnis
326 1419 392 1439 non
406 1409 616 1440 mediocribus
631 1409 772 1439 liberavi.
795 1409 925 1451 imperio
949 1408 1025 1450 quin
1045 1408 1142 1440 etiam
1157 1407 1242 1449 apud
1256 1418 1314 1438 vos
1330 1407 1477 1448 fungens,
1492 1405 1655 1437 civitatem

187 1467 324 1493 vestram
347 1462 465 1504 saepius
479 1463 646 1495 custodivi.
669 1464 798 1494 tandem
816 1473 887 1493 vero
903 1462 1142 1504 ignominiosius
1157 1472 1176 1492 a
1196 1462 1285 1492 vobis
1299 1461 1448 1503 expulsus
1463 1471 1544 1496 sum,
1558 1469 1654 1501 quam

186 1516 374 1548 vilissimum
399 1516 537 1558 aliquem
568 1517 686 1558 expelli
712 1517 890 1553 conveniat,
912 1516 980 1558 ipse
1008 1527 1068 1557 ego
1094 1515 1203 1557 jussus
1234 1526 1252 1546 a
1280 1515 1370 1546 vobis
1396 1514 1495 1554 abire,
1520 1513 1575 1555 qui
1589 1519 1655 1543 tam

186 1571 370 1602 diuturnam
384 1582 513 1613 operam
528 1571 639 1602 vestris
654 1580 723 1601 sum
739 1569 913 1601 commodis
930 1570 1114 1611 impartitus.
1129 1570 1225 1611 igitur
1240 1570 1372 1611 posthac
1401 1568 1493 1599 modo
1515 1566 1654 1609 quodam

186 1624 398 1656 inhumaniori
414 1626 489 1656 mihi
502 1626 566 1667 ipsi
577 1625 750 1660 consulam,
767 1629 802 1655 tu
814 1629 919 1654 autem
933 1623 1004 1654 talis
1016 1629 1166 1666 tyrannus
1178 1623 1366 1665 gubernabis
1377 1622 1470 1653 solus.
1482 1621 1653 1663 pecuniam

186 1688 260 1709 vero
287 1679 372 1710 illam
394 1680 564 1721 egregiam,
591 1679 647 1710 abs
672 1685 701 1709 te
718 1679 752 1709 in
767 1678 915 1709 viaticum
929 1678 1067 1714 missam,
1083 1688 1140 1719 per
1157 1677 1332 1709 Bacchium
1346 1677 1428 1707 hunc
1440 1685 1504 1707 una
1515 1686 1586 1706 curn
1603 1674 1652 1706 his

185 1732 286 1763 literis
312 1733 353 1764 ad
380 1737 412 1764 te
442 1733 577 1764 remitto.
600 1743 704 1774 neque
733 1733 816 1763 enim
839 1731 880 1762 ad
896 1732 1044 1763 viaticum
1065 1732 1199 1763 sufficit:
1223 1741 1330 1773 neque
1345 1730 1387 1761 ad
1401 1736 1540 1762 ceteram
1551 1729 1650 1760 vitam

187 1786 263 1816 satis
278 1791 327 1817 est
340 1787 426 1817 utilis
439 1799 446 1816 :
471 1786 593 1828 tibique
609 1787 698 1818 danti
714 1786 854 1817 dedecus
868 1786 1001 1816 allatura
1023 1786 1203 1822 maximum,
1219 1791 1252 1817 et
1268 1785 1344 1816 mihi
1357 1795 1424 1815 non
1436 1784 1537 1814 multo
1553 1783 1653 1814 minus

186 1839 369 1883 accipienti.
394 1840 504 1882 itaque
530 1840 618 1871 illam
644 1841 788 1882 accipere
811 1840 910 1870 nolui.
933 1845 987 1870 tua
1002 1850 1075 1870 vero
1090 1840 1170 1870 nihil
1185 1840 1317 1870 interest
1329 1844 1362 1869 et
1374 1838 1448 1869 dare
1463 1843 1498 1868 et
1506 1837 1651 1879 accipere

186 1894 391 1925 tantundem:
416 1894 475 1925 sed
501 1894 557 1925 illa
579 1899 707 1936 recepta
732 1899 856 1924 tuorum
886 1894 1028 1934 quemvis
1043 1894 1178 1924 alterum
1193 1892 1370 1927 honorabis,
1385 1890 1650 1933 quemadmodum

187 1957 238 1978 me
268 1948 438 1979 honorasti.
460 1959 519 1990 ego
545 1948 631 1978 enim
658 1948 711 1978 abs
737 1952 769 1978 te
785 1948 862 1978 satis
871 1947 939 1990 jam
951 1957 1020 1978 sum
1032 1948 1213 1978 honoratus.
1237 1950 1270 1977 et
1285 1946 1361 1976 mihi
1374 1951 1549 1987 opportune
1564 1955 1648 1976 nunc

186 2001 347 2043 Euripidis
361 2002 439 2032 illud
453 2002 543 2033 venit
556 2002 589 2032 in
603 2007 753 2043 mentem,
775 2001 820 2031 Te
837 2002 930 2032 rebus
946 2001 1133 2043 quandoque
1150 2000 1353 2042 poscentibus
1366 2000 1462 2030 talem
1479 1998 1536 2030 tibi
1552 1999 1650 2030 virum

186 2056 333 2087 assistere
358 2061 548 2097 optaturum.
570 2056 750 2087 meminisse
776 2061 882 2086 autem
910 2060 941 2085 te
969 2055 1054 2096 volo,
1079 2060 1112 2085 et
1134 2054 1216 2085 alios
1239 2054 1376 2095 tragicos
1399 2052 1562 2095 plurimos,
1580 2063 1652 2084 cum

186 2114 357 2150 tyrannum
383 2109 518 2151 aliquem
545 2115 732 2151 pereuntem
758 2108 925 2145 inducunt,
948 2108 1127 2150 hujusmodi
1151 2108 1199 2139 illi
1227 2118 1317 2139 voces
1344 2107 1526 2143 attribuere,
1550 2105 1650 2149 [310]

186 2162 261 2193 Heu
271 2163 376 2199 miser,
393 2173 498 2204 pereo,
514 2163 610 2193 nullis
621 2163 721 2193 fultus
735 2163 854 2194 amicis.
876 2163 944 2193 auri
967 2174 1038 2194 vero
1055 2163 1181 2194 defectu
1192 2167 1376 2203 pereuntem
1391 2161 1530 2203 aliquem
1543 2159 1652 2191 nullus

187 2216 290 2248 adhuc
302 2217 421 2247 rettulit
434 2216 609 2258 poetarum.
621 2216 701 2247 illud
713 2227 838 2258 quoque
851 2217 1010 2258 poeticum
1026 2223 1162 2247 mentem
1174 2216 1361 2247 habentibus
1372 2215 1464 2246 valde
1477 2214 1626 2256 probatur
1640 2225 1647 2244 :

186 2270 261 2302 Non
288 2270 354 2301 auri
379 2270 490 2312 fulgor,
517 2271 551 2302 in
579 2271 691 2301 misera
721 2271 899 2302 mortalium
924 2272 989 2302 vita
1002 2271 1162 2306 rarissimi,
1177 2280 1240 2301 non
1256 2269 1394 2305 adamas,
1410 2279 1475 2300 non
1491 2274 1649 2310 argenteae

186 2334 318 2362 mensae,
348 2334 418 2366 quae
445 2325 529 2366 apud
555 2325 700 2356 homines
721 2326 876 2356 habentur
902 2326 935 2356 in
959 2325 1072 2367 pretio,
1099 2324 1143 2355 ita
1168 2323 1266 2356 oculis
1283 2328 1460 2359 coruscant,
1475 2333 1579 2364 neque
1593 2322 1651 2354 lati

187 2378 278 2409 fundi
301 2384 356 2410 aut
379 2379 509 2420 pinguia
533 2379 620 2411 culta
640 2384 760 2410 tantum
778 2379 884 2411 valent
898 2380 938 2410 ad
954 2379 1063 2415 vitam,
1080 2384 1233 2420 quantmn
1246 2388 1333 2409 mens
1349 2378 1502 2408 bonorum
1518 2377 1649 2408 virorum

187 2432 401 2464 consentiens.
424 2434 509 2464 vale:
533 2438 627 2476 atque
654 2433 819 2466 considera
847 2439 968 2465 tantum
998 2444 1073 2475 erga
1095 2444 1154 2464 nos
1179 2438 1323 2468 erratum,
1351 2442 1415 2474 quo
1437 2441 1512 2474 erga
1527 2437 1650 2463 ceteros

190 2486 382 2528 probabilius
396 2492 428 2518 te
445 2498 546 2529 geras.

890 2622 960 2670 ΙΙ.

550 2767 698 2798 PLATO
728 2767 949 2798 DIONYSIO
975 2767 1097 2799 BENE
1121 2766 1291 2800 AGERE.

231 2855 363 2890 Aunrvr
392 2864 431 2885 ex
458 2854 658 2886 Archedemo
685 2862 714 2885 te
743 2866 882 2891 censere,
911 2865 971 2886 non
998 2856 1097 2886 solum
1121 2865 1171 2885 me
1188 2856 1242 2886 sed
1260 2854 1427 2885 familiares
1442 2854 1535 2884 etiam
1553 2863 1650 2887 meos.

189 2914 300 2952 ptaeter
317 2909 443 2940 unicum
461 2908 609 2944 Dionem,
626 2909 703 2939 nihil
720 2910 794 2940 mali
811 2910 961 2940 adversus
977 2917 1006 2939 te
1025 2910 1111 2949 loqui
1129 2909 1241 2939 debere
1260 2908 1309 2938 vel
1324 2917 1428 2949 agere.
1453 2908 1511 2937 hoc
1532 2911 1648 2941 autern,
