1840 3225
191 201 288 248 337]
757 200 1019 239 EPISTOLA
1052 200 1143 239 vn.
1581 205 1662 241 485

184 306 271 337 enirn
285 312 317 337 et
333 306 410 337 mihi
427 312 460 337 et
475 306 558 343 aliis,
571 312 605 337 ut
621 306 664 336 ita
682 305 829 345 dixerim,
843 305 988 335 omnibus
1005 306 1120 336 damna
1132 304 1315 347 gravissima
1327 305 1511 337 intulerunt.
1528 307 1576 338 illi
1590 308 1661 348 qui-

188 359 273 397 dem,
301 371 375 391 cum
390 361 605 392 interficerent
617 370 700 396 eum,
714 361 768 401 qui
783 360 911 390 volebat
927 361 971 390 uti
991 359 1117 402 justitia
1134 372 1140 389 :
1167 361 1216 390 hic
1239 366 1358 397 autem,
1375 371 1446 392 cum
1460 362 1550 392 nullo
1565 367 1662 403 pacto

187 414 286 445 vellet
301 415 347 445 uti
358 415 494 456 justitia,
508 415 540 446 in
555 415 701 446 universo
713 424 811 456 regno
831 414 1003 445 maximam
1027 414 1146 444 habens
1164 415 1350 456 potentiam.
1374 416 1408 445 in
1423 425 1497 456 qua,
1523 416 1609 457 quod
1635 416 1663 447 si

185 469 388 510 philosophia
410 480 471 500 una
498 479 571 500 cum
600 469 745 510 potentia
768 478 842 498 vere
867 469 901 498 in
928 468 1015 498 idem
1041 468 1131 509 quasi
1155 468 1349 499 domicilium
1366 470 1588 506 concurrisset,
1604 481 1662 512 per

186 532 297 553 ornnes
313 524 466 559 homines,
483 528 516 553 et
532 523 661 553 Gru-cos
677 528 710 553 et
725 522 885 558 barbaros,
898 521 1079 552 elucentem
1093 531 1262 562 veramque
1275 523 1460 563 opinionem
1469 524 1663 556 sufficienter

188 577 335 608 omnibus
359 577 558 613 ostendisset,
585 587 689 618 neque
714 576 877 606 civitatem
900 585 1006 616 neque
1031 575 1192 606 hominem
1216 586 1356 616 unquam
1371 576 1435 606 fore
1448 578 1585 613 felicem,
1600 579 1664 610 nisi

189 637 223 662 et
251 642 325 662 cum
352 631 523 673 prudentia
551 636 584 661 et
612 631 670 661 snb
689 630 815 672 justitia
838 629 961 665 vixerit,
990 630 1056 660 sive
1081 640 1139 670 per
1163 640 1197 660 se
1229 630 1301 660 illas
1318 630 1492 671 possideat,
1518 632 1583 662 sive
1606 633 1664 664 sub

187 692 366 716 sanctorum
381 685 562 726 principum
576 685 715 715 moribus
730 685 790 715 rite
808 683 963 715 educetur
979 690 1072 725 atque
1089 685 1265 715 erudiatur.
1287 685 1320 715 in
1348 686 1396 716 his
1412 685 1541 727 quidem
1554 686 1665 717 nocuit

187 739 363 782 Dionysius
379 751 385 769 ε
411 745 518 770 cetera
543 750 630 776 vero,
659 739 685 769 si
701 739 740 769 ad
758 739 825 770 haec
842 744 1075 780 comparentur,
1093 738 1209 769 damna
1223 740 1397 781 perexigua
1414 740 1491 770 mihi
1508 740 1666 771 videntur.

187 798 220 825 at
245 794 333 824 enim
356 794 411 836 qui
436 794 576 825 Dionem
604 793 777 830 interfecit,
803 803 867 824 non
889 792 1046 824 intellexit
1062 793 1160 829 idem,
1178 793 1264 834 quod
1281 794 1469 837 Dionysius,
1485 803 1518 825 se
1536 794 1665 826 fecisse.

188 847 337 889 equidem
359 854 445 880 certe
472 849 547 885 scio,
573 854 729 890 quantum
752 848 875 879 homini
891 848 930 878 de
947 848 1075 878 homine
1090 847 1241 878 affirmare
1257 848 1346 884 licet,
1364 849 1516 884 Dionem,
1533 848 1558 879 si
1573 848 1665 890 regni

188 903 398 944 gubernacula
414 903 533 934 diutius
549 904 716 940 tenuisset,
733 913 893 944 nunquam
910 903 943 933 in
959 903 1053 933 aliam
1071 902 1256 933 dominandi
1271 903 1404 934 formam
1418 903 1515 933 fuisse
1532 912 1665 934 conver·

187 968 303 994 surum,
331 967 436 998 quam,
454 969 528 988 cum
555 959 594 989 ab
610 958 701 988 initio
716 958 851 999 patriam
868 968 956 988 suam
971 957 1153 999 Syracusas,
1180 956 1278 999 [336]
1303 957 1435 999 expulsa
1450 957 1612 993 servitute,
1630 957 1665 988 in

188 1021 244 1042 suo
257 1011 329 1052 jure
344 1012 520 1049 constituit,
538 1013 692 1043 libertatis
705 1012 774 1054 jarn
790 1012 961 1053 splendore
977 1012 1174 1042 laetissimam
1190 1022 1196 1040 :
1222 1011 1339 1042 deinde
1355 1012 1442 1042 omni
1458 1012 1564 1042 studio
1581 1012 1668 1042 cives

189 1065 334 1107 congruis
350 1066 540 1107 optimisque
556 1067 680 1107 legibus
696 1072 898 1107 ornaturum3
922 1071 1076 1108 praeterca
1102 1076 1228 1097 omnem
1244 1065 1440 1107 diligentiam
1456 1065 1670 1097 adhibiturum

188 1118 298 1156 fuisse,
329 1130 391 1162 quo
420 1125 487 1152 tota
515 1121 745 1152 inhabitaretur
783 1121 904 1157 Sicilia,
936 1121 1183 1161 liberareturque
1211 1129 1230 1151 a
1258 1120 1413 1156 barbaris,
1444 1120 1513 1150 aliis
1539 1120 1668 1160 quidem

187 1174 340 1214 expulsis,
367 1175 439 1205 aliis
465 1186 539 1206 vero
565 1176 716 1213 subactis,
741 1175 869 1206 facilius
895 1185 990 1216 quam
1015 1174 1137 1205 fecerat
1160 1174 1290 1204 Hieron.
1313 1184 1384 1204 cum
1412 1183 1488 1204 vero
1518 1175 1586 1205 haec
1612 1184 1670 1216 per

190 1228 292 1259 virum
317 1228 451 1270 justum,
476 1230 602 1266 fortem,
628 1235 840 1271 temperatum
864 1230 917 1259 vel
948 1229 1174 1269 philosophum
1187 1233 1277 1268 gesta
1292 1227 1437 1264 fuissent,
1451 1227 1565 1259 eadem
1580 1227 1667 1269 apud

187 1282 305 1313 multos
319 1283 445 1314 virtutis
456 1284 613 1315 floruisset
627 1284 747 1325 opini0‚
764 1293 834 1324 quae
850 1287 884 1313 et
899 1282 987 1312 salva
1002 1292 1034 1312 re
1049 1282 1135 1323 apud
1150 1292 1271 1319 omnes,
1286 1288 1322 1312 ut
1341 1281 1388 1313 ita
1402 1282 1548 1319 dixerim,
1564 1282 1668 1314 homi-

186 1345 245 1366 nes
262 1337 428 1378 viguisset,
443 1338 470 1368 si
486 1337 660 1380 Dionysius
675 1337 767 1368 nobis
783 1338 822 1368 ab
839 1337 932 1367 initio
948 1336 1119 1378 paruisset.
1141 1346 1227 1367 nunc
1247 1342 1364 1373 autem,
1381 1336 1447 1367 sive
1460 1337 1528 1378 quis
1543 1336 1670 1369 daemon

188 1389 255 1421 sive
270 1390 466 1431 perniciosus
482 1392 597 1432 aliquis
609 1392 658 1422 his
670 1401 740 1422 sese
757 1391 924 1433 objiciens,
939 1391 1107 1432 iniquitate
1121 1395 1155 1421 et
1169 1390 1345 1431 impietate,
1355 1395 1389 1421 et
1401 1392 1482 1432 quod
1496 1391 1669 1432 pessimum

189 1449 251 1481 est,
267 1444 425 1486 ignoranti
439 1445 582 1482 audacia,
598 1456 636 1476 ex
652 1456 717 1487 qua
732 1446 817 1476 mala
832 1445 980 1476 omnibus
993 1445 1102 1476 omnia
1117 1449 1149 1475 et
1162 1444 1319 1475 radicibus
1330 1445 1453 1476 haerent
1465 1450 1497 1477 et
1508 1446 1671 1487 pullulant

189 1504 223 1530 et
247 1499 281 1529 in
306 1504 469 1540 posterum
491 1499 673 1541 producunt
699 1500 838 1532 fructum
863 1500 911 1531 his
937 1500 990 1541 qui
1016 1505 1188 1530 nascentur
1211 1499 1454 1537 amarissimum,
1469 1505 1587 1531 cuncta
1600 1500 1672 1531 haec

190 1553 344 1594 pervertit
370 1564 477 1585 rursus
502 1560 536 1585 et
559 1554 712 1596 perdidit.
736 1555 792 1585 sed
817 1564 903 1585 nunc
933 1553 1027 1584 tertio
1054 1553 1197 1585 felicium
1223 1554 1436 1595 auspiciorum
1459 1555 1561 1595 gratia
1584 1555 1671 1585 bona

191 1606 353 1638 dumtaxat
379 1608 567 1640 ominemur.
591 1610 724 1640 consulo
744 1609 843 1650 igitur
872 1608 962 1640 vobis
988 1608 1110 1644 amicis,
1126 1613 1162 1638 ut
1177 1607 1319 1638 Dionem
1335 1609 1512 1644 imitemini,
1529 1619 1670 1640 amorem

189 1661 276 1691 illius
302 1661 335 1691 in
359 1661 491 1703 patriam
518 1662 655 1705 vitaeque
681 1663 925 1705 temperantiam
950 1663 1051 1703 magis
1077 1662 1239 1704 magisque
1264 1664 1524 1704 complectentes.
1557 1663 1672 1704 quibus

190 1719 295 1746 autem
321 1716 472 1757 auspiciis
496 1718 629 1748 consilia
655 1718 722 1760 ejus
748 1718 898 1759 perficere
926 1717 1106 1748 conandum
1132 1717 1223 1747 vobis
1253 1717 1295 1747 sit
1312 1729 1319 1747 ε
1355 1722 1388 1748 et
1418 1718 1524 1758 qualia
1540 1718 1672 1749 consilia

190 1768 319 1806 fuerint,
336 1776 446 1812 aperte
462 1771 591 1812 quidem
618 1782 657 1802 ex
672 1782 723 1802 me
740 1772 885 1803 audistis.
908 1777 939 1802 at
953 1772 981 1801 si
997 1771 1068 1812 quis
1080 1776 1128 1801 est
1144 1771 1227 1801 inter
1243 1781 1310 1808 vus,
1327 1771 1382 1812 qui
1397 1771 1516 1802 Dorice
1532 1778 1672 1814 nequeat

190 1823 297 1854 vivere
323 1824 499 1855 secundum
525 1826 635 1866 patriae
661 1826 815 1863 instituta,
832 1833 1048 1867 sequaturque
1065 1825 1207 1856 Siculum
1223 1825 1351 1856 vivendi
1368 1836 1488 1856 morem
1503 1831 1534 1856 et
1549 1837 1671 1863 eorum,

189 1877 247 1918 qui
271 1877 412 1909 Dionem
441 1879 646 1910 occiderunt:
670 1891 776 1922 neque
802 1891 876 1912 eum
901 1880 1042 1921 recipere
1067 1889 1172 1920 neque
1189 1879 1370 1910 existimare
1385 1880 1492 1910 velitis
1507 1880 1573 1910 ulla
1587 1880 1619 1910 in
1635 1890 1670 1911 re

190 1931 318 1963 fidelem
344 1939 441 1974 atque
467 1934 635 1966 sincerum.
659 1940 783 1966 ceteros
806 1940 914 1966 autem
939 1933 1101 1965 adhortari
1124 1933 1229 1975 potius
1244 1933 1367 1964 debetis
1382 1933 1424 1964 ad
1440 1934 1668 1965 habitationem

189 1987 289 2018 totius
314 1987 431 2018 Siciliae
457 1989 699 2029 disponendam,
717 1989 884 2031 legumque
898 1990 1077 2031 paritatem,
1096 1994 1160 2019 tum
1177 1999 1215 2019 ex
1230 1988 1299 2029 ipsa
1326 1987 1437 2018 Sicilia
1449 1993 1514 2018 tum
1531 1997 1568 2018 ex
1584 1987 1671 2018 omni

191 2039 417 2083 Peloponneso
437 2053 444 2072 ε
482 2053 544 2073 nec
571 2043 718 2074 Athenas
758 2045 892 2075 horrete.
933 2048 1006 2073 sunt
1037 2042 1125 2073 enim
1155 2046 1190 2072 et
1219 2042 1263 2072 ibi
1292 2042 1352 2072 viri
1381 2042 1498 2072 virtute
1529 2041 1671 2072 omnium

191 2096 458 2136 praestantissimi‚
486 2102 520 2128 et
544 2097 600 2139 qui
625 2098 698 2128 odio
724 2098 863 2128 habeant
888 2107 1000 2128 eorum
1022 2096 1257 2132 crudelitatem,
1285 2095 1340 2136 qui
1356 2095 1518 2136 hospitum
1532 2095 1620 2126 caede
1638 2106 1672 2126 se

190 2150 346 2190 polluant.
369 2161 480 2182 verum
495 2151 521 2182 si
536 2152 602 2182 haec
620 2151 758 2182 tardiora
767 2152 835 2194 jam
851 2157 933 2188 sunt,
951 2156 1128 2191 urgentque
1140 2159 1194 2180 vos
1205 2149 1399 2191 quotidianae
1413 2150 1671 2192 multiplicesque

191 2204 367 2236 seditiones
390 2210 485 2247 atque
508 2205 674 2237 discordiae
690 2217 696 2235 ε
721 2206 902 2246 intelligere
915 2214 1176 2245 unumquemque
1193 2209 1329 2245 oportet,
1347 2203 1399 2234 cui
1413 2203 1510 2234 modo
1524 2205 1576 2235 vel
1591 2215 1672 2246 pau·

191 2258 260 2289 lum
284 2264 378 2290 rectae
401 2259 560 2300 opinionis
582 2269 650 2290 sors
665 2260 808 2300 quaedam
824 2258 933 2289 divina
949 2257 1060 2298 largita
1076 2258 1127 2293 sit,
1143 2258 1267 2288 nullum
1282 2257 1347 2288 fore
1364 2258 1460 2288 finem
1477 2258 1669 2290 seditionum

193 2312 407 2354 malorumque
424 2324 464 2344 ex
479 2313 636 2345 seditione
649 2314 862 2355 nascentium,
873 2313 1058 2355 priusquam
1073 2311 1132 2348 illi,
1149 2312 1204 2353 qui
1217 2312 1349 2342 vicerint
1363 2312 1484 2353 proelio,
1498 2322 1517 2343 a
1529 2313 1670 2344 caedibus

193 2365 454 2409 pulsionibusque
494 2368 612 2399 civium
642 2374 735 2410 atque
773 2369 869 2399 etiarn
909 2366 1093 2408 injuriarum
1123 2366 1422 2397 commemoratione
1453 2367 1671 2409 vindictaeque

194 2420 370 2462 cupiditate
396 2426 610 2463 temperantes
635 2423 770 2454 inimicis
786 2422 1011 2458 concilientur,
1027 2421 1140 2462 suique
1153 2420 1251 2461 ipsius
1266 2428 1429 2462 compotes
1446 2421 1522 2452 fiant
1537 2433 1544 2451 :
1571 2421 1671 2464 [337]

193 2480 348 2516 praeterea
367 2476 455 2517 leges
480 2476 582 2507 ferant
601 2487 798 2516 communes,
824 2476 924 2507 nihilo
948 2475 1052 2517 magis
1068 2474 1108 2505 ad
1124 2475 1320 2516 voluptatem
1335 2485 1424 2506 suam
1440 2486 1533 2517 quarn
1549 2486 1668 2513 eorum,

192 2537 272 2569 quos
287 2529 419 2560 vicerint
434 2542 440 2560 z
467 2537 644 2572 cogantque
658 2532 732 2562 illos
747 2531 796 2561 his
809 2530 934 2573 legibus
951 2530 1009 2561 uti.
1033 2535 1159 2571 cogant,
1171 2528 1315 2571 inquam,
1328 2530 1455 2571 gemina
1467 2531 1671 2562 necessitatis

193 2583 255 2620 via,
270 2592 359 2616 metu
371 2585 496 2616 scilicet
510 2590 542 2616 et
555 2585 676 2627 pudore
693 2597 699 2616 :
725 2590 813 2616 metu
837 2584 966 2627 quidem
989 2589 1160 2626 propterea
1173 2584 1261 2626 quod
1276 2585 1471 2626 potentiores
1487 2586 1562 2621 sint,
1578 2597 1667 2616 suam

194 2636 259 2668 vim
286 2636 539 2670 demonstrantes
558 2652 564 2670 :
592 2641 712 2681 pudore
736 2649 813 2671 vero
834 2650 872 2670 ex
897 2650 947 2676 eo,
965 2638 1051 2681 quod
1064 2649 1169 2670 rursus
1186 2640 1384 2681 potentiores
1398 2640 1669 2682 promptioresque

195 2698 371 2733 appareant
385 2698 453 2724 tum
468 2693 499 2724 in
517 2694 732 2736 voluptatibus
748 2695 933 2736 superandis
951 2700 1017 2724 tum
1030 2693 1061 2723 in
1079 2693 1202 2735 legibus
1216 2693 1434 2724 observandis.
1457 2695 1547 2726 alites
1563 2700 1668 2725 autem

192 2746 280 2777 nulla
295 2757 422 2788 prorsus
437 2754 485 2779 est
498 2749 548 2779 via
563 2748 774 2780 finiendorum
784 2750 936 2780 malorum
951 2747 1100 2783 civitatis,
1121 2748 1154 2778 in
1169 2758 1202 2778 se
1218 2748 1288 2789 ipsa
1299 2747 1506 2779 seditionibus
1523 2748 1668 2778 laboran-

194 2799 235 2830 tis
252 2811 258 2829 :
283 2800 341 2831 sed
364 2802 549 2839 seditiones,
571 2801 757 2839 inimicitiae,
785 2802 870 2839 odia,
888 2801 1085 2844 proditiones
1098 2802 1133 2833 in
1148 2802 1318 2844 republica,
1337 2807 1371 2834 ut
1386 2803 1417 2834 in
1434 2802 1613 2835 civitatibus
1628 2802 1671 2833 ita

197 2862 230 2883 se
247 2853 437 2887 habentibus
450 2857 532 2888 intra
547 2867 581 2888 se
596 2863 691 2899 atque
705 2857 844 2888 vicissim
858 2857 927 2888 fieri
942 2856 1117 2893 consuevit,
1130 2866 1255 2898 semper
1269 2857 1458 2888 exorientur.
1471 2856 1672 2898 quamobrem

198 2908 255 2949 qui
285 2914 438 2953 tanquam
464 2911 659 2954 potentiores
688 2912 917 2955 rempublicam
946 2916 1069 2948 tenent,
1091 2911 1118 2943 si
1142 2911 1280 2943 salutem
1293 2916 1454 2953 exoptant,
1468 2910 1530 2952 ipsi
1543 2910 1626 2943 inter
1641 2919 1675 2942 se
