<?xml version="1.0" encoding="UTF-8"?>
<!DOCTYPE html PUBLIC "-//W3C//DTD XHTML 1.0 Transitional//EN"
    "http://www.w3.org/TR/xhtml1/DTD/xhtml1-transitional.dtd">
<html xmlns="http://www.w3.org/1999/xhtml" xml:lang="en" lang="en">
 <head>
  <title>
</title>
<meta http-equiv="Content-Type" content="text/html;charset=utf-8" />
  <meta name='ocr-system' content='tesseract 3.04.00' />
  <meta name='ocr-capabilities' content='ocr_page ocr_carea ocr_par ocr_line ocrx_word'/>
</head>
<body>
  <div class='ocr_page' id='page_1' title='image "./platonisetquaeve11plat_0101.png"; bbox 0 0 1840 3225; ppageno 0'>
   <div class='ocr_carea' id='block_1_1' title="bbox 159 251 1622 306">
    <p class='ocr_par' dir='ltr' id='par_1_1' title="bbox 159 251 1622 306">
     <span class='ocr_line' id='line_1_1' title="bbox 159 251 1622 306; baseline -0.003 -13"><span class='ocrx_word' id='word_1_1' title='bbox 159 256 254 306; x_wconf 81' lang='lat'><strong>332]</strong></span> <span class='ocrx_word' id='word_1_2' title='bbox 568 255 642 293; x_wconf 90' lang='lat' dir='ltr'>DE</span> <span class='ocrx_word' id='word_1_3' title='bbox 672 251 979 292; x_wconf 87' lang='lat' dir='ltr'>REPUBLICA</span> <span class='ocrx_word' id='word_1_4' title='bbox 1010 251 1105 291; x_wconf 88' lang='lat' dir='ltr'>LIB.</span> <span class='ocrx_word' id='word_1_5' title='bbox 1138 252 1168 289; x_wconf 91' lang='grc' dir='ltr'>Ι.</span> <span class='ocrx_word' id='word_1_6' title='bbox 1574 253 1622 289; x_wconf 89' lang='lat'>87</span> 
     </span>
    </p>
   </div>
   <div class='ocr_carea' id='block_1_2' title="bbox 148 354 1658 2982">
    <p class='ocr_par' dir='ltr' id='par_1_2' title="bbox 148 354 1658 2982">
     <span class='ocr_line' id='line_1_2' title="bbox 161 354 1620 399; baseline -0.001 -12"><span class='ocrx_word' id='word_1_7' title='bbox 161 357 239 388; x_wconf 77' lang='lat' dir='ltr'>niliil</span> <span class='ocrx_word' id='word_1_8' title='bbox 256 356 339 387; x_wconf 85' lang='lat' dir='ltr'>aliud</span> <span class='ocrx_word' id='word_1_9' title='bbox 358 362 467 399; x_wconf 69' lang='lat' dir='ltr'>praeter</span> <span class='ocrx_word' id='word_1_10' title='bbox 492 357 616 388; x_wconf 84' lang='lat' dir='ltr'>divitias</span> <span class='ocrx_word' id='word_1_11' title='bbox 642 355 767 387; x_wconf 82' lang='lat' dir='ltr'>laudare</span> <span class='ocrx_word' id='word_1_12' title='bbox 794 355 900 386; x_wconf 82' lang='lat' dir='ltr'>velint.</span> <span class='ocrx_word' id='word_1_13' title='bbox 948 354 1043 391; x_wconf 83' lang='lat' dir='ltr'>Vera,</span> <span class='ocrx_word' id='word_1_14' title='bbox 1069 354 1182 395; x_wconf 82' lang='lat' dir='ltr'>inquit,</span> <span class='ocrx_word' id='word_1_15' title='bbox 1208 358 1320 385; x_wconf 74' lang='lat' dir='ltr'>narras.</span> <span class='ocrx_word' id='word_1_16' title='bbox 1368 354 1409 384; x_wconf 90' lang='lat' dir='ltr'>Et</span> <span class='ocrx_word' id='word_1_17' title='bbox 1435 354 1525 386; x_wconf 87' lang='lat' dir='ltr'>valde</span> <span class='ocrx_word' id='word_1_18' title='bbox 1551 355 1620 397; x_wconf 91' lang='lat' dir='ltr'>qui-</span> 
     </span>
     <span class='ocr_line' id='line_1_3' title="bbox 162 407 1620 452; baseline 0 -12"><span class='ocrx_word' id='word_1_19' title='bbox 162 410 246 446; x_wconf 84' lang='lat' dir='ltr'>dem,</span> <span class='ocrx_word' id='word_1_20' title='bbox 260 411 388 452; x_wconf 88' lang='lat' dir='ltr'>inquam</span> <span class='ocrx_word' id='word_1_21' title='bbox 403 421 472 452; x_wconf 81' lang='lat' dir='ltr'>ego.</span> <span class='ocrx_word' id='word_1_22' title='bbox 495 411 549 441; x_wconf 87' lang='lat' dir='ltr'>sed</span> <span class='ocrx_word' id='word_1_23' title='bbox 566 411 624 441; x_wconf 79' lang='lat' dir='ltr'>lioc</span> <span class='ocrx_word' id='word_1_24' title='bbox 637 410 730 441; x_wconf 83' lang='lat' dir='ltr'>ctiam</span> <span class='ocrx_word' id='word_1_25' title='bbox 744 409 819 439; x_wconf 79' lang='lat' dir='ltr'>milii</span> <span class='ocrx_word' id='word_1_26' title='bbox 833 408 972 439; x_wconf 83' lang='lat' dir='ltr'>declara:</span> <span class='ocrx_word' id='word_1_27' title='bbox 991 408 1066 448; x_wconf 87' lang='lat' dir='ltr'>quid</span> <span class='ocrx_word' id='word_1_28' title='bbox 1081 408 1152 438; x_wconf 90' lang='lat' dir='ltr'>boni</span> <span class='ocrx_word' id='word_1_29' title='bbox 1167 407 1297 438; x_wconf 75' lang='lat' dir='ltr'>maxime</span> <span class='ocrx_word' id='word_1_30' title='bbox 1311 419 1347 438; x_wconf 82' lang='lat' dir='ltr'>ex</span> <span class='ocrx_word' id='word_1_31' title='bbox 1361 408 1536 439; x_wconf 85' lang='lat' dir='ltr'>divitiarum</span> <span class='ocrx_word' id='word_1_32' title='bbox 1548 420 1620 450; x_wconf 86' lang='lat' dir='ltr'>pos-</span> 
     </span>
     <span class='ocr_line' id='line_1_4' title="bbox 162 461 1621 505; baseline 0 -11"><span class='ocrx_word' id='word_1_33' title='bbox 162 463 299 495; x_wconf 74' lang='lat' dir='ltr'>sessione</span> <span class='ocrx_word' id='word_1_34' title='bbox 314 469 345 495; x_wconf 86' lang='lat' dir='ltr'>te</span> <span class='ocrx_word' id='word_1_35' title='bbox 361 464 516 495; x_wconf 79' lang='lat' dir='ltr'>existimas</span> <span class='ocrx_word' id='word_1_36' title='bbox 539 468 740 495; x_wconf 88' lang='lat' dir='ltr'>consecutum</span> <span class='ocrx_word' id='word_1_37' title='bbox 758 464 768 493; x_wconf 92' lang='lat'>?</span> <span class='ocrx_word' id='word_1_38' title='bbox 815 462 923 500; x_wconf 83' lang='lat' dir='ltr'>Quod,</span> <span class='ocrx_word' id='word_1_39' title='bbox 939 462 1051 503; x_wconf 87' lang='lat' dir='ltr'>inquit,</span> <span class='ocrx_word' id='word_1_40' title='bbox 1067 472 1130 492; x_wconf 89' lang='lat' dir='ltr'>non</span> <span class='ocrx_word' id='word_1_41' title='bbox 1154 461 1260 492; x_wconf 82' lang='lat' dir='ltr'>multis</span> <span class='ocrx_word' id='word_1_42' title='bbox 1287 462 1365 492; x_wconf 88' lang='lat' dir='ltr'>sorte</span> <span class='ocrx_word' id='word_1_43' title='bbox 1393 463 1621 505; x_wconf 81' lang='lat' dir='ltr'>persuaderem,</span> 
     </span>
     <span class='ocr_line' id='line_1_5' title="bbox 163 515 1621 558; baseline 0.001 -11"><span class='ocrx_word' id='word_1_44' title='bbox 163 517 187 548; x_wconf 89' lang='lat' dir='ltr'>si</span> <span class='ocrx_word' id='word_1_45' title='bbox 203 517 342 549; x_wconf 83' lang='lat' dir='ltr'>dixerim.</span> <span class='ocrx_word' id='word_1_46' title='bbox 364 523 447 550; x_wconf 89' lang='lat' dir='ltr'>certo</span> <span class='ocrx_word' id='word_1_47' title='bbox 463 518 553 557; x_wconf 87' lang='lat' dir='ltr'>scias,</span> <span class='ocrx_word' id='word_1_48' title='bbox 567 529 585 549; x_wconf 92' lang='lat'>0</span> <span class='ocrx_word' id='word_1_49' title='bbox 600 518 754 554; x_wconf 82' lang='lat' dir='ltr'>Socrates,</span> <span class='ocrx_word' id='word_1_50' title='bbox 770 517 855 558; x_wconf 89' lang='lat' dir='ltr'>quod</span> <span class='ocrx_word' id='word_1_51' title='bbox 873 521 1038 557; x_wconf 83' lang='lat' dir='ltr'>postquam</span> <span class='ocrx_word' id='word_1_52' title='bbox 1053 526 1090 545; x_wconf 90' lang='lat' dir='ltr'>eo</span> <span class='ocrx_word' id='word_1_53' title='bbox 1106 515 1234 546; x_wconf 88' lang='lat' dir='ltr'>devenit</span> <span class='ocrx_word' id='word_1_54' title='bbox 1252 515 1374 555; x_wconf 88' lang='lat' dir='ltr'>aliquis,</span> <span class='ocrx_word' id='word_1_55' title='bbox 1389 521 1424 546; x_wconf 88' lang='lat' dir='ltr'>ut</span> <span class='ocrx_word' id='word_1_56' title='bbox 1450 517 1533 547; x_wconf 86' lang='lat' dir='ltr'>brevi</span> <span class='ocrx_word' id='word_1_57' title='bbox 1553 517 1621 558; x_wconf 90' lang='lat' dir='ltr'>jam</span> 
     </span>
     <span class='ocr_line' id='line_1_6' title="bbox 163 569 1622 613; baseline 0.001 -12"><span class='ocrx_word' id='word_1_58' title='bbox 163 572 343 602; x_wconf 89' lang='lat' dir='ltr'>moriturum</span> <span class='ocrx_word' id='word_1_59' title='bbox 356 583 388 603; x_wconf 88' lang='lat' dir='ltr'>se</span> <span class='ocrx_word' id='word_1_60' title='bbox 401 571 558 613; x_wconf 90' lang='lat' dir='ltr'>opinetur,</span> <span class='ocrx_word' id='word_1_61' title='bbox 575 572 687 603; x_wconf 87' lang='lat' dir='ltr'>incidit</span> <span class='ocrx_word' id='word_1_62' title='bbox 702 571 734 601; x_wconf 89' lang='lat' dir='ltr'>in</span> <span class='ocrx_word' id='word_1_63' title='bbox 751 582 821 602; x_wconf 87' lang='lat' dir='ltr'>eum</span> <span class='ocrx_word' id='word_1_64' title='bbox 839 571 928 601; x_wconf 88' lang='lat' dir='ltr'>timor</span> <span class='ocrx_word' id='word_1_65' title='bbox 943 574 976 600; x_wconf 90' lang='lat' dir='ltr'>et</span> <span class='ocrx_word' id='word_1_66' title='bbox 991 580 1062 600; x_wconf 86' lang='lat' dir='ltr'>cura</span> <span class='ocrx_word' id='word_1_67' title='bbox 1077 569 1220 609; x_wconf 86' lang='lat' dir='ltr'>quaedam</span> <span class='ocrx_word' id='word_1_68' title='bbox 1243 579 1360 605; x_wconf 85' lang='lat' dir='ltr'>eorum,</span> <span class='ocrx_word' id='word_1_69' title='bbox 1374 580 1444 610; x_wconf 81' lang='lat' dir='ltr'>quae</span> <span class='ocrx_word' id='word_1_70' title='bbox 1469 570 1501 600; x_wconf 89' lang='lat' dir='ltr'>in</span> <span class='ocrx_word' id='word_1_71' title='bbox 1527 582 1622 613; x_wconf 84' lang='lat' dir='ltr'>supe-</span> 
     </span>
     <span class='ocr_line' id='line_1_7' title="bbox 162 622 1623 667; baseline 0 -12"><span class='ocrx_word' id='word_1_72' title='bbox 162 625 234 655; x_wconf 83' lang='lat' dir='ltr'>riori</span> <span class='ocrx_word' id='word_1_73' title='bbox 251 625 312 656; x_wconf 85' lang='lat' dir='ltr'>vita</span> <span class='ocrx_word' id='word_1_74' title='bbox 327 625 473 667; x_wconf 78' lang='lat' dir='ltr'>neglexit.</span> <span class='ocrx_word' id='word_1_75' title='bbox 495 625 610 656; x_wconf 84' lang='lat' dir='ltr'>etenim</span> <span class='ocrx_word' id='word_1_76' title='bbox 627 625 752 660; x_wconf 84' lang='lat' dir='ltr'>fabulae‚</span> <span class='ocrx_word' id='word_1_77' title='bbox 767 635 837 665; x_wconf 82' lang='lat' dir='ltr'>quae</span> <span class='ocrx_word' id='word_1_78' title='bbox 852 624 892 655; x_wconf 85' lang='lat' dir='ltr'>de</span> <span class='ocrx_word' id='word_1_79' title='bbox 906 622 1011 654; x_wconf 86' lang='lat' dir='ltr'>inferis</span> <span class='ocrx_word' id='word_1_80' title='bbox 1027 623 1185 658; x_wconf 89' lang='lat' dir='ltr'>dicuntur,</span> <span class='ocrx_word' id='word_1_81' title='bbox 1202 624 1464 663; x_wconf 84' lang='lat' dir='ltr'>quemadmodum</span> <span class='ocrx_word' id='word_1_82' title='bbox 1486 634 1551 660; x_wconf 88' lang='lat' dir='ltr'>eos,</span> <span class='ocrx_word' id='word_1_83' title='bbox 1567 625 1623 665; x_wconf 88' lang='lat' dir='ltr'>qui</span> 
     </span>
     <span class='ocr_line' id='line_1_8' title="bbox 163 677 1623 720; baseline -0.001 -11"><span class='ocrx_word' id='word_1_84' title='bbox 163 678 280 719; x_wconf 84' lang='lat' dir='ltr'>injuste</span> <span class='ocrx_word' id='word_1_85' title='bbox 295 684 436 719; x_wconf 85' lang='lat' dir='ltr'>egerunt,</span> <span class='ocrx_word' id='word_1_86' title='bbox 453 689 560 720; x_wconf 88' lang='lat' dir='ltr'>poenas</span> <span class='ocrx_word' id='word_1_87' title='bbox 575 679 641 709; x_wconf 87' lang='lat' dir='ltr'>illic</span> <span class='ocrx_word' id='word_1_88' title='bbox 657 679 730 708; x_wconf 86' lang='lat' dir='ltr'>dare</span> <span class='ocrx_word' id='word_1_89' title='bbox 756 682 912 719; x_wconf 82' lang='lat' dir='ltr'>oporteat,</span> <span class='ocrx_word' id='word_1_90' title='bbox 926 677 1019 708; x_wconf 85' lang='lat' dir='ltr'>irrisae</span> <span class='ocrx_word' id='word_1_91' title='bbox 1045 677 1206 711; x_wconf 85' lang='lat' dir='ltr'>hactenus,</span> <span class='ocrx_word' id='word_1_92' title='bbox 1223 681 1349 706; x_wconf 91' lang='lat' dir='ltr'>movent</span> <span class='ocrx_word' id='word_1_93' title='bbox 1373 682 1446 707; x_wconf 89' lang='lat' dir='ltr'>tnnc</span> <span class='ocrx_word' id='word_1_94' title='bbox 1472 677 1623 719; x_wconf 86' lang='lat' dir='ltr'>animum,</span> 
     </span>
     <span class='ocr_line' id='line_1_9' title="bbox 162 729 1619 772; baseline 0 -10"><span class='ocrx_word' id='word_1_95' title='bbox 162 741 202 761; x_wconf 84' lang='lat' dir='ltr'>ne</span> <span class='ocrx_word' id='word_1_96' title='bbox 217 731 297 762; x_wconf 90' lang='lat' dir='ltr'>forte</span> <span class='ocrx_word' id='word_1_97' title='bbox 314 742 391 762; x_wconf 86' lang='lat' dir='ltr'>verae</span> <span class='ocrx_word' id='word_1_98' title='bbox 406 732 468 762; x_wconf 89' lang='lat' dir='ltr'>sint</span> <span class='ocrx_word' id='word_1_99' title='bbox 484 731 705 772; x_wconf 87' lang='lat' dir='ltr'>suspicantem.</span> <span class='ocrx_word' id='word_1_100' title='bbox 728 736 821 771; x_wconf 87' lang='lat' dir='ltr'>atque</span> <span class='ocrx_word' id='word_1_101' title='bbox 835 731 916 772; x_wconf 88' lang='lat' dir='ltr'>ipse,</span> <span class='ocrx_word' id='word_1_102' title='bbox 933 731 997 761; x_wconf 90' lang='lat' dir='ltr'>sive</span> <span class='ocrx_word' id='word_1_103' title='bbox 1013 735 1139 771; x_wconf 90' lang='lat' dir='ltr'>propter</span> <span class='ocrx_word' id='word_1_104' title='bbox 1153 730 1320 760; x_wconf 83' lang='lat' dir='ltr'>senectutis</span> <span class='ocrx_word' id='word_1_105' title='bbox 1346 729 1551 767; x_wconf 81' lang='lat' dir='ltr'>debilitatem,</span> <span class='ocrx_word' id='word_1_106' title='bbox 1567 742 1619 762; x_wconf 93' lang='lat' dir='ltr'>seu</span> 
     </span>
     <span class='ocr_line' id='line_1_10' title="bbox 161 782 1618 826; baseline -0.001 -11"><span class='ocrx_word' id='word_1_107' title='bbox 161 785 244 824; x_wconf 90' lang='lat' dir='ltr'>quod</span> <span class='ocrx_word' id='word_1_108' title='bbox 262 784 349 815; x_wconf 87' lang='lat' dir='ltr'>alteri</span> <span class='ocrx_word' id='word_1_109' title='bbox 365 785 435 815; x_wconf 83' lang='lat' dir='ltr'>vitae</span> <span class='ocrx_word' id='word_1_110' title='bbox 450 784 654 826; x_wconf 82' lang='lat' dir='ltr'>propinquior</span> <span class='ocrx_word' id='word_1_111' title='bbox 680 784 733 814; x_wconf 91' lang='lat' dir='ltr'>illa</span> <span class='ocrx_word' id='word_1_112' title='bbox 757 783 877 815; x_wconf 89' lang='lat' dir='ltr'>acutius</span> <span class='ocrx_word' id='word_1_113' title='bbox 902 783 1042 824; x_wconf 87' lang='lat' dir='ltr'>inspicit,</span> <span class='ocrx_word' id='word_1_114' title='bbox 1059 782 1278 814; x_wconf 82' lang='lat' dir='ltr'>sollicitudinis</span> <span class='ocrx_word' id='word_1_115' title='bbox 1304 788 1336 813; x_wconf 92' lang='lat' dir='ltr'>et</span> <span class='ocrx_word' id='word_1_116' title='bbox 1361 783 1478 814; x_wconf 89' lang='lat' dir='ltr'>timoris</span> <span class='ocrx_word' id='word_1_117' title='bbox 1506 784 1618 825; x_wconf 85' lang='lat' dir='ltr'>plenus</span> 
     </span>
     <span class='ocr_line' id='line_1_11' title="bbox 155 836 1618 879; baseline 0.001 -12"><span class='ocrx_word' id='word_1_118' title='bbox 155 837 307 874; x_wconf 86' lang='lat' dir='ltr'>redditur,</span> <span class='ocrx_word' id='word_1_119' title='bbox 321 843 415 879; x_wconf 88' lang='lat' dir='ltr'>atque</span> <span class='ocrx_word' id='word_1_120' title='bbox 430 843 554 879; x_wconf 86' lang='lat' dir='ltr'>reputat</span> <span class='ocrx_word' id='word_1_121' title='bbox 568 838 797 878; x_wconf 85' lang='lat' dir='ltr'>examinatque,</span> <span class='ocrx_word' id='word_1_122' title='bbox 811 837 836 867; x_wconf 91' lang='lat' dir='ltr'>si</span> <span class='ocrx_word' id='word_1_123' title='bbox 852 847 945 878; x_wconf 90' lang='lat' dir='ltr'>quem</span> <span class='ocrx_word' id='word_1_124' title='bbox 957 836 1071 878; x_wconf 77' lang='lat' dir='ltr'>injuria</span> <span class='ocrx_word' id='word_1_125' title='bbox 1087 836 1192 878; x_wconf 84' lang='lat' dir='ltr'>aliqua</span> <span class='ocrx_word' id='word_1_126' title='bbox 1217 836 1365 868; x_wconf 84' lang='lat' dir='ltr'>affecerit.</span> <span class='ocrx_word' id='word_1_127' title='bbox 1391 837 1445 878; x_wconf 90' lang='lat' dir='ltr'>qui</span> <span class='ocrx_word' id='word_1_128' title='bbox 1470 848 1543 879; x_wconf 82' lang='lat' dir='ltr'>ergo</span> <span class='ocrx_word' id='word_1_129' title='bbox 1569 838 1618 868; x_wconf 88' lang='lat' dir='ltr'>in-</span> 
     </span>
     <span class='ocr_line' id='line_1_12' title="bbox 158 888 1622 935; baseline 0.001 -14"><span class='ocrx_word' id='word_1_130' title='bbox 158 891 280 922; x_wconf 86' lang='lat' dir='ltr'>venerit</span> <span class='ocrx_word' id='word_1_131' title='bbox 295 891 407 922; x_wconf 88' lang='lat' dir='ltr'>multas</span> <span class='ocrx_word' id='word_1_132' title='bbox 422 891 490 932; x_wconf 74' lang='lat' dir='ltr'>ejus</span> <span class='ocrx_word' id='word_1_133' title='bbox 504 891 537 922; x_wconf 85' lang='lat' dir='ltr'>in</span> <span class='ocrx_word' id='word_1_134' title='bbox 554 892 617 922; x_wconf 84' lang='lat' dir='ltr'>vita</span> <span class='ocrx_word' id='word_1_135' title='bbox 638 891 831 932; x_wconf 86' lang='lat' dir='ltr'>iniquitates,</span> <span class='ocrx_word' id='word_1_136' title='bbox 847 901 883 921; x_wconf 83' lang='lat' dir='ltr'>ex</span> <span class='ocrx_word' id='word_1_137' title='bbox 909 891 977 931; x_wconf 91' lang='lat' dir='ltr'>ipso</span> <span class='ocrx_word' id='word_1_138' title='bbox 1005 900 1127 930; x_wconf 90' lang='lat' dir='ltr'>somno,</span> <span class='ocrx_word' id='word_1_139' title='bbox 1150 895 1298 931; x_wconf 85' lang='lat' dir='ltr'>tanquam</span> <span class='ocrx_word' id='word_1_140' title='bbox 1323 891 1422 931; x_wconf 87' lang='lat' dir='ltr'>pueri,</span> <span class='ocrx_word' id='word_1_141' title='bbox 1445 888 1622 935; x_wconf 77' lang='lat' dir='ltr'>frequenter</span> 
     </span>
     <span class='ocr_line' id='line_1_13' title="bbox 157 943 1621 985; baseline 0.001 -11"><span class='ocrx_word' id='word_1_142' title='bbox 157 944 277 975; x_wconf 85' lang='lat' dir='ltr'>excitus</span> <span class='ocrx_word' id='word_1_143' title='bbox 291 944 474 982; x_wconf 86' lang='lat' dir='ltr'>extimescit,</span> <span class='ocrx_word' id='word_1_144' title='bbox 490 949 522 976; x_wconf 91' lang='lat' dir='ltr'>et</span> <span class='ocrx_word' id='word_1_145' title='bbox 535 944 669 985; x_wconf 87' lang='lat' dir='ltr'>pessima</span> <span class='ocrx_word' id='word_1_146' title='bbox 692 944 725 974; x_wconf 91' lang='lat' dir='ltr'>in</span> <span class='ocrx_word' id='word_1_147' title='bbox 749 954 804 985; x_wconf 87' lang='lat' dir='ltr'>spe</span> <span class='ocrx_word' id='word_1_148' title='bbox 829 943 916 974; x_wconf 86' lang='lat' dir='ltr'>vivit.</span> <span class='ocrx_word' id='word_1_149' title='bbox 939 943 992 984; x_wconf 90' lang='lat' dir='ltr'>qui</span> <span class='ocrx_word' id='word_1_150' title='bbox 1020 948 1122 974; x_wconf 88' lang='lat' dir='ltr'>autem</span> <span class='ocrx_word' id='word_1_151' title='bbox 1148 943 1245 985; x_wconf 81' lang='lat'><strong>[331]</strong></span> <span class='ocrx_word' id='word_1_152' title='bbox 1271 944 1386 974; x_wconf 89' lang='lat' dir='ltr'>nullius</span> <span class='ocrx_word' id='word_1_153' title='bbox 1411 944 1534 985; x_wconf 82' lang='lat' dir='ltr'>injuriae</span> <span class='ocrx_word' id='word_1_154' title='bbox 1561 945 1621 976; x_wconf 84' lang='lat' dir='ltr'>sibi</span> 
     </span>
     <span class='ocr_line' id='line_1_14' title="bbox 158 997 1621 1039; baseline 0.001 -11"><span class='ocrx_word' id='word_1_155' title='bbox 158 998 303 1029; x_wconf 90' lang='lat' dir='ltr'>conscius</span> <span class='ocrx_word' id='word_1_156' title='bbox 318 1004 375 1035; x_wconf 88' lang='lat' dir='ltr'>est,</span> <span class='ocrx_word' id='word_1_157' title='bbox 392 998 464 1029; x_wconf 91' lang='lat' dir='ltr'>huic</span> <span class='ocrx_word' id='word_1_158' title='bbox 476 997 619 1039; x_wconf 85' lang='lat' dir='ltr'>jucunda</span> <span class='ocrx_word' id='word_1_159' title='bbox 634 1009 704 1039; x_wconf 87' lang='lat' dir='ltr'>spes</span> <span class='ocrx_word' id='word_1_160' title='bbox 720 1008 841 1039; x_wconf 87' lang='lat' dir='ltr'>semper</span> <span class='ocrx_word' id='word_1_161' title='bbox 855 998 957 1037; x_wconf 88' lang='lat' dir='ltr'>adest,</span> <span class='ocrx_word' id='word_1_162' title='bbox 971 998 1089 1039; x_wconf 89' lang='lat' dir='ltr'>optima</span> <span class='ocrx_word' id='word_1_163' title='bbox 1104 998 1273 1028; x_wconf 84' lang='lat' dir='ltr'>senectutis</span> <span class='ocrx_word' id='word_1_164' title='bbox 1288 998 1401 1034; x_wconf 86' lang='lat' dir='ltr'>nutrix,</span> <span class='ocrx_word' id='word_1_165' title='bbox 1416 999 1621 1039; x_wconf 87' lang='lat' dir='ltr'>quemadmo-</span> 
     </span>
     <span class='ocr_line' id='line_1_15' title="bbox 158 1052 1620 1094; baseline 0 -10"><span class='ocrx_word' id='word_1_166' title='bbox 158 1053 235 1084; x_wconf 88' lang='lat' dir='ltr'>dum</span> <span class='ocrx_word' id='word_1_167' title='bbox 251 1053 404 1084; x_wconf 85' lang='lat' dir='ltr'>Pindarus</span> <span class='ocrx_word' id='word_1_168' title='bbox 418 1054 473 1085; x_wconf 81' lang='lat' dir='ltr'>ait.</span> <span class='ocrx_word' id='word_1_169' title='bbox 496 1054 573 1084; x_wconf 87' lang='lat' dir='ltr'>scite</span> <span class='ocrx_word' id='word_1_170' title='bbox 589 1064 722 1094; x_wconf 86' lang='lat' dir='ltr'>namque</span> <span class='ocrx_word' id='word_1_171' title='bbox 737 1053 803 1089; x_wconf 87' lang='lat' dir='ltr'>ille,</span> <span class='ocrx_word' id='word_1_172' title='bbox 819 1064 837 1083; x_wconf 94' lang='lat' dir='ltr'>o</span> <span class='ocrx_word' id='word_1_173' title='bbox 849 1053 1002 1089; x_wconf 82' lang='lat' dir='ltr'>Socrates,</span> <span class='ocrx_word' id='word_1_174' title='bbox 1014 1052 1099 1083; x_wconf 87' lang='lat' dir='ltr'>istud</span> <span class='ocrx_word' id='word_1_175' title='bbox 1113 1053 1228 1084; x_wconf 88' lang='lat' dir='ltr'>cecinit</span> <span class='ocrx_word' id='word_1_176' title='bbox 1242 1065 1248 1083; x_wconf 74' lang='grc' dir='ltr'>ε</span> <span class='ocrx_word' id='word_1_177' title='bbox 1278 1054 1463 1094; x_wconf 75' lang='lat' dir='ltr'>Quicunque</span> <span class='ocrx_word' id='word_1_178' title='bbox 1474 1054 1620 1086; x_wconf 78' lang='lat' dir='ltr'>videlicet</span> 
     </span>
     <span class='ocr_line' id='line_1_16' title="bbox 149 1106 1621 1149; baseline 0 -10"><span class='ocrx_word' id='word_1_179' title='bbox 149 1107 240 1146; x_wconf 77' lang='lat' dir='ltr'>juste</span> <span class='ocrx_word' id='word_1_180' title='bbox 255 1111 420 1149; x_wconf 79' lang='lat' dir='ltr'>sancteque</span> <span class='ocrx_word' id='word_1_181' title='bbox 435 1109 534 1139; x_wconf 80' lang='lat' dir='ltr'>vitam</span> <span class='ocrx_word' id='word_1_182' title='bbox 548 1108 665 1149; x_wconf 75' lang='lat' dir='ltr'>exigit,</span> <span class='ocrx_word' id='word_1_183' title='bbox 680 1107 781 1139; x_wconf 80' lang='lat' dir='ltr'>dulcis</span> <span class='ocrx_word' id='word_1_184' title='bbox 795 1116 863 1138; x_wconf 86' lang='lat' dir='ltr'>eum</span> <span class='ocrx_word' id='word_1_185' title='bbox 879 1116 948 1147; x_wconf 77' lang='lat' dir='ltr'>spes</span> <span class='ocrx_word' id='word_1_186' title='bbox 960 1106 1128 1138; x_wconf 81' lang='lat' dir='ltr'>comitatur</span> <span class='ocrx_word' id='word_1_187' title='bbox 1142 1117 1196 1138; x_wconf 89' lang='lat' dir='ltr'>cor</span> <span class='ocrx_word' id='word_1_188' title='bbox 1209 1107 1351 1138; x_wconf 75' lang='lat' dir='ltr'>nutriens</span> <span class='ocrx_word' id='word_1_189' title='bbox 1371 1111 1621 1149; x_wconf 77' lang='lat' dir='ltr'>senectutemque</span> 
     </span>
     <span class='ocr_line' id='line_1_17' title="bbox 148 1160 1658 1203; baseline 0 -11"><span class='ocrx_word' id='word_1_190' title='bbox 148 1163 361 1203; x_wconf 52' lang='lat' dir='ltr'>sovensfquoe</span> <span class='ocrx_word' id='word_1_191' title='bbox 375 1163 512 1194; x_wconf 77' lang='lat' dir='ltr'>maxime</span> <span class='ocrx_word' id='word_1_192' title='bbox 528 1162 685 1193; x_wconf 82' lang='lat' dir='ltr'>hominum</span> <span class='ocrx_word' id='word_1_193' title='bbox 696 1161 860 1193; x_wconf 82' lang='lat' dir='ltr'>volubilem</span> <span class='ocrx_word' id='word_1_194' title='bbox 870 1160 1028 1200; x_wconf 80' lang='lat' dir='ltr'>gubernat</span> <span class='ocrx_word' id='word_1_195' title='bbox 1043 1161 1193 1192; x_wconf 82' lang='lat' dir='ltr'>animum.</span> <span class='ocrx_word' id='word_1_196' title='bbox 1238 1161 1327 1191; x_wconf 84' lang='lat' dir='ltr'>Bene</span> <span class='ocrx_word' id='word_1_197' title='bbox 1342 1161 1435 1201; x_wconf 81' lang='lat' dir='ltr'>igitur</span> <span class='ocrx_word' id='word_1_198' title='bbox 1461 1166 1494 1192; x_wconf 85' lang='lat' dir='ltr'>et</span> <span class='ocrx_word' id='word_1_199' title='bbox 1514 1162 1619 1202; x_wconf 88' lang='lat' dir='ltr'>appri-</span> <span class='ocrx_word' id='word_1_200' title='bbox 1650 1186 1658 1192; x_wconf 82' lang='grc'><strong><em>,</em></strong></span> 
     </span>
     <span class='ocr_line' id='line_1_18' title="bbox 159 1214 1619 1255; baseline 0 -10"><span class='ocrx_word' id='word_1_201' title='bbox 159 1226 209 1247; x_wconf 70' lang='lat' dir='ltr'>ine</span> <span class='ocrx_word' id='word_1_202' title='bbox 225 1216 397 1246; x_wconf 74' lang='lat' dir='ltr'>mirandum</span> <span class='ocrx_word' id='word_1_203' title='bbox 412 1215 498 1246; x_wconf 88' lang='lat' dir='ltr'>dicit.</span> <span class='ocrx_word' id='word_1_204' title='bbox 513 1216 553 1245; x_wconf 89' lang='lat' dir='ltr'>ad</span> <span class='ocrx_word' id='word_1_205' title='bbox 568 1216 634 1245; x_wconf 76' lang='lat' dir='ltr'>liaec</span> <span class='ocrx_word' id='word_1_206' title='bbox 651 1226 709 1255; x_wconf 87' lang='lat' dir='ltr'>ego</span> <span class='ocrx_word' id='word_1_207' title='bbox 725 1214 868 1245; x_wconf 82' lang='lat' dir='ltr'>existimo</span> <span class='ocrx_word' id='word_1_208' title='bbox 886 1214 1031 1255; x_wconf 62' lang='lat' dir='ltr'>pecuniae</span> <span class='ocrx_word' id='word_1_209' title='bbox 1048 1214 1272 1254; x_wconf 84' lang='lat' dir='ltr'>possessionem</span> <span class='ocrx_word' id='word_1_210' title='bbox 1290 1214 1416 1255; x_wconf 87' lang='lat' dir='ltr'>plurimi</span> <span class='ocrx_word' id='word_1_211' title='bbox 1440 1215 1619 1247; x_wconf 85' lang='lat' dir='ltr'>faciendam</span> 
     </span>
     <span class='ocr_line' id='line_1_19' title="bbox 158 1267 1618 1310; baseline 0.001 -11"><span class='ocrx_word' id='word_1_212' title='bbox 158 1280 238 1307; x_wconf 88' lang='lat' dir='ltr'>esse,</span> <span class='ocrx_word' id='word_1_213' title='bbox 253 1280 317 1299; x_wconf 87' lang='lat' dir='ltr'>non</span> <span class='ocrx_word' id='word_1_214' title='bbox 333 1270 430 1300; x_wconf 80' lang='lat' dir='ltr'>cuivis</span> <span class='ocrx_word' id='word_1_215' title='bbox 445 1269 576 1305; x_wconf 84' lang='lat' dir='ltr'>homini,</span> <span class='ocrx_word' id='word_1_216' title='bbox 592 1269 647 1299; x_wconf 88' lang='lat' dir='ltr'>sed</span> <span class='ocrx_word' id='word_1_217' title='bbox 664 1270 805 1299; x_wconf 85' lang='lat' dir='ltr'>modesto</span> <span class='ocrx_word' id='word_1_218' title='bbox 821 1273 853 1298; x_wconf 85' lang='lat' dir='ltr'>et</span> <span class='ocrx_word' id='word_1_219' title='bbox 868 1278 971 1309; x_wconf 84' lang='lat' dir='ltr'>aequo.</span> <span class='ocrx_word' id='word_1_220' title='bbox 993 1267 1159 1308; x_wconf 82' lang='lat' dir='ltr'>plurimum</span> <span class='ocrx_word' id='word_1_221' title='bbox 1177 1269 1216 1298; x_wconf 87' lang='lat' dir='ltr'>ad</span> <span class='ocrx_word' id='word_1_222' title='bbox 1232 1267 1264 1298; x_wconf 86' lang='lat' dir='ltr'>id</span> <span class='ocrx_word' id='word_1_223' title='bbox 1281 1269 1401 1299; x_wconf 82' lang='lat' dir='ltr'>confert</span> <span class='ocrx_word' id='word_1_224' title='bbox 1416 1270 1618 1310; x_wconf 83' lang='lat' dir='ltr'>pecuniarum</span> 
     </span>
     <span class='ocr_line' id='line_1_20' title="bbox 157 1321 1616 1364; baseline 0.001 -11"><span class='ocrx_word' id='word_1_225' title='bbox 157 1323 321 1364; x_wconf 84' lang='lat' dir='ltr'>possessio,</span> <span class='ocrx_word' id='word_1_226' title='bbox 332 1328 365 1352; x_wconf 94' lang='lat' dir='ltr'>ut</span> <span class='ocrx_word' id='word_1_227' title='bbox 377 1323 446 1363; x_wconf 89' lang='lat' dir='ltr'>quis</span> <span class='ocrx_word' id='word_1_228' title='bbox 455 1323 528 1354; x_wconf 90' lang='lat' dir='ltr'>illuc</span> <span class='ocrx_word' id='word_1_229' title='bbox 541 1323 716 1363; x_wconf 87' lang='lat' dir='ltr'>intrepidus</span> <span class='ocrx_word' id='word_1_230' title='bbox 724 1322 946 1363; x_wconf 85' lang='lat' dir='ltr'>proficiscatur,</span> <span class='ocrx_word' id='word_1_231' title='bbox 955 1331 1024 1351; x_wconf 91' lang='lat' dir='ltr'>cum</span> <span class='ocrx_word' id='word_1_232' title='bbox 1039 1331 1141 1362; x_wconf 88' lang='lat' dir='ltr'>neque</span> <span class='ocrx_word' id='word_1_233' title='bbox 1155 1321 1286 1352; x_wconf 87' lang='lat' dir='ltr'>invitum</span> <span class='ocrx_word' id='word_1_234' title='bbox 1297 1323 1473 1363; x_wconf 84' lang='lat' dir='ltr'>quempiam</span> <span class='ocrx_word' id='word_1_235' title='bbox 1485 1324 1616 1354; x_wconf 87' lang='lat' dir='ltr'>circum-</span> 
     </span>
     <span class='ocr_line' id='line_1_21' title="bbox 156 1375 1619 1417; baseline 0.001 -11"><span class='ocrx_word' id='word_1_236' title='bbox 156 1376 286 1412; x_wconf 84' lang='lat' dir='ltr'>venerit,</span> <span class='ocrx_word' id='word_1_237' title='bbox 294 1387 396 1417; x_wconf 89' lang='lat' dir='ltr'>neque</span> <span class='ocrx_word' id='word_1_238' title='bbox 406 1377 662 1413; x_wconf 85' lang='lat' dir='ltr'>mentitusfuerit,</span> <span class='ocrx_word' id='word_1_239' title='bbox 674 1386 776 1417; x_wconf 82' lang='lat' dir='ltr'>neque</span> <span class='ocrx_word' id='word_1_240' title='bbox 784 1376 898 1407; x_wconf 83' lang='lat' dir='ltr'>debeat</span> <span class='ocrx_word' id='word_1_241' title='bbox 907 1375 954 1406; x_wconf 90' lang='lat' dir='ltr'>vel</span> <span class='ocrx_word' id='word_1_242' title='bbox 963 1380 1050 1406; x_wconf 86' lang='lat' dir='ltr'>votas</span> <span class='ocrx_word' id='word_1_243' title='bbox 1058 1375 1117 1406; x_wconf 92' lang='lat' dir='ltr'>deo</span> <span class='ocrx_word' id='word_1_244' title='bbox 1124 1375 1266 1406; x_wconf 85' lang='lat' dir='ltr'>victimas</span> <span class='ocrx_word' id='word_1_245' title='bbox 1274 1376 1322 1407; x_wconf 87' lang='lat' dir='ltr'>vel</span> <span class='ocrx_word' id='word_1_246' title='bbox 1331 1376 1479 1417; x_wconf 84' lang='lat' dir='ltr'>pecunias</span> <span class='ocrx_word' id='word_1_247' title='bbox 1487 1377 1619 1408; x_wconf 86' lang='lat' dir='ltr'>homini.</span> 
     </span>
     <span class='ocr_line' id='line_1_22' title="bbox 158 1429 1617 1472; baseline 0.001 -12"><span class='ocrx_word' id='word_1_248' title='bbox 158 1431 254 1461; x_wconf 80' lang='lat' dir='ltr'>habet</span> <span class='ocrx_word' id='word_1_249' title='bbox 269 1435 417 1472; x_wconf 81' lang='lat' dir='ltr'>praeterea</span> <span class='ocrx_word' id='word_1_250' title='bbox 432 1436 464 1461; x_wconf 91' lang='lat' dir='ltr'>et</span> <span class='ocrx_word' id='word_1_251' title='bbox 479 1431 627 1462; x_wconf 81' lang='lat' dir='ltr'>utilitates</span> <span class='ocrx_word' id='word_1_252' title='bbox 644 1431 731 1467; x_wconf 88' lang='lat' dir='ltr'>alias,</span> <span class='ocrx_word' id='word_1_253' title='bbox 749 1441 785 1461; x_wconf 90' lang='lat' dir='ltr'>ac</span> <span class='ocrx_word' id='word_1_254' title='bbox 801 1441 875 1461; x_wconf 86' lang='lat' dir='ltr'>sane</span> <span class='ocrx_word' id='word_1_255' title='bbox 892 1430 1071 1470; x_wconf 79' lang='lat' dir='ltr'>permultas,</span> <span class='ocrx_word' id='word_1_256' title='bbox 1095 1430 1149 1460; x_wconf 92' lang='lat' dir='ltr'>sed</span> <span class='ocrx_word' id='word_1_257' title='bbox 1165 1429 1190 1460; x_wconf 90' lang='lat' dir='ltr'>si</span> <span class='ocrx_word' id='word_1_258' title='bbox 1206 1441 1300 1460; x_wconf 89' lang='lat' dir='ltr'>unum</span> <span class='ocrx_word' id='word_1_259' title='bbox 1315 1430 1370 1461; x_wconf 87' lang='lat' dir='ltr'>uni</span> <span class='ocrx_word' id='word_1_260' title='bbox 1394 1431 1581 1467; x_wconf 84' lang='lat' dir='ltr'>conferatur,</span> <span class='ocrx_word' id='word_1_261' title='bbox 1598 1441 1617 1461; x_wconf 92' lang='grc' dir='ltr'><strong>ο</strong></span> 
     </span>
     <span class='ocr_line' id='line_1_23' title="bbox 158 1484 1617 1526; baseline -0.001 -11"><span class='ocrx_word' id='word_1_262' title='bbox 158 1484 384 1521; x_wconf 85' lang='lat' dir='ltr'>Socrates‚non</span> <span class='ocrx_word' id='word_1_263' title='bbox 394 1484 554 1515; x_wconf 86' lang='lat' dir='ltr'>minimum</span> <span class='ocrx_word' id='word_1_264' title='bbox 566 1496 623 1526; x_wconf 85' lang='lat' dir='ltr'>ego</span> <span class='ocrx_word' id='word_1_265' title='bbox 637 1495 782 1526; x_wconf 86' lang='lat' dir='ltr'>ponerem</span> <span class='ocrx_word' id='word_1_266' title='bbox 796 1485 907 1515; x_wconf 85' lang='lat' dir='ltr'>adhoc</span> <span class='ocrx_word' id='word_1_267' title='bbox 919 1484 1038 1514; x_wconf 89' lang='lat' dir='ltr'>homini</span> <span class='ocrx_word' id='word_1_268' title='bbox 1052 1489 1184 1515; x_wconf 88' lang='lat' dir='ltr'>mentem</span> <span class='ocrx_word' id='word_1_269' title='bbox 1193 1484 1332 1524; x_wconf 86' lang='lat' dir='ltr'>habenti,</span> <span class='ocrx_word' id='word_1_270' title='bbox 1342 1484 1438 1515; x_wconf 79' lang='lat' dir='ltr'>immo</span> <span class='ocrx_word' id='word_1_271' title='bbox 1453 1485 1617 1526; x_wconf 88' lang='lat' dir='ltr'>plurimum</span> 
     </span>
     <span class='ocr_line' id='line_1_24' title="bbox 157 1538 1616 1580; baseline 0.001 -12"><span class='ocrx_word' id='word_1_272' title='bbox 157 1539 297 1569; x_wconf 82' lang='lat' dir='ltr'>conferre</span> <span class='ocrx_word' id='word_1_273' title='bbox 312 1538 474 1580; x_wconf 84' lang='lat' dir='ltr'>pecunias.</span> <span class='ocrx_word' id='word_1_274' title='bbox 497 1538 630 1580; x_wconf 83' lang='lat' dir='ltr'>Egregie</span> <span class='ocrx_word' id='word_1_275' title='bbox 642 1539 788 1580; x_wconf 86' lang='lat' dir='ltr'>loqueris,</span> <span class='ocrx_word' id='word_1_276' title='bbox 801 1539 941 1580; x_wconf 85' lang='lat' dir='ltr'>inquam,</span> <span class='ocrx_word' id='word_1_277' title='bbox 953 1550 971 1570; x_wconf 92' lang='lat' dir='ltr'>o</span> <span class='ocrx_word' id='word_1_278' title='bbox 987 1539 1138 1580; x_wconf 87' lang='lat' dir='ltr'>Cephale.</span> <span class='ocrx_word' id='word_1_279' title='bbox 1155 1540 1214 1570; x_wconf 91' lang='lat' dir='ltr'>hoc</span> <span class='ocrx_word' id='word_1_280' title='bbox 1225 1544 1328 1570; x_wconf 89' lang='lat' dir='ltr'>autem</span> <span class='ocrx_word' id='word_1_281' title='bbox 1341 1538 1616 1580; x_wconf 85' lang='lat' dir='ltr'>ipsum‚justitiam</span> 
     </span>
     <span class='ocr_line' id='line_1_25' title="bbox 156 1592 1617 1634; baseline 0.001 -12"><span class='ocrx_word' id='word_1_282' title='bbox 156 1592 287 1628; x_wconf 87' lang='lat' dir='ltr'>scilicet,</span> <span class='ocrx_word' id='word_1_283' title='bbox 304 1597 405 1622; x_wconf 88' lang='lat' dir='ltr'>utrum</span> <span class='ocrx_word' id='word_1_284' title='bbox 421 1593 463 1623; x_wconf 89' lang='lat' dir='ltr'>ita</span> <span class='ocrx_word' id='word_1_285' title='bbox 478 1592 659 1634; x_wconf 88' lang='lat' dir='ltr'>simpliciter</span> <span class='ocrx_word' id='word_1_286' title='bbox 675 1594 834 1624; x_wconf 86' lang='lat' dir='ltr'>veritatem</span> <span class='ocrx_word' id='word_1_287' title='bbox 851 1593 983 1624; x_wconf 90' lang='lat' dir='ltr'>dicimus</span> <span class='ocrx_word' id='word_1_288' title='bbox 999 1603 1077 1630; x_wconf 88' lang='lat' dir='ltr'>esse,</span> <span class='ocrx_word' id='word_1_289' title='bbox 1094 1598 1126 1623; x_wconf 89' lang='lat' dir='ltr'>et</span> <span class='ocrx_word' id='word_1_290' title='bbox 1141 1593 1267 1624; x_wconf 85' lang='lat' dir='ltr'>reddere</span> <span class='ocrx_word' id='word_1_291' title='bbox 1282 1593 1366 1634; x_wconf 91' lang='lat' dir='ltr'>quod</span> <span class='ocrx_word' id='word_1_292' title='bbox 1392 1592 1463 1634; x_wconf 89' lang='lat' dir='ltr'>quis</span> <span class='ocrx_word' id='word_1_293' title='bbox 1486 1603 1617 1634; x_wconf 91' lang='lat' dir='ltr'>accepe-</span> 
     </span>
     <span class='ocr_line' id='line_1_26' title="bbox 155 1638 1618 1688; baseline 0.001 -11"><span class='ocrx_word' id='word_1_294' title='bbox 155 1646 217 1677; x_wconf 77' lang='lat' dir='ltr'>rit?</span> <span class='ocrx_word' id='word_1_295' title='bbox 242 1646 288 1677; x_wconf 81' lang='lat' dir='ltr'>vel</span> <span class='ocrx_word' id='word_1_296' title='bbox 305 1638 372 1678; x_wconf 81' lang='lat' dir='ltr'>haee</span> <span class='ocrx_word' id='word_1_297' title='bbox 399 1647 508 1678; x_wconf 90' lang='lat' dir='ltr'>eadem</span> <span class='ocrx_word' id='word_1_298' title='bbox 536 1647 638 1678; x_wconf 85' lang='lat' dir='ltr'>facere</span> <span class='ocrx_word' id='word_1_299' title='bbox 662 1647 880 1688; x_wconf 88' lang='lat' dir='ltr'>aliasjustum‚</span> <span class='ocrx_word' id='word_1_300' title='bbox 894 1647 970 1678; x_wconf 86' lang='lat' dir='ltr'>alias</span> <span class='ocrx_word' id='word_1_301' title='bbox 996 1646 1146 1688; x_wconf 90' lang='lat' dir='ltr'>injustum</span> <span class='ocrx_word' id='word_1_302' title='bbox 1175 1647 1244 1678; x_wconf 92' lang='lat' dir='ltr'>est?</span> <span class='ocrx_word' id='word_1_303' title='bbox 1268 1647 1352 1687; x_wconf 92' lang='lat' dir='ltr'>quod</span> <span class='ocrx_word' id='word_1_304' title='bbox 1380 1647 1453 1678; x_wconf 86' lang='lat' dir='ltr'>hinc</span> <span class='ocrx_word' id='word_1_305' title='bbox 1476 1651 1618 1688; x_wconf 83' lang='lat' dir='ltr'>apparet.</span> 
     </span>
     <span class='ocr_line' id='line_1_27' title="bbox 157 1700 1619 1744; baseline -0.001 -14"><span class='ocrx_word' id='word_1_306' title='bbox 157 1701 371 1742; x_wconf 84' lang='lat' dir='ltr'>unusquisque</span> <span class='ocrx_word' id='word_1_307' title='bbox 387 1701 470 1732; x_wconf 90' lang='lat' dir='ltr'>enim</span> <span class='ocrx_word' id='word_1_308' title='bbox 486 1702 615 1739; x_wconf 79' lang='lat' dir='ltr'>diceret,</span> <span class='ocrx_word' id='word_1_309' title='bbox 631 1702 654 1733; x_wconf 89' lang='lat' dir='ltr'>si</span> <span class='ocrx_word' id='word_1_310' title='bbox 671 1702 740 1744; x_wconf 85' lang='lat' dir='ltr'>quis</span> <span class='ocrx_word' id='word_1_311' title='bbox 763 1702 802 1733; x_wconf 86' lang='lat' dir='ltr'>ab</span> <span class='ocrx_word' id='word_1_312' title='bbox 829 1702 928 1733; x_wconf 87' lang='lat' dir='ltr'>amico</span> <span class='ocrx_word' id='word_1_313' title='bbox 957 1712 1039 1732; x_wconf 85' lang='lat' dir='ltr'>sanae</span> <span class='ocrx_word' id='word_1_314' title='bbox 1066 1701 1178 1732; x_wconf 88' lang='lat' dir='ltr'>mentis</span> <span class='ocrx_word' id='word_1_315' title='bbox 1205 1711 1287 1731; x_wconf 88' lang='lat' dir='ltr'>arma</span> <span class='ocrx_word' id='word_1_316' title='bbox 1313 1700 1480 1742; x_wconf 90' lang='lat' dir='ltr'>acceperit,</span> <span class='ocrx_word' id='word_1_317' title='bbox 1496 1701 1619 1732; x_wconf 79' lang='lat' dir='ltr'>idenive</span> 
     </span>
     <span class='ocr_line' id='line_1_28' title="bbox 156 1754 1619 1797; baseline 0 -13"><span class='ocrx_word' id='word_1_318' title='bbox 156 1755 282 1784; x_wconf 87' lang='lat' dir='ltr'>insanus</span> <span class='ocrx_word' id='word_1_319' title='bbox 298 1760 431 1796; x_wconf 86' lang='lat' dir='ltr'>repetat,</span> <span class='ocrx_word' id='word_1_320' title='bbox 446 1766 508 1786; x_wconf 91' lang='lat' dir='ltr'>non</span> <span class='ocrx_word' id='word_1_321' title='bbox 525 1761 667 1797; x_wconf 87' lang='lat' dir='ltr'>oportere</span> <span class='ocrx_word' id='word_1_322' title='bbox 684 1766 721 1787; x_wconf 89' lang='lat' dir='ltr'>ea</span> <span class='ocrx_word' id='word_1_323' title='bbox 734 1756 835 1792; x_wconf 88' lang='lat' dir='ltr'>reddi,</span> <span class='ocrx_word' id='word_1_324' title='bbox 852 1766 954 1796; x_wconf 90' lang='lat' dir='ltr'>neque</span> <span class='ocrx_word' id='word_1_325' title='bbox 965 1755 1086 1796; x_wconf 88' lang='lat' dir='ltr'>justum</span> <span class='ocrx_word' id='word_1_326' title='bbox 1103 1765 1170 1785; x_wconf 88' lang='lat' dir='ltr'>esse</span> <span class='ocrx_word' id='word_1_327' title='bbox 1186 1765 1269 1792; x_wconf 92' lang='lat' dir='ltr'>eum,</span> <span class='ocrx_word' id='word_1_328' title='bbox 1283 1754 1338 1796; x_wconf 89' lang='lat' dir='ltr'>qui</span> <span class='ocrx_word' id='word_1_329' title='bbox 1353 1755 1474 1791; x_wconf 86' lang='lat' dir='ltr'>reddat,</span> <span class='ocrx_word' id='word_1_330' title='bbox 1490 1754 1538 1785; x_wconf 88' lang='lat' dir='ltr'>vel</span> <span class='ocrx_word' id='word_1_331' title='bbox 1554 1764 1619 1784; x_wconf 89' lang='lat' dir='ltr'>rur-</span> 
     </span>
     <span class='ocr_line' id='line_1_29' title="bbox 157 1808 1616 1851; baseline 0 -13"><span class='ocrx_word' id='word_1_332' title='bbox 157 1819 209 1839; x_wconf 91' lang='lat' dir='ltr'>sus</span> <span class='ocrx_word' id='word_1_333' title='bbox 222 1808 340 1839; x_wconf 91' lang='lat' dir='ltr'>homini</span> <span class='ocrx_word' id='word_1_334' title='bbox 355 1809 398 1840; x_wconf 91' lang='lat' dir='ltr'>sic</span> <span class='ocrx_word' id='word_1_335' title='bbox 414 1809 528 1840; x_wconf 89' lang='lat' dir='ltr'>affecto</span> <span class='ocrx_word' id='word_1_336' title='bbox 544 1820 615 1841; x_wconf 85' lang='lat' dir='ltr'>vera</span> <span class='ocrx_word' id='word_1_337' title='bbox 629 1810 735 1841; x_wconf 87' lang='lat' dir='ltr'>omnia</span> <span class='ocrx_word' id='word_1_338' title='bbox 756 1810 852 1841; x_wconf 89' lang='lat' dir='ltr'>dicat.</span> <span class='ocrx_word' id='word_1_339' title='bbox 896 1809 1009 1846; x_wconf 88' lang='lat' dir='ltr'>Recte,</span> <span class='ocrx_word' id='word_1_340' title='bbox 1025 1809 1140 1851; x_wconf 90' lang='lat' dir='ltr'>inquit,</span> <span class='ocrx_word' id='word_1_341' title='bbox 1157 1809 1302 1851; x_wconf 87' lang='lat' dir='ltr'>loqueris.</span> <span class='ocrx_word' id='word_1_342' title='bbox 1347 1808 1424 1839; x_wconf 88' lang='lat' dir='ltr'>Non</span> <span class='ocrx_word' id='word_1_343' title='bbox 1449 1819 1522 1850; x_wconf 84' lang='lat' dir='ltr'>ergo</span> <span class='ocrx_word' id='word_1_344' title='bbox 1548 1809 1616 1839; x_wconf 86' lang='lat' dir='ltr'>haec</span> 
     </span>
     <span class='ocr_line' id='line_1_30' title="bbox 156 1862 1615 1906; baseline -0.001 -13"><span class='ocrx_word' id='word_1_345' title='bbox 156 1868 203 1893; x_wconf 89' lang='lat' dir='ltr'>est</span> <span class='ocrx_word' id='word_1_346' title='bbox 213 1862 345 1904; x_wconf 87' lang='lat' dir='ltr'>justitiae</span> <span class='ocrx_word' id='word_1_347' title='bbox 360 1863 514 1904; x_wconf 86' lang='lat' dir='ltr'>definitio,</span> <span class='ocrx_word' id='word_1_348' title='bbox 529 1874 600 1894; x_wconf 91' lang='lat' dir='ltr'>vera</span> <span class='ocrx_word' id='word_1_349' title='bbox 616 1864 719 1895; x_wconf 85' lang='lat' dir='ltr'>dicere</span> <span class='ocrx_word' id='word_1_350' title='bbox 734 1869 766 1896; x_wconf 91' lang='lat' dir='ltr'>et</span> <span class='ocrx_word' id='word_1_351' title='bbox 781 1864 925 1906; x_wconf 87' lang='lat' dir='ltr'>deposita</span> <span class='ocrx_word' id='word_1_352' title='bbox 940 1864 1081 1895; x_wconf 85' lang='lat' dir='ltr'>reddere.</span> <span class='ocrx_word' id='word_1_353' title='bbox 1111 1863 1213 1894; x_wconf 85' lang='lat' dir='ltr'>Recte</span> <span class='ocrx_word' id='word_1_354' title='bbox 1225 1863 1355 1893; x_wconf 87' lang='lat' dir='ltr'>nimium</span> <span class='ocrx_word' id='word_1_355' title='bbox 1371 1862 1461 1899; x_wconf 85' lang='lat' dir='ltr'>dicis,</span> <span class='ocrx_word' id='word_1_356' title='bbox 1473 1872 1491 1892; x_wconf 94' lang='lat' dir='ltr'>o</span> <span class='ocrx_word' id='word_1_357' title='bbox 1504 1862 1615 1892; x_wconf 87' lang='lat' dir='ltr'>Socra-</span> 
     </span>
     <span class='ocr_line' id='line_1_31' title="bbox 156 1915 1615 1959; baseline -0.001 -12"><span class='ocrx_word' id='word_1_358' title='bbox 156 1922 214 1953; x_wconf 87' lang='lat' dir='ltr'>tes,</span> <span class='ocrx_word' id='word_1_359' title='bbox 229 1927 401 1948; x_wconf 85' lang='lat' dir='ltr'>sermonem</span> <span class='ocrx_word' id='word_1_360' title='bbox 417 1917 584 1958; x_wconf 81' lang='lat' dir='ltr'>subjiciens</span> <span class='ocrx_word' id='word_1_361' title='bbox 601 1918 824 1950; x_wconf 85' lang='lat' dir='ltr'>Polemarehus</span> <span class='ocrx_word' id='word_1_362' title='bbox 837 1918 949 1959; x_wconf 92' lang='lat' dir='ltr'>inquit,</span> <span class='ocrx_word' id='word_1_363' title='bbox 965 1918 989 1948; x_wconf 87' lang='lat' dir='ltr'>si</span> <span class='ocrx_word' id='word_1_364' title='bbox 1005 1917 1081 1958; x_wconf 90' lang='lat' dir='ltr'>quid</span> <span class='ocrx_word' id='word_1_365' title='bbox 1098 1917 1222 1948; x_wconf 85' lang='lat' dir='ltr'>credere</span> <span class='ocrx_word' id='word_1_366' title='bbox 1237 1916 1328 1948; x_wconf 90' lang='lat' dir='ltr'>decet</span> <span class='ocrx_word' id='word_1_367' title='bbox 1342 1915 1505 1947; x_wconf 89' lang='lat' dir='ltr'>Simonidi.</span> <span class='ocrx_word' id='word_1_368' title='bbox 1551 1915 1615 1946; x_wconf 89' lang='lat' dir='ltr'>Hic</span> 
     </span>
     <span class='ocr_line' id='line_1_32' title="bbox 158 1968 1617 2018; baseline 0.001 -18"><span class='ocrx_word' id='word_1_369' title='bbox 158 1968 330 2011; x_wconf 87' lang='lat' dir='ltr'>Cephalus,</span> <span class='ocrx_word' id='word_1_370' title='bbox 344 1971 525 2002; x_wconf 87' lang='lat' dir='ltr'>Sermonem</span> <span class='ocrx_word' id='word_1_371' title='bbox 541 1972 629 2002; x_wconf 89' lang='lat' dir='ltr'>vobis</span> <span class='ocrx_word' id='word_1_372' title='bbox 648 1972 876 2018; x_wconf 30' lang='lat' dir='ltr'>trado,=inquit.</span> <span class='ocrx_word' id='word_1_373' title='bbox 899 1983 971 2003; x_wconf 87' lang='lat' dir='ltr'>nam</span> <span class='ocrx_word' id='word_1_374' title='bbox 988 1982 1074 2003; x_wconf 86' lang='lat' dir='ltr'>sacra</span> <span class='ocrx_word' id='word_1_375' title='bbox 1088 1982 1137 2003; x_wconf 90' lang='lat' dir='ltr'>me</span> <span class='ocrx_word' id='word_1_376' title='bbox 1152 1982 1258 2003; x_wconf 87' lang='lat' dir='ltr'>curare</span> <span class='ocrx_word' id='word_1_377' title='bbox 1282 1976 1417 2013; x_wconf 87' lang='lat' dir='ltr'>oportet.</span> <span class='ocrx_word' id='word_1_378' title='bbox 1461 1971 1494 2002; x_wconf 94' lang='lat' dir='ltr'>N</span> <span class='ocrx_word' id='word_1_379' title='bbox 1498 1971 1617 2013; x_wconf 89' lang='lat' dir='ltr'>unquid</span> 
     </span>
     <span class='ocr_line' id='line_1_33' title="bbox 157 2022 1615 2067; baseline 0.001 -14"><span class='ocrx_word' id='word_1_380' title='bbox 157 2022 390 2059; x_wconf 85' lang='lat' dir='ltr'>Polemarchus,</span> <span class='ocrx_word' id='word_1_381' title='bbox 406 2024 546 2065; x_wconf 89' lang='lat' dir='ltr'>inquam,</span> <span class='ocrx_word' id='word_1_382' title='bbox 564 2025 620 2056; x_wconf 88' lang='lat' dir='ltr'>tibi</span> <span class='ocrx_word' id='word_1_383' title='bbox 635 2026 722 2056; x_wconf 88' lang='lat' dir='ltr'>heres</span> <span class='ocrx_word' id='word_1_384' title='bbox 738 2031 785 2057; x_wconf 86' lang='lat' dir='ltr'>est</span> <span class='ocrx_word' id='word_1_385' title='bbox 800 2026 810 2056; x_wconf 91' lang='lat'>?</span> <span class='ocrx_word' id='word_1_386' title='bbox 856 2025 898 2056; x_wconf 91' lang='lat' dir='ltr'>Et</span> <span class='ocrx_word' id='word_1_387' title='bbox 913 2025 967 2056; x_wconf 90' lang='lat' dir='ltr'>ille</span> <span class='ocrx_word' id='word_1_388' title='bbox 991 2026 1117 2067; x_wconf 90' lang='lat' dir='ltr'>quidem</span> <span class='ocrx_word' id='word_1_389' title='bbox 1143 2026 1292 2066; x_wconf 90' lang='lat' dir='ltr'>arridens,</span> <span class='ocrx_word' id='word_1_390' title='bbox 1308 2026 1365 2056; x_wconf 88' lang='lat' dir='ltr'>Est</span> <span class='ocrx_word' id='word_1_391' title='bbox 1390 2025 1541 2066; x_wconf 82' lang='lat' dir='ltr'>profecto,</span> <span class='ocrx_word' id='word_1_392' title='bbox 1568 2025 1615 2055; x_wconf 87' lang='lat' dir='ltr'>in-</span> 
     </span>
     <span class='ocr_line' id='line_1_34' title="bbox 153 2077 1614 2120; baseline 0.002 -14"><span class='ocrx_word' id='word_1_393' title='bbox 153 2077 244 2119; x_wconf 86' lang='lat' dir='ltr'>quit:</span> <span class='ocrx_word' id='word_1_394' title='bbox 268 2082 301 2107; x_wconf 90' lang='lat' dir='ltr'>et</span> <span class='ocrx_word' id='word_1_395' title='bbox 321 2077 412 2107; x_wconf 87' lang='lat' dir='ltr'>simul</span> <span class='ocrx_word' id='word_1_396' title='bbox 439 2078 479 2108; x_wconf 90' lang='lat' dir='ltr'>ad</span> <span class='ocrx_word' id='word_1_397' title='bbox 507 2078 744 2109; x_wconf 85' lang='lat' dir='ltr'>sacrificandum</span> <span class='ocrx_word' id='word_1_398' title='bbox 773 2079 928 2110; x_wconf 85' lang='lat' dir='ltr'>discessit.</span> <span class='ocrx_word' id='word_1_399' title='bbox 973 2078 1049 2117; x_wconf 94' lang='lat' dir='ltr'>Dic,</span> <span class='ocrx_word' id='word_1_400' title='bbox 1064 2079 1204 2120; x_wconf 86' lang='lat' dir='ltr'>inquam,</span> <span class='ocrx_word' id='word_1_401' title='bbox 1219 2079 1326 2120; x_wconf 81' lang='lat' dir='ltr'>igitur,</span> <span class='ocrx_word' id='word_1_402' title='bbox 1343 2079 1492 2110; x_wconf 88' lang='lat' dir='ltr'>sermonis</span> <span class='ocrx_word' id='word_1_403' title='bbox 1515 2080 1614 2116; x_wconf 88' lang='lat' dir='ltr'>heres,</span> 
     </span>
     <span class='ocr_line' id='line_1_35' title="bbox 154 2131 1615 2174; baseline 0.001 -13"><span class='ocrx_word' id='word_1_404' title='bbox 154 2131 232 2172; x_wconf 90' lang='lat' dir='ltr'>quid</span> <span class='ocrx_word' id='word_1_405' title='bbox 248 2135 331 2162; x_wconf 86' lang='lat' dir='ltr'>recte</span> <span class='ocrx_word' id='word_1_406' title='bbox 347 2131 409 2162; x_wconf 90' lang='lat' dir='ltr'>dici</span> <span class='ocrx_word' id='word_1_407' title='bbox 434 2132 474 2161; x_wconf 89' lang='lat' dir='ltr'>de</span> <span class='ocrx_word' id='word_1_408' title='bbox 495 2131 619 2172; x_wconf 88' lang='lat' dir='ltr'>justitia</span> <span class='ocrx_word' id='word_1_409' title='bbox 643 2143 662 2163; x_wconf 88' lang='lat' dir='ltr'>a</span> <span class='ocrx_word' id='word_1_410' title='bbox 687 2133 847 2164; x_wconf 89' lang='lat' dir='ltr'>Simonide</span> <span class='ocrx_word' id='word_1_411' title='bbox 873 2133 1003 2164; x_wconf 86' lang='lat' dir='ltr'>asseris?</span> <span class='ocrx_word' id='word_1_412' title='bbox 1049 2133 1157 2171; x_wconf 88' lang='lat' dir='ltr'>Quod,</span> <span class='ocrx_word' id='word_1_413' title='bbox 1174 2133 1230 2170; x_wconf 87' lang='lat' dir='ltr'>ait,</span> <span class='ocrx_word' id='word_1_414' title='bbox 1255 2133 1376 2174; x_wconf 89' lang='lat' dir='ltr'>justum</span> <span class='ocrx_word' id='word_1_415' title='bbox 1403 2138 1450 2164; x_wconf 91' lang='lat' dir='ltr'>est</span> <span class='ocrx_word' id='word_1_416' title='bbox 1475 2133 1615 2164; x_wconf 89' lang='lat' dir='ltr'>debitum</span> 
     </span>
     <span class='ocr_line' id='line_1_36' title="bbox 153 2184 1616 2228; baseline 0.002 -14"><span class='ocrx_word' id='word_1_417' title='bbox 153 2184 324 2225; x_wconf 86' lang='lat' dir='ltr'>unicuique</span> <span class='ocrx_word' id='word_1_418' title='bbox 340 2184 439 2216; x_wconf 88' lang='lat' dir='ltr'>reddi.</span> <span class='ocrx_word' id='word_1_419' title='bbox 463 2190 557 2227; x_wconf 81' lang='lat' dir='ltr'>atque</span> <span class='ocrx_word' id='word_1_420' title='bbox 572 2186 639 2216; x_wconf 82' lang='lat' dir='ltr'>haec</span> <span class='ocrx_word' id='word_1_421' title='bbox 655 2186 763 2218; x_wconf 89' lang='lat' dir='ltr'>dicens</span> <span class='ocrx_word' id='word_1_422' title='bbox 778 2192 861 2217; x_wconf 86' lang='lat' dir='ltr'>recte</span> <span class='ocrx_word' id='word_1_423' title='bbox 878 2186 963 2227; x_wconf 90' lang='lat' dir='ltr'>loqui</span> <span class='ocrx_word' id='word_1_424' title='bbox 980 2186 1114 2218; x_wconf 80' lang='lat' dir='ltr'>videtur.</span> <span class='ocrx_word' id='word_1_425' title='bbox 1161 2187 1263 2228; x_wconf 86' lang='lat' dir='ltr'>Atqui</span> <span class='ocrx_word' id='word_1_426' title='bbox 1278 2197 1341 2218; x_wconf 89' lang='lat' dir='ltr'>non</span> <span class='ocrx_word' id='word_1_427' title='bbox 1356 2187 1461 2224; x_wconf 76' lang='lat' dir='ltr'>facile,</span> <span class='ocrx_word' id='word_1_428' title='bbox 1476 2187 1616 2228; x_wconf 85' lang='lat' dir='ltr'>inquam,</span> 
     </span>
     <span class='ocr_line' id='line_1_37' title="bbox 154 2237 1617 2281; baseline 0.001 -12"><span class='ocrx_word' id='word_1_429' title='bbox 154 2243 202 2269; x_wconf 89' lang='lat' dir='ltr'>est</span> <span class='ocrx_word' id='word_1_430' title='bbox 215 2237 310 2268; x_wconf 87' lang='lat' dir='ltr'>fidem</span> <span class='ocrx_word' id='word_1_431' title='bbox 327 2238 481 2269; x_wconf 87' lang='lat' dir='ltr'>Simonidi</span> <span class='ocrx_word' id='word_1_432' title='bbox 497 2239 663 2280; x_wconf 86' lang='lat' dir='ltr'>abnegare.</span> <span class='ocrx_word' id='word_1_433' title='bbox 685 2240 809 2280; x_wconf 88' lang='lat' dir='ltr'>sapiens</span> <span class='ocrx_word' id='word_1_434' title='bbox 832 2240 915 2270; x_wconf 89' lang='lat' dir='ltr'>enim</span> <span class='ocrx_word' id='word_1_435' title='bbox 941 2246 974 2271; x_wconf 90' lang='lat' dir='ltr'>et</span> <span class='ocrx_word' id='word_1_436' title='bbox 1000 2240 1123 2271; x_wconf 89' lang='lat' dir='ltr'>divinus</span> <span class='ocrx_word' id='word_1_437' title='bbox 1152 2240 1210 2272; x_wconf 82' lang='lat' dir='ltr'>vir.</span> <span class='ocrx_word' id='word_1_438' title='bbox 1233 2251 1338 2271; x_wconf 86' lang='lat' dir='ltr'>verum</span> <span class='ocrx_word' id='word_1_439' title='bbox 1365 2240 1452 2281; x_wconf 89' lang='lat' dir='ltr'>quod</span> <span class='ocrx_word' id='word_1_440' title='bbox 1477 2240 1566 2277; x_wconf 83' lang='lat' dir='ltr'>dicit,</span> <span class='ocrx_word' id='word_1_441' title='bbox 1584 2246 1617 2270; x_wconf 88' lang='lat' dir='ltr'>tu</span> 
     </span>
     <span class='ocr_line' id='line_1_38' title="bbox 154 2291 1619 2334; baseline 0.003 -13"><span class='ocrx_word' id='word_1_442' title='bbox 154 2291 282 2322; x_wconf 69' lang='lat' dir='ltr'>fortasse</span> <span class='ocrx_word' id='word_1_443' title='bbox 297 2291 457 2334; x_wconf 86' lang='lat' dir='ltr'>intelligis,</span> <span class='ocrx_word' id='word_1_444' title='bbox 473 2303 491 2322; x_wconf 94' lang='lat' dir='ltr'>o</span> <span class='ocrx_word' id='word_1_445' title='bbox 509 2292 723 2333; x_wconf 87' lang='lat' dir='ltr'>Polemarche,</span> <span class='ocrx_word' id='word_1_446' title='bbox 739 2304 796 2334; x_wconf 89' lang='lat' dir='ltr'>ego</span> <span class='ocrx_word' id='word_1_447' title='bbox 813 2298 916 2324; x_wconf 91' lang='lat' dir='ltr'>autem</span> <span class='ocrx_word' id='word_1_448' title='bbox 931 2293 1052 2334; x_wconf 82' lang='lat' dir='ltr'>ignoro.</span> <span class='ocrx_word' id='word_1_449' title='bbox 1076 2294 1274 2324; x_wconf 88' lang='lat' dir='ltr'>manifestum</span> <span class='ocrx_word' id='word_1_450' title='bbox 1291 2295 1374 2325; x_wconf 88' lang='lat' dir='ltr'>enirn</span> <span class='ocrx_word' id='word_1_451' title='bbox 1398 2299 1445 2325; x_wconf 89' lang='lat' dir='ltr'>est</span> <span class='ocrx_word' id='word_1_452' title='bbox 1472 2304 1534 2325; x_wconf 90' lang='lat' dir='ltr'>non</span> <span class='ocrx_word' id='word_1_453' title='bbox 1560 2295 1619 2325; x_wconf 89' lang='lat' dir='ltr'>hoc</span> 
     </span>
     <span class='ocr_line' id='line_1_39' title="bbox 156 2345 1619 2389; baseline 0.002 -14"><span class='ocrx_word' id='word_1_454' title='bbox 156 2355 227 2375; x_wconf 89' lang='lat' dir='ltr'>eum</span> <span class='ocrx_word' id='word_1_455' title='bbox 241 2345 356 2382; x_wconf 84' lang='lat' dir='ltr'>dicere,</span> <span class='ocrx_word' id='word_1_456' title='bbox 371 2347 456 2387; x_wconf 92' lang='lat' dir='ltr'>quod</span> <span class='ocrx_word' id='word_1_457' title='bbox 473 2347 568 2387; x_wconf 87' lang='lat' dir='ltr'>paulo</span> <span class='ocrx_word' id='word_1_458' title='bbox 584 2352 656 2377; x_wconf 85' lang='lat' dir='ltr'>ante</span> <span class='ocrx_word' id='word_1_459' title='bbox 671 2347 864 2384; x_wconf 85' lang='lat' dir='ltr'>dicebamus,</span> <span class='ocrx_word' id='word_1_460' title='bbox 880 2347 999 2378; x_wconf 89' lang='lat' dir='ltr'>scilicet</span> <span class='ocrx_word' id='word_1_461' title='bbox 1015 2347 1192 2389; x_wconf 90' lang='lat' dir='ltr'>depositum</span> <span class='ocrx_word' id='word_1_462' title='bbox 1208 2348 1300 2378; x_wconf 88' lang='lat' dir='ltr'>alicui</span> <span class='ocrx_word' id='word_1_463' title='bbox 1323 2358 1386 2378; x_wconf 87' lang='lat' dir='ltr'>non</span> <span class='ocrx_word' id='word_1_464' title='bbox 1412 2358 1487 2378; x_wconf 84' lang='lat' dir='ltr'>sano</span> <span class='ocrx_word' id='word_1_465' title='bbox 1514 2358 1619 2389; x_wconf 88' lang='lat' dir='ltr'>repos-</span> 
     </span>
     <span class='ocr_line' id='line_1_40' title="bbox 154 2399 1617 2443; baseline 0.003 -15"><span class='ocrx_word' id='word_1_466' title='bbox 154 2399 239 2429; x_wconf 85' lang='lat' dir='ltr'>centi</span> <span class='ocrx_word' id='word_1_467' title='bbox 254 2399 393 2431; x_wconf 91' lang='lat' dir='ltr'>reddere.</span> <span class='ocrx_word' id='word_1_468' title='bbox 417 2400 502 2440; x_wconf 86' lang='lat' dir='ltr'>atqui</span> <span class='ocrx_word' id='word_1_469' title='bbox 525 2400 665 2431; x_wconf 91' lang='lat' dir='ltr'>debitum</span> <span class='ocrx_word' id='word_1_470' title='bbox 692 2401 924 2441; x_wconf 89' lang='lat' dir='ltr'>quodammodo</span> <span class='ocrx_word' id='word_1_471' title='bbox 953 2406 1001 2432; x_wconf 88' lang='lat' dir='ltr'>est</span> <span class='ocrx_word' id='word_1_472' title='bbox 1025 2402 1097 2439; x_wconf 90' lang='lat' dir='ltr'>hoc,</span> <span class='ocrx_word' id='word_1_473' title='bbox 1121 2403 1207 2443; x_wconf 92' lang='lat' dir='ltr'>quod</span> <span class='ocrx_word' id='word_1_474' title='bbox 1234 2401 1411 2443; x_wconf 89' lang='lat' dir='ltr'>depositum</span> <span class='ocrx_word' id='word_1_475' title='bbox 1438 2406 1494 2432; x_wconf 88' lang='lat' dir='ltr'>est.</span> <span class='ocrx_word' id='word_1_476' title='bbox 1519 2401 1617 2442; x_wconf 83' lang='lat'><strong>[332]</strong></span> 
     </span>
     <span class='ocr_line' id='line_1_41' title="bbox 152 2452 1616 2497; baseline 0.003 -16"><span class='ocrx_word' id='word_1_477' title='bbox 152 2462 257 2482; x_wconf 89' lang='lat' dir='ltr'>nonne</span> <span class='ocrx_word' id='word_1_478' title='bbox 271 2452 282 2482; x_wconf 85' lang='lat'>?</span> <span class='ocrx_word' id='word_1_479' title='bbox 327 2452 386 2484; x_wconf 84' lang='lat' dir='ltr'>Po.</span> <span class='ocrx_word' id='word_1_480' title='bbox 410 2453 513 2485; x_wconf 87' lang='lat' dir='ltr'>Certe.</span> <span class='ocrx_word' id='word_1_481' title='bbox 558 2454 614 2484; x_wconf 90' lang='lat' dir='ltr'>So.</span> <span class='ocrx_word' id='word_1_482' title='bbox 643 2453 856 2485; x_wconf 87' lang='lat' dir='ltr'>Reddendum</span> <span class='ocrx_word' id='word_1_483' title='bbox 871 2459 974 2486; x_wconf 91' lang='lat' dir='ltr'>autem</span> <span class='ocrx_word' id='word_1_484' title='bbox 991 2467 997 2485; x_wconf 95' lang='lat'><strong>:</strong></span> <span class='ocrx_word' id='word_1_485' title='bbox 1023 2465 1125 2496; x_wconf 88' lang='lat' dir='ltr'>neque</span> <span class='ocrx_word' id='word_1_486' title='bbox 1141 2461 1245 2486; x_wconf 85' lang='lat' dir='ltr'>tamen</span> <span class='ocrx_word' id='word_1_487' title='bbox 1261 2461 1347 2491; x_wconf 91' lang='lat' dir='ltr'>tunc,</span> <span class='ocrx_word' id='word_1_488' title='bbox 1362 2456 1488 2496; x_wconf 87' lang='lat' dir='ltr'>quando</span> <span class='ocrx_word' id='word_1_489' title='bbox 1505 2455 1616 2497; x_wconf 84' lang='lat' dir='ltr'>aliquis</span> 
     </span>
     <span class='ocr_line' id='line_1_42' title="bbox 153 2507 1615 2551; baseline 0.003 -16"><span class='ocrx_word' id='word_1_490' title='bbox 153 2515 218 2536; x_wconf 88' lang='lat' dir='ltr'>non</span> <span class='ocrx_word' id='word_1_491' title='bbox 233 2515 325 2536; x_wconf 88' lang='lat' dir='ltr'>sanus</span> <span class='ocrx_word' id='word_1_492' title='bbox 340 2511 470 2546; x_wconf 83' lang='lat' dir='ltr'>repetat.</span> <span class='ocrx_word' id='word_1_493' title='bbox 513 2507 575 2539; x_wconf 85' lang='lat' dir='ltr'>Po.</span> <span class='ocrx_word' id='word_1_494' title='bbox 600 2507 681 2538; x_wconf 88' lang='lat' dir='ltr'>Vera</span> <span class='ocrx_word' id='word_1_495' title='bbox 697 2508 787 2541; x_wconf 89' lang='lat' dir='ltr'>dicis.</span> <span class='ocrx_word' id='word_1_496' title='bbox 832 2509 888 2540; x_wconf 88' lang='lat' dir='ltr'>So.</span> <span class='ocrx_word' id='word_1_497' title='bbox 912 2509 1008 2540; x_wconf 91' lang='lat' dir='ltr'>Aliud</span> <span class='ocrx_word' id='word_1_498' title='bbox 1024 2510 1117 2551; x_wconf 84' lang='lat' dir='ltr'>igitur</span> <span class='ocrx_word' id='word_1_499' title='bbox 1131 2520 1223 2551; x_wconf 87' lang='lat' dir='ltr'>quam</span> <span class='ocrx_word' id='word_1_500' title='bbox 1239 2510 1299 2541; x_wconf 84' lang='lat' dir='ltr'>hoc</span> <span class='ocrx_word' id='word_1_501' title='bbox 1322 2509 1400 2541; x_wconf 87' lang='lat' dir='ltr'>dicit</span> <span class='ocrx_word' id='word_1_502' title='bbox 1422 2510 1615 2550; x_wconf 88' lang='lat' dir='ltr'>Simonides,</span> 
     </span>
     <span class='ocr_line' id='line_1_43' title="bbox 155 2559 1619 2605; baseline 0.004 -16"><span class='ocrx_word' id='word_1_503' title='bbox 155 2560 282 2600; x_wconf 83' lang='lat' dir='ltr'>quando</span> <span class='ocrx_word' id='word_1_504' title='bbox 294 2559 414 2601; x_wconf 89' lang='lat' dir='ltr'>justum</span> <span class='ocrx_word' id='word_1_505' title='bbox 430 2571 498 2591; x_wconf 81' lang='lat' dir='ltr'>esse</span> <span class='ocrx_word' id='word_1_506' title='bbox 514 2560 622 2591; x_wconf 87' lang='lat' dir='ltr'>asserit</span> <span class='ocrx_word' id='word_1_507' title='bbox 636 2562 776 2593; x_wconf 88' lang='lat' dir='ltr'>debitum</span> <span class='ocrx_word' id='word_1_508' title='bbox 793 2562 933 2594; x_wconf 90' lang='lat' dir='ltr'>reddere.</span> <span class='ocrx_word' id='word_1_509' title='bbox 979 2564 1044 2596; x_wconf 91' lang='lat' dir='ltr'>Po.</span> <span class='ocrx_word' id='word_1_510' title='bbox 1067 2563 1164 2594; x_wconf 87' lang='lat' dir='ltr'>Aliud</span> <span class='ocrx_word' id='word_1_511' title='bbox 1182 2574 1237 2605; x_wconf 89' lang='lat' dir='ltr'>per</span> <span class='ocrx_word' id='word_1_512' title='bbox 1251 2564 1375 2595; x_wconf 87' lang='lat' dir='ltr'>Jovem.</span> <span class='ocrx_word' id='word_1_513' title='bbox 1403 2564 1509 2595; x_wconf 84' lang='lat' dir='ltr'>amicis</span> <span class='ocrx_word' id='word_1_514' title='bbox 1537 2564 1619 2595; x_wconf 90' lang='lat' dir='ltr'>enim</span> 
     </span>
     <span class='ocr_line' id='line_1_44' title="bbox 157 2614 1619 2659; baseline 0.004 -16"><span class='ocrx_word' id='word_1_515' title='bbox 157 2618 248 2654; x_wconf 86' lang='lat' dir='ltr'>putat</span> <span class='ocrx_word' id='word_1_516' title='bbox 263 2614 380 2644; x_wconf 82' lang='lat' dir='ltr'>amicos</span> <span class='ocrx_word' id='word_1_517' title='bbox 394 2614 474 2645; x_wconf 84' lang='lat' dir='ltr'>bene</span> <span class='ocrx_word' id='word_1_518' title='bbox 490 2614 591 2645; x_wconf 78' lang='lat' dir='ltr'>facere</span> <span class='ocrx_word' id='word_1_519' title='bbox 606 2615 731 2652; x_wconf 88' lang='lat' dir='ltr'>debere,</span> <span class='ocrx_word' id='word_1_520' title='bbox 748 2626 811 2646; x_wconf 92' lang='lat' dir='ltr'>non</span> <span class='ocrx_word' id='word_1_521' title='bbox 836 2621 940 2648; x_wconf 90' lang='lat' dir='ltr'>autem</span> <span class='ocrx_word' id='word_1_522' title='bbox 966 2617 1059 2648; x_wconf 86' lang='lat' dir='ltr'>male.</span> <span class='ocrx_word' id='word_1_523' title='bbox 1104 2617 1161 2648; x_wconf 86' lang='lat' dir='ltr'>So.</span> <span class='ocrx_word' id='word_1_524' title='bbox 1185 2616 1333 2658; x_wconf 83' lang='lat' dir='ltr'>Intelligo</span> <span class='ocrx_word' id='word_1_525' title='bbox 1359 2617 1516 2659; x_wconf 88' lang='lat' dir='ltr'>equidem,</span> <span class='ocrx_word' id='word_1_526' title='bbox 1533 2619 1619 2659; x_wconf 88' lang='lat' dir='ltr'>quod</span> 
     </span>
     <span class='ocr_line' id='line_1_45' title="bbox 153 2667 1619 2712; baseline 0.002 -15"><span class='ocrx_word' id='word_1_527' title='bbox 153 2667 281 2698; x_wconf 89' lang='lat' dir='ltr'>minime</span> <span class='ocrx_word' id='word_1_528' title='bbox 295 2668 401 2698; x_wconf 85' lang='lat' dir='ltr'>debita</span> <span class='ocrx_word' id='word_1_529' title='bbox 416 2668 559 2699; x_wconf 89' lang='lat' dir='ltr'>redderet</span> <span class='ocrx_word' id='word_1_530' title='bbox 574 2668 637 2704; x_wconf 81' lang='lat' dir='ltr'>ille,</span> <span class='ocrx_word' id='word_1_531' title='bbox 653 2669 708 2710; x_wconf 88' lang='lat' dir='ltr'>qui</span> <span class='ocrx_word' id='word_1_532' title='bbox 730 2670 771 2706; x_wconf 89' lang='lat' dir='ltr'>ci,</span> <span class='ocrx_word' id='word_1_533' title='bbox 793 2680 812 2700; x_wconf 89' lang='lat' dir='ltr'>a</span> <span class='ocrx_word' id='word_1_534' title='bbox 835 2680 898 2711; x_wconf 93' lang='lat' dir='ltr'>quo</span> <span class='ocrx_word' id='word_1_535' title='bbox 924 2671 1104 2712; x_wconf 86' lang='lat' dir='ltr'>depositum</span> <span class='ocrx_word' id='word_1_536' title='bbox 1129 2670 1301 2711; x_wconf 77' lang='lat' dir='ltr'>accepisset</span> <span class='ocrx_word' id='word_1_537' title='bbox 1324 2681 1443 2710; x_wconf 84' lang='lat' dir='ltr'>aurum,</span> <span class='ocrx_word' id='word_1_538' title='bbox 1463 2672 1619 2708; x_wconf 88' lang='lat' dir='ltr'>redderet,</span> 
     </span>
     <span class='ocr_line' id='line_1_46' title="bbox 155 2719 1619 2767; baseline 0.003 -16"><span class='ocrx_word' id='word_1_539' title='bbox 155 2719 182 2751; x_wconf 75' lang='lat' dir='ltr'>si</span> <span class='ocrx_word' id='word_1_540' title='bbox 195 2720 323 2761; x_wconf 91' lang='lat' dir='ltr'>quidem</span> <span class='ocrx_word' id='word_1_541' title='bbox 339 2722 498 2752; x_wconf 90' lang='lat' dir='ltr'>retributio</span> <span class='ocrx_word' id='word_1_542' title='bbox 514 2727 546 2753; x_wconf 88' lang='lat' dir='ltr'>et</span> <span class='ocrx_word' id='word_1_543' title='bbox 561 2723 697 2762; x_wconf 87' lang='lat' dir='ltr'>receptio</span> <span class='ocrx_word' id='word_1_544' title='bbox 715 2723 806 2754; x_wconf 89' lang='lat' dir='ltr'>noxia</span> <span class='ocrx_word' id='word_1_545' title='bbox 818 2723 910 2761; x_wconf 84' lang='lat' dir='ltr'>soret,</span> <span class='ocrx_word' id='word_1_546' title='bbox 926 2725 1016 2756; x_wconf 91' lang='lat' dir='ltr'>amici</span> <span class='ocrx_word' id='word_1_547' title='bbox 1034 2730 1139 2755; x_wconf 79' lang='lat' dir='ltr'>autem</span> <span class='ocrx_word' id='word_1_548' title='bbox 1161 2729 1277 2760; x_wconf 89' lang='lat' dir='ltr'>essent,</span> <span class='ocrx_word' id='word_1_549' title='bbox 1293 2724 1348 2765; x_wconf 88' lang='lat' dir='ltr'>qui</span> <span class='ocrx_word' id='word_1_550' title='bbox 1374 2725 1486 2765; x_wconf 89' lang='lat' dir='ltr'>recipit</span> <span class='ocrx_word' id='word_1_551' title='bbox 1511 2730 1542 2755; x_wconf 91' lang='lat' dir='ltr'>et</span> <span class='ocrx_word' id='word_1_552' title='bbox 1565 2725 1619 2767; x_wconf 89' lang='lat' dir='ltr'>qui</span> 
     </span>
     <span class='ocr_line' id='line_1_47' title="bbox 155 2773 1618 2819; baseline 0.003 -15"><span class='ocrx_word' id='word_1_553' title='bbox 155 2773 269 2806; x_wconf 75' lang='lat' dir='ltr'>reddit.</span> <span class='ocrx_word' id='word_1_554' title='bbox 293 2785 398 2806; x_wconf 89' lang='lat' dir='ltr'>nonne</span> <span class='ocrx_word' id='word_1_555' title='bbox 411 2776 456 2806; x_wconf 89' lang='lat' dir='ltr'>sic</span> <span class='ocrx_word' id='word_1_556' title='bbox 470 2776 574 2807; x_wconf 88' lang='lat' dir='ltr'>dicere</span> <span class='ocrx_word' id='word_1_557' title='bbox 602 2775 733 2807; x_wconf 83' lang='lat' dir='ltr'>affirmas</span> <span class='ocrx_word' id='word_1_558' title='bbox 760 2777 952 2809; x_wconf 87' lang='lat' dir='ltr'>Simonidem</span> <span class='ocrx_word' id='word_1_559' title='bbox 968 2779 978 2808; x_wconf 88' lang='lat'>?</span> <span class='ocrx_word' id='word_1_560' title='bbox 1026 2778 1088 2809; x_wconf 94' lang='lat' dir='ltr'>Po.</span> <span class='ocrx_word' id='word_1_561' title='bbox 1113 2777 1165 2809; x_wconf 89' lang='lat' dir='ltr'>Sic</span> <span class='ocrx_word' id='word_1_562' title='bbox 1191 2788 1323 2819; x_wconf 88' lang='lat' dir='ltr'>prorsus.</span> <span class='ocrx_word' id='word_1_563' title='bbox 1369 2778 1422 2810; x_wconf 90' lang='lat' dir='ltr'>So.</span> <span class='ocrx_word' id='word_1_564' title='bbox 1448 2778 1534 2814; x_wconf 87' lang='lat' dir='ltr'>Quid</span> <span class='ocrx_word' id='word_1_565' title='bbox 1563 2789 1618 2809; x_wconf 83' lang='lat' dir='ltr'>au·</span> 
     </span>
     <span class='ocr_line' id='line_1_48' title="bbox 154 2827 1617 2873; baseline 0.003 -16"><span class='ocrx_word' id='word_1_566' title='bbox 154 2827 242 2857; x_wconf 75' lang='lat' dir='ltr'>tem?</span> <span class='ocrx_word' id='word_1_567' title='bbox 266 2827 398 2860; x_wconf 89' lang='lat' dir='ltr'>inimicis</span> <span class='ocrx_word' id='word_1_568' title='bbox 413 2829 604 2860; x_wconf 90' lang='lat' dir='ltr'>reddendum</span> <span class='ocrx_word' id='word_1_569' title='bbox 631 2834 678 2860; x_wconf 86' lang='lat' dir='ltr'>est</span> <span class='ocrx_word' id='word_1_570' title='bbox 702 2831 788 2871; x_wconf 89' lang='lat' dir='ltr'>quod</span> <span class='ocrx_word' id='word_1_571' title='bbox 812 2832 980 2863; x_wconf 89' lang='lat' dir='ltr'>debitum?</span> <span class='ocrx_word' id='word_1_572' title='bbox 1025 2832 1086 2862; x_wconf 87' lang='lat' dir='ltr'>Po.</span> <span class='ocrx_word' id='word_1_573' title='bbox 1111 2831 1250 2862; x_wconf 87' lang='lat' dir='ltr'>Omnino</span> <span class='ocrx_word' id='word_1_574' title='bbox 1276 2833 1361 2873; x_wconf 89' lang='lat' dir='ltr'>quod</span> <span class='ocrx_word' id='word_1_575' title='bbox 1389 2832 1451 2862; x_wconf 91' lang='lat' dir='ltr'>illis</span> <span class='ocrx_word' id='word_1_576' title='bbox 1476 2833 1617 2862; x_wconf 85' lang='lat' dir='ltr'>debetur.</span> 
     </span>
     <span class='ocr_line' id='line_1_49' title="bbox 156 2881 1618 2927; baseline 0.002 -17"><span class='ocrx_word' id='word_1_577' title='bbox 156 2881 288 2912; x_wconf 87' lang='lat' dir='ltr'>debetur</span> <span class='ocrx_word' id='word_1_578' title='bbox 303 2887 406 2914; x_wconf 85' lang='lat' dir='ltr'>autem</span> <span class='ocrx_word' id='word_1_579' title='bbox 423 2883 561 2925; x_wconf 86' lang='lat' dir='ltr'>inimico,</span> <span class='ocrx_word' id='word_1_580' title='bbox 578 2888 612 2914; x_wconf 91' lang='lat' dir='ltr'>ut</span> <span class='ocrx_word' id='word_1_581' title='bbox 626 2883 766 2924; x_wconf 85' lang='lat' dir='ltr'>arbitror,</span> <span class='ocrx_word' id='word_1_582' title='bbox 780 2886 819 2916; x_wconf 85' lang='lat' dir='ltr'>ab</span> <span class='ocrx_word' id='word_1_583' title='bbox 835 2885 961 2917; x_wconf 87' lang='lat' dir='ltr'>inimico</span> <span class='ocrx_word' id='word_1_584' title='bbox 976 2886 1060 2927; x_wconf 90' lang='lat' dir='ltr'>quod</span> <span class='ocrx_word' id='word_1_585' title='bbox 1076 2886 1236 2923; x_wconf 83' lang='lat' dir='ltr'>convenit,</span> <span class='ocrx_word' id='word_1_586' title='bbox 1251 2886 1364 2916; x_wconf 85' lang='lat' dir='ltr'>malum</span> <span class='ocrx_word' id='word_1_587' title='bbox 1389 2885 1535 2916; x_wconf 84' lang='lat' dir='ltr'>videlicet</span> <span class='ocrx_word' id='word_1_588' title='bbox 1561 2884 1618 2914; x_wconf 85' lang='lat' dir='ltr'>ali-</span> 
     </span>
     <span class='ocr_line' id='line_1_50' title="bbox 155 2933 1615 2982; baseline 0.003 -19"><span class='ocrx_word' id='word_1_589' title='bbox 155 2933 241 2976; x_wconf 77' lang='lat' dir='ltr'>quid.</span> <span class='ocrx_word' id='word_1_590' title='bbox 285 2935 340 2968; x_wconf 83' lang='lat' dir='ltr'>So.</span> <span class='ocrx_word' id='word_1_591' title='bbox 367 2935 448 2978; x_wconf 86' lang='lat' dir='ltr'>Ergo</span> <span class='ocrx_word' id='word_1_592' title='bbox 466 2937 600 2978; x_wconf 68' lang='lat' dir='ltr'>poeticis</span> <span class='ocrx_word' id='word_1_593' title='bbox 616 2937 820 2971; x_wconf 87' lang='lat' dir='ltr'>velaminibus</span> <span class='ocrx_word' id='word_1_594' title='bbox 836 2939 1023 2982; x_wconf 85' lang='lat' dir='ltr'>significavit</span> <span class='ocrx_word' id='word_1_595' title='bbox 1039 2939 1216 2972; x_wconf 86' lang='lat' dir='ltr'>Simonides</span> <span class='ocrx_word' id='word_1_596' title='bbox 1232 2939 1306 2980; x_wconf 86' lang='lat' dir='ltr'>quid</span> <span class='ocrx_word' id='word_1_597' title='bbox 1320 2938 1439 2979; x_wconf 81' lang='lat' dir='ltr'>justum</span> <span class='ocrx_word' id='word_1_598' title='bbox 1456 2938 1506 2970; x_wconf 76' lang='lat' dir='ltr'>sit.</span> <span class='ocrx_word' id='word_1_599' title='bbox 1528 2937 1615 2979; x_wconf 85' lang='lat' dir='ltr'>judi-</span> 
     </span>
    </p>
   </div>
  </div>
 </body>
</html>
