1840 3225
153 229 225 278 46]
751 228 1036 268 PHILEBUS.
1568 234 1616 270 19

155 335 299 369 nantium
311 336 615 380 interrogationibus,
626 336 889 378 quemadmodum
902 341 933 367 et
946 335 1032 372 mihi,
1044 334 1242 377 respondere.
1267 336 1355 368 Pno.
1372 336 1507 378 Oportet
1519 348 1591 369 sane
1607 351 1613 369 :

155 390 278 433 illisque
294 392 479 433 respondeo,
496 392 535 422 ad
553 391 664 432 primas
688 390 917 432 magnitudines
933 389 1177 430 suspiciendum.
1209 390 1261 422 So.
1285 390 1318 422 Si
1335 391 1504 432 voluptatis
1519 403 1617 433 genus

156 454 249 485 quarn
266 450 406 476 naturam
421 445 546 481 habeat,
563 455 654 475 nosse
670 444 811 481 velimus,
825 454 889 474 non
906 443 938 473 in
955 453 1063 484 parvas
1079 443 1256 484 voluptates
1272 445 1426 486 longeque
1442 455 1460 475 a
1475 455 1618 486 suprema

155 504 302 540 remotas,
326 509 429 530 verum
445 499 476 528 in
492 509 556 535 eas,
572 508 643 539 quae
658 508 809 539 supremae
825 497 1167 538 vehementissimaeque
1191 497 1266 539 [45]
1291 498 1446 535 dicuntur,
1462 499 1618 539 aspicien-

155 552 242 584 dum.
286 553 373 584 Pno.
408 552 552 590 Quilibet
575 563 658 583 nunc
684 553 743 582 ista
772 552 828 582 tibi
858 551 1056 583 concederet.
1102 551 1158 582 So.
1181 551 1296 582 Nonne
1321 553 1355 582 in
1380 558 1526 594 promptu
1555 563 1617 594 prae

155 606 264 638 ceteris
278 607 388 648 positae
405 612 488 643 sunt,
504 617 573 649 quae
591 606 730 637 maximae
747 606 924 646 voluptates
940 610 1023 642 sunt,
1040 609 1075 635 ut
1085 604 1240 646 saepejam
1254 605 1398 642 diximus,
1410 605 1486 646 ipsae
1499 606 1618 638 scilicet

154 659 235 691 circa
256 660 391 701 corpus?
437 660 525 691 Pno.
549 659 693 697 Quidni?
738 659 794 690 So.
818 659 930 690 Utrum
957 659 1201 690 vehementiores
1227 659 1259 689 in
1280 660 1501 700 aegrotantibus
1524 670 1617 701 quam

153 714 235 744 bene
249 713 424 744 valentibus
440 713 657 755 reperiuntur?
681 723 845 745 caveamus
861 714 1001 754 obsecro,
1015 723 1056 743 ne
1079 717 1193 744 temere
1209 713 1437 754 respondentes
1454 713 1617 754 delinqua-

156 777 238 800 mus,
283 767 370 798 Pno.
403 768 550 805 Quonam
580 766 698 808 pacto?
745 766 802 799 So.
834 766 928 797 Forte
955 766 1038 797 enim
1069 767 1102 797 in
1135 767 1214 798 bene
1245 766 1423 798 valentibus
1454 767 1620 798 fateremur

153 820 241 852 Pno.
265 820 439 853 Verisimile
455 827 513 853 est.
559 821 615 852 So.
637 820 690 852 An
707 831 771 851 non
799 821 975 862 voluptates
1001 820 1062 851 illae
1078 820 1235 852 excedunt
1260 831 1462 862 magnopere,
1487 831 1617 862 quarum

154 875 298 905 ardentes
312 875 478 916 cupidines
495 875 632 906 adsunt?
679 875 768 906 Pno.
792 874 910 906 Verum
934 875 965 905 id
989 880 1047 905 est.
1092 875 1148 906 So.
1170 874 1287 905 Nonne
1310 875 1446 905 febribus
1462 880 1494 906 et
1509 875 1619 916 hujus-

154 928 240 959 modi
255 928 370 959 morbis
395 929 498 960 affecti
515 928 656 959 homines
681 934 714 959 et
736 928 845 959 sitiunt
867 929 1066 960 vehementer
1088 934 1120 960 et
1142 928 1258 970 algent,
1275 933 1308 959 et
1328 929 1539 970 quodcunque
1555 927 1621 970 pati

154 991 283 1023 corpore
298 987 540 1022 consueverunt,
555 982 653 1023 magis
668 982 837 1013 admodum
854 992 948 1024 quam
964 983 1057 1014 ceteri
1075 982 1255 1024 patiuntur?
1279 993 1341 1024 quo
1358 983 1403 1020 fit,
1417 988 1452 1013 ut
1464 982 1559 1024 magis
1572 983 1622 1012 in-

154 1035 296 1077 digeant,
312 1036 582 1078 indigentiamque
598 1036 753 1077 replentes
769 1036 985 1068 vehementius
1002 1037 1207 1068 delectentur.
1231 1047 1270 1067 an
1287 1047 1391 1067 verum
1407 1037 1467 1069 hoc
1482 1047 1549 1068 esse
1564 1047 1621 1067 ne·

155 1090 318 1131 gabimus?
364 1090 452 1122 Pno-
475 1089 627 1127 Omnino,
644 1096 678 1121 ut
693 1091 813 1121 dictum
829 1097 887 1127 est,
903 1095 1044 1132 apparet.
1089 1090 1145 1121 So-
1169 1090 1257 1127 Quid
1273 1101 1358 1127 vero,
1371 1101 1444 1121 num
1457 1096 1538 1122 recte
1549 1101 1619 1121 sen-

154 1144 212 1175 tire
229 1144 415 1185 videbimur,
441 1150 624 1181 asserentes,
647 1144 673 1175 si
698 1144 767 1185 quis
794 1144 1025 1185 ingentissimas
1050 1143 1228 1185 voluptates
1251 1155 1376 1175 cernere
1399 1144 1484 1181 velit,
1501 1155 1562 1174 non
1579 1145 1619 1175 ad

155 1198 331 1239 sanitatem,
348 1199 401 1228 sed
420 1199 460 1229 ad
488 1199 627 1229 morbum
653 1198 907 1239 respiciendum?
953 1198 995 1228 Et
1018 1198 1102 1234 vide,
1127 1208 1168 1228 ne
1196 1209 1244 1229 me
1266 1199 1325 1229 bac
1348 1204 1452 1229 mente
1468 1209 1573 1239 rogare
1590 1204 1621 1230 te

155 1262 294 1289 censeas,
311 1252 491 1293 pluribusne
509 1252 772 1283 oblectationibus
786 1257 971 1293 aegrotantes
983 1262 1075 1294 quam
1092 1252 1172 1282 bene
1188 1252 1325 1283 valentes
1340 1253 1548 1283 deliniantur:
1566 1253 1620 1283 sed

154 1306 403 1347 magnitudinem
419 1311 451 1336 et
466 1306 696 1337 vehementiam
714 1306 895 1347 voluptatis,
910 1306 1036 1336 ubinam
1052 1306 1118 1342 fiat,
1130 1306 1317 1347 interrogare
1334 1311 1454 1347 putato.
1480 1317 1620 1348 perscru-

156 1360 285 1390 tandum
300 1361 431 1402 quippe,
447 1370 510 1401 qua
533 1365 656 1390 constet
678 1365 800 1396 natura,
828 1360 1041 1401 praediximus,
1065 1370 1197 1401 quamve
1220 1360 1338 1397 dicant,
1355 1360 1408 1401 qui
1424 1360 1510 1390 nullo
1525 1361 1620 1391 modo

154 1423 222 1444 esse
237 1413 322 1444 illam
338 1419 563 1446 asseverarunt.
609 1414 698 1445 Pno.
723 1414 830 1444 Teneo
855 1424 945 1454 paene
961 1415 1045 1455 quod
1063 1414 1179 1455 inquis.
1225 1413 1281 1444 So.
1306 1413 1397 1445 Forte
1412 1414 1456 1445 nil
1474 1415 1585 1452 minus,
1601 1426 1620 1446 o

153 1466 334 1503 Protarche‚
349 1469 507 1498 ostendes.
532 1467 706 1509 Responde
721 1468 828 1500 modo.
853 1467 891 1498 In
908 1467 1034 1499 lascivia
1050 1473 1082 1498 et
1095 1467 1270 1509 petulantia
1285 1468 1462 1508 non-plures
1478 1470 1620 1510 inquam,

153 1522 206 1552 sed
224 1522 468 1553 vehementiores
484 1527 517 1553 et
531 1522 707 1553 intensione
722 1522 854 1563 majores
876 1522 1065 1563 voluptates,
1081 1533 1173 1564 quam
1190 1522 1221 1552 in
1245 1522 1310 1552 vita
1326 1527 1496 1564 temperata
1520 1524 1619 1556 vides.

153 1574 218 1606 Dic
234 1577 357 1612 amabo,
374 1582 508 1607 mentem
525 1576 689 1607 adhibens.
733 1577 820 1607 Pno.
847 1576 979 1617 Percepi
991 1577 1066 1618 quid
1079 1576 1169 1616 velis,
1185 1582 1217 1607 et
1232 1586 1391 1607 excessum
1405 1587 1498 1608 cerno
1510 1588 1620 1619 quam-

155 1629 332 1670 plurimum.
379 1630 435 1662 So.
459 1630 662 1672 Temperatus
687 1641 800 1672 nempe
828 1631 1035 1672 proverbium,
1058 1630 1148 1661 Nihil
1171 1631 1262 1661 nimis
1277 1631 1476 1672 praecipiens,
1500 1643 1622 1674 semper

154 1684 307 1721 continet,
320 1689 352 1715 et
362 1684 435 1716 huic
449 1685 492 1715 illi
507 1685 737 1726 obtemperant.
750 1684 993 1726 intemperantes
1009 1689 1112 1715 autem
1129 1690 1160 1715 et
1175 1684 1342 1715 dissolutos
1357 1686 1497 1717 homines
1510 1686 1621 1727 volup-

158 1738 231 1769 tatis
245 1738 346 1769 fervor
361 1740 400 1769 ad
417 1739 550 1770 furorem
567 1750 667 1780 usque
684 1749 856 1781 occupans,
870 1739 1078 1769 immoderatis
1093 1739 1280 1770 clamoribus
1292 1739 1444 1771 exsultare
1457 1741 1620 1782 compellit

153 1792 240 1825 Pno.
266 1792 369 1824 Recte
391 1793 538 1835 loqueris.
583 1793 639 1825 So.
664 1793 705 1824 Et
728 1794 752 1824 si
776 1804 879 1824 verum
906 1794 965 1825 hoc
989 1798 1047 1834 est,
1066 1798 1163 1835 patet,
1184 1793 1217 1824 in
1244 1794 1377 1834 quadam
1394 1795 1618 1836 depravatione

157 1852 222 1877 tum
239 1848 350 1878 animae
377 1854 440 1878 tum
458 1848 606 1890 corporis,
625 1848 729 1890 potius
746 1858 838 1889 quam
854 1848 888 1878 in
905 1848 1029 1884 virtute,
1046 1849 1245 1878 vehementes
1260 1848 1437 1888 voluptates
1454 1849 1619 1880 vehemen-

151 1906 262 1943 tesque
288 1900 442 1933 cruciatus
467 1902 649 1934 consistere.
696 1902 783 1933 Pno.
809 1901 901 1932 Patet
924 1906 1018 1933 certe.
1065 1902 1120 1932 So.
1147 1901 1200 1932 An
1226 1912 1289 1932 nun
1321 1902 1439 1944 aliquas
1469 1914 1485 1933 e
1515 1903 1620 1934 multis

150 1955 262 1987 elicere
271 1956 374 1993 decet,
386 1956 621 1997 investigantes,
631 1966 693 1997 qua
704 1957 822 1986 ratione
833 1955 975 1996 ingentes
985 1955 1089 1986 vocari
1100 1955 1259 1986 debeant?
1278 1955 1352 1996 [46]
1378 1956 1465 1988 Pno.
1478 1957 1617 1989 Necesse

152 2015 210 2041 est.
256 2010 311 2040 So.
335 2009 472 2041 Advorte
499 2011 604 2052 itaque
635 2010 743 2040 talium
769 2010 943 2040 morborum
970 2009 1160 2051 voluptates,
1188 2021 1250 2051 qua
1275 2010 1394 2041 ratione
1419 2022 1451 2042 se
1473 2012 1620 2043 habeant.

153 2063 240 2095 Pno.
263 2063 436 2100 Qualium?
482 2064 537 2097 So.
562 2064 755 2095 Deformium
782 2064 970 2105 voluptates,
995 2074 1072 2105 quas
1095 2064 1152 2100 illi,
1177 2074 1254 2105 quos
1277 2064 1480 2105 indignantes
1495 2067 1621 2097 vocavi-

154 2127 233 2154 mus,
249 2118 374 2158 penitus
390 2118 526 2149 horrent.
571 2119 659 2154 Pno,
684 2118 815 2156 Quales,
832 2119 982 2160 inquam?
1027 2119 1084 2150 So.
1109 2118 1208 2149 Velut
1223 2119 1254 2148 in
1271 2118 1385 2149 scabiei
1400 2119 1533 2155 medela,
1549 2131 1620 2161 quae

152 2171 293 2202 fricando
319 2171 365 2207 fit,
394 2173 566 2214 ceterisque
583 2172 777 2214 hujusmodi,
792 2174 875 2203 haud
893 2173 954 2203 alio
978 2173 1144 2214 pharmaco
1160 2172 1384 2213 indigentibus.
1407 2174 1486 2204 lianc.
1503 2174 1621 2215 passio-

153 2234 237 2262 nem,
255 2236 310 2266 pro
326 2225 371 2256 dii
388 2226 589 2267 immortales,
606 2227 855 2268 voluptatenine,
879 2237 919 2257 an
935 2227 1074 2257 dolorem
1092 2227 1195 2268 potius
1211 2227 1486 2267 nuncupabimus?
1533 2228 1621 2260 Pno.

151 2277 276 2309 Malum
299 2279 462 2320 quiddam,
483 2291 502 2310 o
529 2281 684 2318 Socrates,
701 2280 831 2312 mixtum
858 2282 917 2312 hoc
933 2292 1001 2312 esse
1029 2281 1162 2312 videtur.
1207 2281 1263 2312 So.
1288 2280 1362 2311 Non
1380 2287 1482 2313 tamen
1498 2283 1623 2313 Philolai

153 2333 252 2374 gratia
273 2333 306 2363 in
332 2333 415 2365 hunc
432 2344 604 2365 sermonem
625 2335 814 2366 incidimus:
841 2336 894 2366 sed
920 2336 1005 2376 quia,
1022 2335 1082 2365 nisi
1105 2336 1153 2366 hae
1177 2335 1365 2376 voluptates,
1388 2341 1420 2366 et
1442 2347 1512 2377 qua:
1528 2338 1621 2368 hasce

152 2392 337 2428 sequuntur,
352 2388 570 2429 inspiciantur,
587 2399 746 2431 nunquam
762 2389 857 2420 ferme
874 2390 958 2430 quod
983 2390 1149 2430 quaesitum
1165 2399 1250 2420 nunc
1265 2395 1323 2426 est,
1347 2390 1520 2431 dijudicare
1537 2390 1620 2421 vale-

150 2440 264 2472 bimus.
310 2441 363 2472 An
390 2452 452 2472 non
478 2443 517 2472 ad
545 2444 669 2473 istarum
694 2449 842 2484 cognatas
871 2445 1065 2485 pergendum
1091 2444 1162 2474 est?
1208 2444 1296 2475 Pno.
1321 2443 1406 2474 Num
1431 2455 1482 2474 eas
1504 2445 1621 2485 inquis,

151 2504 221 2536 quae
243 2494 274 2524 in
291 2494 441 2526 mixtione
464 2497 718 2527 communicant?
766 2498 820 2528 So.
845 2497 912 2528 Has
926 2498 1022 2538 ipsas.
1066 2497 1146 2527 Sunt
1170 2498 1264 2538 igitur
1287 2497 1462 2538 mixtiones,
1484 2499 1621 2540 corporis

150 2547 278 2589 quidem
293 2547 390 2588 ipsius
407 2548 437 2578 in
454 2549 646 2590 corporibus,
663 2550 774 2581 animae
798 2551 829 2581 in
846 2551 961 2582 anima.
984 2556 1016 2582 et
1031 2551 1154 2581 dolores
1178 2551 1289 2581 animae
1304 2555 1337 2581 et
1352 2552 1488 2592 corporis
1509 2553 1620 2594 volup.

153 2602 269 2632 tatibus
285 2601 396 2632 mixtos
412 2603 622 2643 reperiemus:
649 2614 780 2645 eamque
805 2611 1003 2646 utrorumque
1027 2605 1276 2636 commixtionem
1300 2604 1454 2636 interdum
1473 2607 1620 2648 volupta-

152 2659 227 2692 tem,
243 2654 398 2686 interdum
416 2666 486 2686 vero
503 2656 641 2687 dolorem
655 2658 919 2699 cognominatam.
964 2659 1050 2690 Pno.
1075 2660 1221 2695 Quonam
1234 2663 1328 2700 pacto
1343 2660 1354 2690 ?
1399 2660 1454 2691 So.
1480 2660 1619 2702 Utecce‚

152 2719 224 2740 cum
240 2708 309 2750 quis
325 2709 357 2739 in
373 2710 569 2741 restitutione
593 2711 641 2742 vel
659 2712 859 2753 corruptione
875 2712 966 2743 simul
989 2712 1142 2744 contraria
1159 2713 1285 2754 patitur,
1301 2714 1408 2755 algens
1422 2725 1505 2755 saepo
1521 2715 1619 2746 cales-

152 2762 207 2798 cit,
223 2768 256 2794 et
270 2763 375 2794 calens
390 2763 560 2804 aliquando
577 2765 747 2806 refrigescit
762 2778 768 2796 :
795 2777 945 2807 quaerens,
962 2773 997 2797 ut
1012 2767 1152 2808 arbitror,
1166 2767 1200 2797 id
1216 2767 1351 2809 assequi,
1369 2767 1444 2798 illud
1461 2768 1594 2809 abjicere
1609 2781 1616 2798 :

152 2816 237 2857 quod
255 2817 363 2858 utique
379 2817 504 2854 dicitur,
520 2829 623 2849 amaro
646 2820 739 2850 dulce
756 2821 954 2862 permixtum,
971 2832 1040 2852 cum
1058 2821 1242 2852 difficultate
1266 2821 1444 2862 rejectionis
1461 2822 1617 2858 assistens,

153 2869 339 2906 molestiam,
355 2881 390 2902 ac
405 2872 521 2903 deinde
538 2872 634 2903 ferum
651 2884 849 2915 congressum
874 2875 1012 2907 conficit.
1061 2873 1146 2906 Pno.
1171 2874 1334 2916 Praecipue
1350 2885 1454 2906 verum
1470 2881 1517 2905 est
1532 2876 1617 2916 quud

153 2922 185 2953 in
201 2924 366 2964 praesentia
393 2925 519 2958 dicitur.
565 2928 622 2959 So.
646 2927 763 2960 Nonne
785 2930 892 2960 harum
919 2929 1102 2960 mixtionum
1127 2929 1270 2971 quasdam
1298 2940 1334 2960 cx
1351 2940 1440 2970 aequo
1459 2930 1614 2970 utrinque,

155 2977 296 3018 quaedam
313 2988 349 3010 ex
366 2979 511 3012 alterutro
526 2982 699 3015 excedente
714 2983 909 3016 conflantur?
951 2985 1037 3018 Pno.
1061 2983 1147 3016 Nihil
1164 2983 1318 3025 prohibet.
1354 2984 1407 3015 So.
1433 2983 1497 3015 Dic
1513 2983 1618 3025 igitur,
