1840 3225
199 189 295 240 689]
623 188 696 227 DE
737 185 967 225 LEGIBUS
999 185 1098 227 LIB.
1128 187 1201 225 ΙΙΙ.
1569 188 1644 226 317

195 281 335 314 Arnim.
357 282 492 320 Quando
518 291 625 313 omnes
649 289 773 322 semper
799 280 857 311 hoc
878 279 1031 316 volumus,
1058 286 1090 310 et
1104 279 1136 310 in
1158 279 1292 322 pueritia
1317 285 1350 310 et
1372 279 1481 310 adulta
1502 283 1594 310 aetate
1617 284 1650 310 et

194 337 294 374 senio,
312 336 422 368 sedulo
436 337 471 368 id
488 336 595 378 procul
617 335 712 366 dubio
734 333 849 364 habere
864 343 1040 374 precamur.
1084 334 1183 365 Msso.
1207 334 1337 376 Utique.
1360 333 1499 364 Arnen.
1530 332 1649 365 Amicis

194 391 289 421 etiam
304 392 371 422 haec
386 400 558 432 precamur,
574 399 643 431 quae
666 388 726 429 ipsi
747 397 872 429 quoque
895 387 952 418 sibi
975 393 1187 429 precarentur.
1231 388 1328 425 Mac.
1352 387 1394 418 Et
1414 388 1485 418 hoc.
1509 386 1649 418 Arnim.

191 444 324 476 Amicus
338 451 444 476 autem
457 445 538 475 filius
551 443 645 485 patri,
672 453 743 473 cum
764 451 842 482 puer
864 442 916 477 sit,
940 441 1016 472 viro.
1061 443 1160 474 Mne.
1183 442 1341 474 Profecto.
1387 441 1525 473 Arnen.
1548 440 1650 482 Atqui

195 508 313 535 eorum,
328 510 396 541 quae
412 509 489 541 puer
504 498 684 538 contingere
700 496 759 526 sibi
784 500 938 536 precatur,
960 496 1059 526 multa
1075 502 1176 538 pater,
1202 506 1244 526 ne
1269 496 1424 531 accidant,
1453 495 1650 537 deprecatur.

193 552 291 584 Mm-
313 553 365 583 An
376 553 410 583 id
425 553 493 583 fieri
508 551 598 587 dicis,
611 550 736 592 quando
744 549 871 592 juvenis
886 555 934 580 est
947 555 979 580 et
995 560 1104 581 amens
1121 550 1203 580 filius
1223 549 1277 590 qui
1297 554 1440 590 precatur
1454 550 1464 579 ?
1514 549 1650 580 Arni-:m

192 605 298 637 Immo
311 607 403 637 etiam
420 605 545 648 quando
558 611 649 646 pater
672 605 738 635 sive
755 614 853 634 senex
868 604 933 634 sive
951 603 1119 634 admodum
1128 603 1266 645 juvenis,
1288 614 1360 634 cum
1375 614 1434 633 nec
1450 603 1650 634 honestorum

192 670 296 702 neque
303 661 457 703 justorum
473 660 638 701 quicquam
664 663 843 701 cognoscat,
860 658 904 688 sic
921 657 1062 694 affectus,
1079 663 1113 688 ut
1136 658 1277 688 Theseus
1295 658 1335 689 ad
1351 657 1512 688 infelicem
1527 657 1650 699 Hippo-

193 714 303 756 lytum,
330 714 501 756 impensius
516 715 725 755 imprecatur;
753 713 835 743 filius
862 716 968 742 autem
995 711 1173 753 cognoscit:
1198 716 1331 753 putasne
1356 716 1430 742 tunc
1459 712 1558 742 filium
1578 722 1649 742 cum

192 772 282 808 patre
297 767 410 798 eadem
425 773 583 799 oraturum
596 768 606 797 ?
653 768 749 797 Mne.
772 766 934 807 Intellig0‚
948 765 1032 807 quod
1040 766 1130 796 dieis.
1153 765 1257 797 dicere
1270 766 1354 796 enim
1367 766 1444 796 mihi
1457 765 1575 795 videris
1587 775 1651 797 non

193 831 261 852 esse
276 821 470 863 precandum
484 821 733 863 conandumque,
750 828 785 852 ut
809 821 1005 851 voluntatem
1030 825 1171 851 nostram
1195 824 1309 850 cuncta
1323 824 1511 861 sequantur:
1536 820 1591 851 sed
1618 825 1653 851 ut

191 875 389 917 prudentiam
404 882 545 907 nostram
559 877 715 907 voluntas.
737 875 832 917 idque
841 881 907 906 tam
920 875 1041 906 civitati
1055 885 1146 915 quam
1163 875 1295 915 singulis
1309 874 1454 915 precibus
1468 874 1652 915 petendum,

191 929 441 973 studendumque
456 936 492 961 ut
512 936 653 962 mentem
668 930 814 961 habeant.
837 929 934 971 [688]
983 928 1119 959 Arum<-
1141 928 1242 969 quue
1268 938 1402 970 prorsus,
1418 929 1554 970 inquam.
1577 929 1653 970 quin

192 985 300 1022 etiam,
312 987 396 1026 quod
412 985 513 1016 civilis
527 986 574 1016 vir
588 986 755 1026 legumque
772 985 852 1015 lator
867 983 909 1014 ad
924 985 991 1014 haec
1008 993 1132 1024 semper
1143 983 1315 1024 respiciens
1330 983 1418 1024 leges
1431 983 1511 1013 ferre
1524 983 1652 1020 debent,

193 1044 226 1070 et
240 1040 308 1081 ipse
327 1041 506 1071 recordatus
520 1051 589 1071 sum
604 1046 637 1070 et
650 1050 706 1070 vos
718 1049 801 1069 nunc
814 1037 971 1069 recordari
985 1037 1066 1068 volo.
1088 1047 1203 1078 nempe
1218 1047 1272 1067 vos
1284 1037 1318 1067 in
1330 1036 1553 1078 disputationis
1567 1037 1652 1078 prin-

193 1094 279 1136 cipio
295 1093 448 1125 dicebatis
461 1094 594 1135 probum
608 1094 848 1135 legumlatorem
862 1092 902 1123 ad
917 1092 1034 1122 bellum
1057 1092 1162 1122 omnia
1186 1091 1302 1121 referre
1323 1091 1450 1122 debere.
1473 1102 1532 1132 ego
1546 1098 1652 1122 autem

194 1147 339 1179 dicebam
353 1148 394 1178 ad
406 1159 499 1179 unam
516 1147 710 1179 solummodo
725 1148 883 1183 virtutem,
906 1157 978 1177 cum
993 1152 1101 1177 tamen
1117 1146 1181 1176 sint
1195 1151 1337 1186 quatuor,
1353 1145 1387 1176 id
1399 1146 1555 1187 respicere
1571 1157 1578 1176 ε
1601 1156 1651 1176 re-

194 1202 452 1244 spicientiumque
466 1213 531 1234 non
547 1203 588 1233 ad
602 1214 698 1234 unam
712 1207 845 1238 tantum,
861 1201 918 1231 sed
933 1211 1053 1237 omnes,
1077 1200 1213 1230 maxime
1234 1210 1307 1230 vero
1322 1200 1361 1230 ad
1377 1201 1519 1241 primam,
1536 1211 1606 1242 quae
1621 1205 1655 1231 et

195 1262 368 1288 ceterarum
383 1258 522 1288 omnium
537 1259 598 1288 dux
613 1262 671 1288 est.
694 1258 761 1287 haec
773 1267 848 1287 vero
862 1254 1030 1296 prudentia
1042 1260 1090 1285 est
1099 1260 1132 1285 et
1140 1254 1320 1284 intellectus
1332 1260 1365 1284 et
1377 1255 1493 1296 opinio,
1508 1265 1571 1286 una
1583 1265 1654 1286 cum

193 1321 298 1342 amore
319 1316 352 1342 et
367 1312 538 1353 cupiditate
553 1313 616 1342 ista
630 1317 794 1353 sequente.
815 1309 928 1341 eodem
939 1309 1009 1351 jam
1024 1309 1121 1340 oratio
1145 1314 1250 1339 nostra
1261 1309 1426 1339 revertitur
1440 1320 1446 1338 :
1471 1315 1503 1339 et
1516 1319 1585 1350 ego,
1601 1309 1656 1350 qui

192 1370 267 1396 tunc
283 1375 322 1396 ea
337 1365 492 1402 dicebam,
509 1366 622 1397 eadem
637 1376 721 1396 nunc
738 1365 835 1396 etiam
851 1364 932 1400 dico,
949 1364 1015 1394 sive
1036 1363 1111 1405 joco
1128 1363 1223 1393 vultis
1249 1363 1314 1393 sive
1330 1363 1423 1393 serio.
1445 1373 1549 1394 assero
1564 1364 1654 1404 equi-

194 1419 268 1451 dem
291 1431 354 1451 non
368 1430 437 1451 esse
458 1425 571 1457 tutum,
588 1424 660 1451 voto
675 1420 721 1451 uti
737 1425 769 1450 et
784 1420 823 1450 ad
840 1423 945 1450 votum
962 1417 1124 1463 consequi,
1147 1418 1172 1448 si
1189 1422 1327 1448 mentem
1349 1428 1413 1449 non
1436 1418 1574 1458 habeas3
1598 1417 1656 1448 sed

194 1475 347 1506 contraria
362 1485 470 1506 eorum
482 1476 620 1512 evenire,
636 1486 704 1516 quae
719 1474 811 1516 petis,
828 1474 926 1504 satius
939 1484 1018 1504 esse.
1064 1473 1097 1503 Si
1113 1472 1194 1503 serio
1209 1472 1295 1503 dicta
1308 1473 1376 1503 haec
1392 1472 1572 1503 existimare
1588 1473 1655 1502 vul-

190 1530 243 1566 tis,
259 1529 446 1561 existimate.
468 1540 560 1571 spero
583 1531 669 1561 enim
690 1540 775 1560 nunc
792 1529 880 1559 vobis
903 1527 1103 1570 persuadere,
1120 1526 1205 1568 quod
1226 1526 1322 1568 paulo
1335 1532 1408 1557 ante
1424 1526 1656 1568 proposuimus,

192 1583 377 1625 perditionis
399 1594 509 1625 regum
523 1585 683 1626 totiusque
697 1583 930 1615 constitutionis
945 1583 1030 1613 illius
1055 1580 1265 1612 dissolvendae
1284 1591 1410 1612 causam
1423 1592 1488 1612 non
1502 1580 1656 1611 timidita-

195 1646 262 1669 tem
276 1638 384 1676 fuisse,
399 1649 459 1669 nec
471 1639 517 1669 rei
530 1639 676 1670 militaris
690 1638 901 1680 ignorantiam
918 1648 973 1668 seu
997 1636 1176 1678 principum
1199 1635 1264 1666 sive
1281 1636 1490 1674 subditorum3
1515 1635 1572 1666 sed
1586 1635 1657 1665 uni-

192 1703 316 1724 versam
329 1693 483 1734 reliquam
497 1694 696 1735 pravitatem,
713 1699 745 1724 et
760 1692 935 1734 praesertim
956 1692 1041 1723 circa
1055 1691 1259 1720 humanarum
1274 1701 1376 1720 rerum
1392 1690 1542 1720 maximas
1565 1690 1655 1730 igno-

194 1748 339 1778 rantiam.
360 1747 446 1789 quod
458 1749 526 1780 haec
538 1753 614 1780 tunc
625 1748 672 1778 ita
683 1748 882 1788 contigerint,
898 1752 930 1777 et
952 1757 1048 1782 nunc,
1064 1745 1163 1776 sicubi
1180 1744 1257 1774 fiant
1272 1749 1326 1774 aut
1349 1744 1449 1774 sutura
1465 1744 1654 1785 quandoque

193 1802 267 1838 sint,
283 1812 347 1833 non
360 1802 450 1833 aliter
464 1803 624 1839 eveniant,
639 1803 786 1837 conabor,
802 1807 838 1832 ut
852 1801 930 1831 ratio
946 1800 1098 1841 deinceps
1113 1798 1271 1834 ostendet,
1293 1798 1488 1834 adinvenire,
1506 1798 1656 1839 vobisque

193 1861 344 1897 tanquam
355 1857 466 1888 amicis
482 1867 539 1898 pro
550 1857 666 1888 viribus
679 1857 860 1897 explanare.
906 1855 982 1886 Cn.
1007 1854 1120 1885 Verbis
1137 1859 1178 1888 te,
1192 1854 1316 1893 hospes,
1326 1851 1453 1882 laudare
1465 1853 1633 1882 molestum
1647 1863 1655 1881 :

193 1920 228 1941 re
245 1916 351 1941 autem
366 1912 455 1942 valde
472 1911 680 1943 laudabimus.
694 1911 828 1941 libenter
847 1910 932 1940 enim
951 1916 1003 1939 tua
1019 1909 1104 1938 dicta
1117 1907 1343 1947 suscipiemus3
1367 1917 1429 1947 qua
1448 1906 1481 1936 in
1496 1916 1530 1937 re
1543 1906 1655 1937 libera-

194 1964 233 1995 lis
247 1964 391 2006 quaedam
402 1966 471 1995 laus
485 1971 544 2000 est,
561 1976 630 2005 quie
646 1975 709 1994 non
724 1964 859 1994 maxime
885 1968 983 2004 patet.
1028 1961 1166 1992 Arnim.
1190 1961 1320 2002 Optime
1336 1966 1370 1990 tu
1384 1961 1522 2002 quidem,
1538 1960 1656 1992 Clinia.

197 2028 304 2059 quare,
320 2018 405 2060 quod
416 2019 470 2055 ais,
487 2019 668 2049 efficiamus.
699 2018 775 2048 (ΖΜ.
792 2017 860 2047 Erit
872 2017 927 2053 ita,
941 2017 968 2047 si
984 2015 1073 2047 Deus
1090 2016 1233 2047 voluerit.
1257 2020 1292 2045 tu
1307 2014 1402 2046 modo
1418 2014 1480 2045 dic.
1518 2015 1656 2045 ΑΤΗΕΝ.

197 2072 372 2104 Censemus
387 2083 459 2113 ergo
473 2084 481 2102 ι
505 2082 562 2114 per
576 2075 760 2112 sequentem
774 2070 996 2111 disputationis
1011 2071 1101 2112 hujus
1127 2071 1210 2100 viam
1238 2069 1389 2111 deinceps
1405 2069 1655 2110 progredientes,

195 2127 332 2158 maxima
347 2131 421 2157 tunc
432 2127 608 2168 ignorantia
616 2126 791 2167 potentiam
803 2125 892 2155 illam
907 2125 1003 2155 fuisse
1016 2124 1173 2165 perditam
1189 2136 1195 2154 :
1220 2124 1401 2165 similesque
1412 2134 1516 2154 rerum
1527 2128 1659 2154 eventus

196 2187 230 2212 et
242 2192 326 2212 nunc
341 2181 454 2212 eadem
468 2191 508 2212 ex
522 2191 618 2212 causa
632 2180 799 2221 proficisci.
822 2184 1013 2221 quapropter
1028 2179 1055 2210 si
1068 2180 1125 2210 hoc
1141 2179 1187 2209 ita
1202 2189 1235 2209 se
1249 2179 1356 2215 habet,
1371 2178 1531 2219 legislator
1552 2178 1658 2209 conari

197 2235 293 2267 debet
306 2235 515 2278 prudentiam,
530 2235 634 2277 quoad
649 2235 716 2265 fieri
736 2240 851 2276 potest,
868 2234 987 2264 civibus
1010 2234 1095 2269 dare,
1120 2233 1328 2274 ignorantiam
1343 2243 1437 2274 quam
1451 2232 1587 2262 maxime
1603 2242 1659 2262 au-

196 2290 288 2321 ferre.
341 2291 417 2322 Cu.
450 2290 659 2321 Manifestum
681 2290 716 2320 id
743 2289 883 2330 quidem.
931 2287 1027 2329 [689]
1052 2287 1190 2319 Arnen.
1224 2288 1377 2324 Quaenam
1403 2287 1497 2328 igitur
1522 2286 1658 2317 maxima

196 2343 322 2375 inscitia
330 2345 400 2386 jure
415 2344 556 2376 dicetur?
581 2343 777 2375 considerate
793 2343 820 2373 si
832 2343 909 2374 milii
926 2342 1133 2373 assentimini.
1159 2352 1217 2382 cgo
1230 2341 1315 2372 enim
1330 2342 1412 2371 hanc
1426 2350 1550 2372 censeo.
1581 2340 1659 2371 CL1.

199 2398 300 2435 Quam
317 2398 327 2428 ?
373 2397 513 2429 Arnen.
535 2399 672 2435 Quando
698 2399 822 2439 aliquis,
850 2398 932 2439 quod
952 2398 1118 2428 honestum
1142 2396 1201 2426 sihi
1229 2402 1283 2426 aut
1303 2396 1417 2426 bonum
1446 2394 1577 2429 videtur,
1593 2404 1656 2425 non

199 2457 284 2483 amet
296 2451 353 2482 sed
368 2451 469 2483 oderit
483 2464 489 2482 :
515 2451 599 2494 quod
615 2457 718 2483 autem
734 2453 851 2482 malum
867 2457 960 2493 atque
976 2451 1134 2493 injustum,
1146 2450 1180 2480 id
1195 2450 1307 2491 diligat
1323 2456 1416 2490 atque
1431 2450 1654 2489 amplectatur:

197 2507 280 2537 hanc
302 2507 474 2547 voluptatis
497 2506 673 2547 dolorisque
697 2506 926 2537 dissensionem
947 2505 1095 2536 adversus
1122 2514 1203 2541 cam,
1231 2514 1300 2545 quae
1326 2503 1479 2533 rationem
1505 2503 1656 2544 sequitur,

197 2561 389 2601 opinionem,
401 2566 575 2592 extremam
597 2571 667 2591 esse
681 2561 836 2591 inscitiam
858 2571 982 2592 assero:
1018 2570 1110 2601 quam
1132 2560 1228 2589 etiam
1243 2558 1412 2589 maximam
1436 2557 1518 2594 dico,
1535 2557 1608 2598 quia
1622 2558 1655 2587 in

198 2615 399 2646 multitudine
412 2615 509 2646 animi
525 2623 584 2646 est.
608 2614 692 2656 quod
707 2615 793 2645 enim
806 2615 839 2645 in
852 2625 890 2645 eo
904 2614 1062 2646 doloribus
1077 2613 1348 2654 voluptatibusque
1364 2612 1582 2653 mancipatum
1596 2617 1656 2647 est,

198 2670 288 2710 quasi
307 2670 398 2711 plebs
413 2670 550 2700 civitatis
563 2674 613 2700 est
626 2674 718 2710 atque
734 2669 912 2702 multitudo.
936 2668 1063 2710 quando
1088 2668 1183 2709 igitur
1209 2667 1347 2698 scientiae
1373 2667 1422 2697 vel
1449 2666 1588 2707 opinioni
1605 2667 1655 2696 vel

198 2724 322 2761 rationi,
338 2734 407 2765 quae
422 2729 533 2755 natura
549 2724 758 2759 dominantur,
774 2724 895 2754 animus
920 2723 1113 2758 adversatur,
1130 2723 1188 2752 lioc
1205 2731 1264 2762 ego
1278 2721 1486 2762 ignorantiam
1507 2721 1654 2761 appello:

200 2781 233 2806 et
247 2777 382 2808 civitatis
403 2778 542 2820 quidem,
559 2778 683 2819 quando
698 2778 893 2818 principibus
908 2777 1092 2818 legibusque
1117 2776 1284 2807 multitudo
1299 2786 1362 2806 non
1379 2782 1468 2816 paret
1482 2787 1488 2804 z
1513 2780 1545 2804 et
1565 2774 1656 2804 unius

201 2831 296 2862 etiam
311 2832 378 2868 viri,
394 2832 531 2874 quando,
547 2833 623 2863 licet
635 2833 724 2863 bonae
740 2832 772 2862 in
789 2832 902 2875 animo¹
917 2832 1054 2862 rationes
1081 2831 1154 2866 sint,
1171 2830 1271 2861 nihilo
1293 2834 1398 2860 tannen
1425 2828 1524 2869 magis
1543 2837 1654 2857 socun-

203 2884 276 2917 dum
290 2885 374 2928 ipsas
387 2887 498 2929 agitur,
514 2887 571 2919 sed
587 2893 694 2920 contra
719 2886 823 2918 emula
838 2891 1040 2929 peraguntur.
1062 2886 1118 2917 lias
1134 2884 1281 2928 equidem
1295 2884 1485 2926 ignorantias
1499 2881 1654 2923 peruicio-
