<?xml version="1.0" encoding="UTF-8"?>
<!DOCTYPE html PUBLIC "-//W3C//DTD XHTML 1.0 Transitional//EN"
    "http://www.w3.org/TR/xhtml1/DTD/xhtml1-transitional.dtd">
<html xmlns="http://www.w3.org/1999/xhtml" xml:lang="en" lang="en">
 <head>
  <title>
</title>
<meta http-equiv="Content-Type" content="text/html;charset=utf-8" />
  <meta name='ocr-system' content='tesseract 3.04.00' />
  <meta name='ocr-capabilities' content='ocr_page ocr_carea ocr_par ocr_line ocrx_word'/>
</head>
<body>
  <div class='ocr_page' id='page_1' title='image "./platonisetquaeve11plat_0514.png"; bbox 0 0 1840 3225; ppageno 0'>
   <div class='ocr_carea' id='block_1_1' title="bbox 169 244 1628 294">
    <p class='ocr_par' dir='ltr' id='par_1_1' title="bbox 169 244 1628 294">
     <span class='ocr_line' id='line_1_1' title="bbox 169 244 1628 294; baseline -0.002 -9"><span class='ocrx_word' id='word_1_1' title='bbox 169 248 255 286; x_wconf 79' lang='lat'>496·</span> <span class='ocrx_word' id='word_1_2' title='bbox 702 244 958 284; x_wconf 87' lang='lat' dir='ltr'><strong>EPISTOLA</strong></span> <span class='ocrx_word' id='word_1_3' title='bbox 989 245 1098 285; x_wconf 86' lang='lat' dir='ltr'><strong>VIII.</strong></span> <span class='ocrx_word' id='word_1_4' title='bbox 1489 252 1491 254; x_wconf 83' lang='lat'>&#39;</span> <span class='ocrx_word' id='word_1_5' title='bbox 1532 245 1628 294; x_wconf 83' lang='lat'><strong>[355</strong></span> 
     </span>
    </p>
   </div>
   <div class='ocr_carea' id='block_1_2' title="bbox 171 349 1650 2915">
    <p class='ocr_par' dir='ltr' id='par_1_2' title="bbox 171 349 1650 2915">
     <span class='ocr_line' id='line_1_2' title="bbox 171 349 1632 392; baseline -0.001 -11"><span class='ocrx_word' id='word_1_6' title='bbox 171 351 213 382; x_wconf 83' lang='lat' dir='ltr'>ad</span> <span class='ocrx_word' id='word_1_7' title='bbox 230 350 288 381; x_wconf 87' lang='lat' dir='ltr'>hoc</span> <span class='ocrx_word' id='word_1_8' title='bbox 303 350 404 392; x_wconf 87' lang='lat' dir='ltr'>ipsum</span> <span class='ocrx_word' id='word_1_9' title='bbox 414 350 447 380; x_wconf 86' lang='lat' dir='ltr'>in</span> <span class='ocrx_word' id='word_1_10' title='bbox 458 350 626 392; x_wconf 79' lang='lat' dir='ltr'>praesentia</span> <span class='ocrx_word' id='word_1_11' title='bbox 639 350 720 380; x_wconf 86' lang='lat' dir='ltr'>ratio</span> <span class='ocrx_word' id='word_1_12' title='bbox 731 360 802 381; x_wconf 89' lang='lat' dir='ltr'>mea</span> <span class='ocrx_word' id='word_1_13' title='bbox 814 360 923 380; x_wconf 86' lang='lat' dir='ltr'>omnes</span> <span class='ocrx_word' id='word_1_14' title='bbox 948 350 1089 381; x_wconf 84' lang='lat' dir='ltr'>homines</span> <span class='ocrx_word' id='word_1_15' title='bbox 1112 351 1301 387; x_wconf 81' lang='lat' dir='ltr'>cohortatur,</span> <span class='ocrx_word' id='word_1_16' title='bbox 1329 351 1465 382; x_wconf 82' lang='lat' dir='ltr'>suadens</span> <span class='ocrx_word' id='word_1_17' title='bbox 1487 349 1546 387; x_wconf 89' lang='lat' dir='ltr'>his,</span> <span class='ocrx_word' id='word_1_18' title='bbox 1575 349 1632 390; x_wconf 86' lang='lat' dir='ltr'>qui</span> 
     </span>
     <span class='ocr_line' id='line_1_3' title="bbox 171 402 1631 446; baseline -0.001 -12"><span class='ocrx_word' id='word_1_19' title='bbox 171 404 368 446; x_wconf 78' lang='lat' dir='ltr'>tyrannidem</span> <span class='ocrx_word' id='word_1_20' title='bbox 384 404 544 440; x_wconf 83' lang='lat' dir='ltr'>affectant,</span> <span class='ocrx_word' id='word_1_21' title='bbox 561 404 719 434; x_wconf 83' lang='lat' dir='ltr'>declinare</span> <span class='ocrx_word' id='word_1_22' title='bbox 735 414 770 434; x_wconf 90' lang='lat' dir='ltr'>ac</span> <span class='ocrx_word' id='word_1_23' title='bbox 784 404 893 444; x_wconf 83' lang='lat' dir='ltr'>fugere</span> <span class='ocrx_word' id='word_1_24' title='bbox 907 404 1068 435; x_wconf 85' lang='lat' dir='ltr'>indefesso</span> <span class='ocrx_word' id='word_1_25' title='bbox 1094 405 1231 445; x_wconf 88' lang='lat' dir='ltr'>quodam</span> <span class='ocrx_word' id='word_1_26' title='bbox 1256 405 1392 446; x_wconf 80' lang='lat' dir='ltr'>fugienti</span> <span class='ocrx_word' id='word_1_27' title='bbox 1417 404 1522 435; x_wconf 87' lang='lat' dir='ltr'>studio</span> <span class='ocrx_word' id='word_1_28' title='bbox 1547 402 1631 443; x_wconf 86' lang='lat' dir='ltr'>ejus-</span> 
     </span>
     <span class='ocr_line' id='line_1_4' title="bbox 171 457 1632 499; baseline -0.003 -10"><span class='ocrx_word' id='word_1_29' title='bbox 171 458 258 489; x_wconf 90' lang='lat' dir='ltr'><strong>modi</strong></span> <span class='ocrx_word' id='word_1_30' title='bbox 270 459 508 489; x_wconf 85' lang='lat' dir='ltr'>famescentium</span> <span class='ocrx_word' id='word_1_31' title='bbox 522 458 753 498; x_wconf 84' lang='lat' dir='ltr'>stultorumque</span> <span class='ocrx_word' id='word_1_32' title='bbox 768 458 929 488; x_wconf 85' lang='lat' dir='ltr'>hominum</span> <span class='ocrx_word' id='word_1_33' title='bbox 944 458 1126 488; x_wconf 77' lang='lat' dir='ltr'><strong>felicitatem</strong></span> <span class='ocrx_word' id='word_1_34' title='bbox 1140 470 1145 487; x_wconf 93' lang='lat'><strong>:</strong></span> <span class='ocrx_word' id='word_1_35' title='bbox 1171 463 1266 499; x_wconf 89' lang='lat' dir='ltr'>atque</span> <span class='ocrx_word' id='word_1_36' title='bbox 1281 458 1322 488; x_wconf 92' lang='lat' dir='ltr'>ad</span> <span class='ocrx_word' id='word_1_37' title='bbox 1338 458 1455 499; x_wconf 79' lang='lat' dir='ltr'>regiam</span> <span class='ocrx_word' id='word_1_38' title='bbox 1478 457 1632 498; x_wconf 88' lang='lat' dir='ltr'>guberna·</span> 
     </span>
     <span class='ocr_line' id='line_1_5' title="bbox 171 509 1633 553; baseline -0.001 -12"><span class='ocrx_word' id='word_1_39' title='bbox 171 511 266 542; x_wconf 82' lang='lat' dir='ltr'>tionis</span> <span class='ocrx_word' id='word_1_40' title='bbox 280 511 411 542; x_wconf 87' lang='lat' dir='ltr'>formam</span> <span class='ocrx_word' id='word_1_41' title='bbox 427 523 482 553; x_wconf 91' lang='lat' dir='ltr'>pro</span> <span class='ocrx_word' id='word_1_42' title='bbox 496 511 614 542; x_wconf 87' lang='lat' dir='ltr'>viribus</span> <span class='ocrx_word' id='word_1_43' title='bbox 637 521 670 541; x_wconf 87' lang='lat' dir='ltr'>se</span> <span class='ocrx_word' id='word_1_44' title='bbox 701 511 876 547; x_wconf 77' lang='lat' dir='ltr'>transferre,</span> <span class='ocrx_word' id='word_1_45' title='bbox 904 512 1088 553; x_wconf 81' lang='lat' dir='ltr'>legibusque</span> <span class='ocrx_word' id='word_1_46' title='bbox 1108 512 1200 552; x_wconf 85' lang='lat' dir='ltr'>regiis</span> <span class='ocrx_word' id='word_1_47' title='bbox 1229 513 1457 553; x_wconf 82' lang='lat' dir='ltr'>obtemperare,</span> <span class='ocrx_word' id='word_1_48' title='bbox 1480 509 1633 541; x_wconf 76' lang='lat' dir='ltr'>maximos</span> 
     </span>
     <span class='ocr_line' id='line_1_6' title="bbox 171 564 1634 607; baseline -0.002 -12"><span class='ocrx_word' id='word_1_49' title='bbox 171 565 308 596; x_wconf 86' lang='lat' dir='ltr'><strong>honores</strong></span> <span class='ocrx_word' id='word_1_50' title='bbox 334 566 372 596; x_wconf 90' lang='lat' dir='ltr'>ab</span> <span class='ocrx_word' id='word_1_51' title='bbox 397 566 574 596; x_wconf 85' lang='lat' dir='ltr'>hominibus</span> <span class='ocrx_word' id='word_1_52' title='bbox 604 565 788 606; x_wconf 75' lang='lat' dir='ltr'>legibusque</span> <span class='ocrx_word' id='word_1_53' title='bbox 817 566 995 595; x_wconf 85' lang='lat' dir='ltr'>volentibus</span> <span class='ocrx_word' id='word_1_54' title='bbox 1023 566 1213 607; x_wconf 83' lang='lat' dir='ltr'>quandoque</span> <span class='ocrx_word' id='word_1_55' title='bbox 1238 566 1454 607; x_wconf 86' lang='lat' dir='ltr'>reportaturis.</span> <span class='ocrx_word' id='word_1_56' title='bbox 1475 564 1530 606; x_wconf 88' lang='lat' dir='ltr'>qui</span> <span class='ocrx_word' id='word_1_57' title='bbox 1558 572 1634 593; x_wconf 85' lang='lat' dir='ltr'>vero</span> 
     </span>
     <span class='ocr_line' id='line_1_7' title="bbox 174 619 1633 660; baseline -0.003 -11"><span class='ocrx_word' id='word_1_58' title='bbox 174 619 321 649; x_wconf 89' lang='lat' dir='ltr'>omnibus</span> <span class='ocrx_word' id='word_1_59' title='bbox 349 620 474 650; x_wconf 84' lang='lat' dir='ltr'>vivendi</span> <span class='ocrx_word' id='word_1_60' title='bbox 505 619 677 660; x_wconf 79' lang='lat' dir='ltr'>praeferunt</span> <span class='ocrx_word' id='word_1_61' title='bbox 711 619 896 654; x_wconf 84' lang='lat' dir='ltr'>libertatem,</span> <span class='ocrx_word' id='word_1_62' title='bbox 925 619 1038 660; x_wconf 79' lang='lat' dir='ltr'>jugum</span> <span class='ocrx_word' id='word_1_63' title='bbox 1074 630 1147 649; x_wconf 85' lang='lat' dir='ltr'>vero</span> <span class='ocrx_word' id='word_1_64' title='bbox 1181 620 1292 650; x_wconf 87' lang='lat' dir='ltr'>servile</span> <span class='ocrx_word' id='word_1_65' title='bbox 1323 620 1448 660; x_wconf 82' lang='lat' dir='ltr'>fugiunt</span> <span class='ocrx_word' id='word_1_66' title='bbox 1483 623 1633 657; x_wconf 89' lang='lat' dir='ltr'>tanquam</span> 
     </span>
     <span class='ocr_line' id='line_1_8' title="bbox 174 670 1633 714; baseline -0.002 -12"><span class='ocrx_word' id='word_1_67' title='bbox 174 672 304 709; x_wconf 89' lang='lat' dir='ltr'>malum,</span> <span class='ocrx_word' id='word_1_68' title='bbox 329 673 352 703; x_wconf 93' lang='lat' dir='ltr'>ii</span> <span class='ocrx_word' id='word_1_69' title='bbox 367 679 499 704; x_wconf 86' lang='lat' dir='ltr'>caveant</span> <span class='ocrx_word' id='word_1_70' title='bbox 515 683 637 709; x_wconf 89' lang='lat' dir='ltr'>moneo,</span> <span class='ocrx_word' id='word_1_71' title='bbox 655 683 694 703; x_wconf 91' lang='lat' dir='ltr'>ne</span> <span class='ocrx_word' id='word_1_72' title='bbox 711 672 879 703; x_wconf 73' lang='lat' dir='ltr'>insatiabili</span> <span class='ocrx_word' id='word_1_73' title='bbox 891 674 1076 714; x_wconf 68' lang='lat' dir='ltr'>importunae</span> <span class='ocrx_word' id='word_1_74' title='bbox 1094 674 1247 704; x_wconf 73' lang='lat' dir='ltr'>libertatis</span> <span class='ocrx_word' id='word_1_75' title='bbox 1263 674 1411 704; x_wconf 79' lang='lat' dir='ltr'>aviditate</span> <span class='ocrx_word' id='word_1_76' title='bbox 1424 673 1459 703; x_wconf 91' lang='lat' dir='ltr'>in</span> <span class='ocrx_word' id='word_1_77' title='bbox 1482 670 1633 711; x_wconf 89' lang='lat' dir='ltr'>majorum</span> 
     </span>
     <span class='ocr_line' id='line_1_9' title="bbox 176 722 1636 768; baseline -0.002 -13"><span class='ocrx_word' id='word_1_78' title='bbox 176 735 300 757; x_wconf 88' lang='lat' dir='ltr'>suorum</span> <span class='ocrx_word' id='word_1_79' title='bbox 327 727 468 758; x_wconf 82' lang='lat' dir='ltr'>incidant</span> <span class='ocrx_word' id='word_1_80' title='bbox 489 727 627 757; x_wconf 87' lang='lat' dir='ltr'>morbum</span> <span class='ocrx_word' id='word_1_81' title='bbox 643 738 649 755; x_wconf 91' lang='lat'>:</span> <span class='ocrx_word' id='word_1_82' title='bbox 675 738 765 768; x_wconf 84' lang='lat' dir='ltr'>quem</span> <span class='ocrx_word' id='word_1_83' title='bbox 794 727 920 767; x_wconf 84' lang='lat' dir='ltr'>quidem</span> <span class='ocrx_word' id='word_1_84' title='bbox 947 728 994 757; x_wconf 89' lang='lat' dir='ltr'>illi</span> <span class='ocrx_word' id='word_1_85' title='bbox 1020 732 1191 768; x_wconf 85' lang='lat' dir='ltr'>propterea</span> <span class='ocrx_word' id='word_1_86' title='bbox 1220 727 1304 768; x_wconf 84' lang='lat' dir='ltr'>passi</span> <span class='ocrx_word' id='word_1_87' title='bbox 1330 732 1412 762; x_wconf 87' lang='lat' dir='ltr'>sunt,</span> <span class='ocrx_word' id='word_1_88' title='bbox 1442 725 1528 767; x_wconf 89' lang='lat' dir='ltr'>quod</span> <span class='ocrx_word' id='word_1_89' title='bbox 1554 722 1636 753; x_wconf 87' lang='lat' dir='ltr'>nulli</span> 
     </span>
     <span class='ocr_line' id='line_1_10' title="bbox 174 777 1637 822; baseline -0.001 -12"><span class='ocrx_word' id='word_1_90' title='bbox 174 789 285 820; x_wconf 89' lang='lat' dir='ltr'>parere</span> <span class='ocrx_word' id='word_1_91' title='bbox 299 781 441 812; x_wconf 83' lang='lat' dir='ltr'>volentes</span> <span class='ocrx_word' id='word_1_92' title='bbox 457 781 610 811; x_wconf 84' lang='lat' dir='ltr'>libertatis</span> <span class='ocrx_word' id='word_1_93' title='bbox 617 791 721 811; x_wconf 87' lang='lat' dir='ltr'>amore</span> <span class='ocrx_word' id='word_1_94' title='bbox 735 780 983 822; x_wconf 83' lang='lat' dir='ltr'>intemperanter</span> <span class='ocrx_word' id='word_1_95' title='bbox 996 781 1081 811; x_wconf 88' lang='lat' dir='ltr'>abusi</span> <span class='ocrx_word' id='word_1_96' title='bbox 1095 786 1176 811; x_wconf 91' lang='lat' dir='ltr'>sunt.</span> <span class='ocrx_word' id='word_1_97' title='bbox 1192 781 1246 822; x_wconf 92' lang='lat' dir='ltr'>qui</span> <span class='ocrx_word' id='word_1_98' title='bbox 1259 781 1345 811; x_wconf 90' lang='lat' dir='ltr'>enim</span> <span class='ocrx_word' id='word_1_99' title='bbox 1357 786 1430 811; x_wconf 89' lang='lat' dir='ltr'>ante</span> <span class='ocrx_word' id='word_1_100' title='bbox 1443 777 1637 820; x_wconf 79' lang='lat' dir='ltr'>Dionysium</span> 
     </span>
     <span class='ocr_line' id='line_1_11' title="bbox 175 831 1637 877; baseline -0.002 -13"><span class='ocrx_word' id='word_1_101' title='bbox 175 839 209 864; x_wconf 89' lang='lat' dir='ltr'>et</span> <span class='ocrx_word' id='word_1_102' title='bbox 226 836 438 877; x_wconf 82' lang='lat' dir='ltr'>Hipparinum</span> <span class='ocrx_word' id='word_1_103' title='bbox 461 835 494 865; x_wconf 91' lang='lat' dir='ltr'>in</span> <span class='ocrx_word' id='word_1_104' title='bbox 510 835 619 866; x_wconf 75' lang='lat' dir='ltr'>Sicilia</span> <span class='ocrx_word' id='word_1_105' title='bbox 634 835 860 876; x_wconf 86' lang='lat' dir='ltr'>gubernabant,</span> <span class='ocrx_word' id='word_1_106' title='bbox 885 835 977 865; x_wconf 87' lang='lat' dir='ltr'>beate</span> <span class='ocrx_word' id='word_1_107' title='bbox 1001 835 1060 865; x_wconf 89' lang='lat' dir='ltr'>sibi</span> <span class='ocrx_word' id='word_1_108' title='bbox 1089 835 1195 865; x_wconf 76' lang='lat' dir='ltr'>vivere</span> <span class='ocrx_word' id='word_1_109' title='bbox 1222 835 1422 870; x_wconf 89' lang='lat' dir='ltr'>videbantur,</span> <span class='ocrx_word' id='word_1_110' title='bbox 1452 831 1637 864; x_wconf 81' lang='lat' dir='ltr'>libidinibus</span> 
     </span>
     <span class='ocr_line' id='line_1_12' title="bbox 176 887 1635 930; baseline -0.004 -9"><span class='ocrx_word' id='word_1_111' title='bbox 176 889 332 924; x_wconf 83' lang='lat' dir='ltr'>dissoluti,</span> <span class='ocrx_word' id='word_1_112' title='bbox 353 888 649 930; x_wconf 78' lang='lat' dir='ltr'>praesidentiumque</span> <span class='ocrx_word' id='word_1_113' title='bbox 675 889 902 929; x_wconf 82' lang='lat' dir='ltr'>praesidentes:</span> <span class='ocrx_word' id='word_1_114' title='bbox 929 894 1080 929; x_wconf 79' lang='lat' dir='ltr'>praeterea</span> <span class='ocrx_word' id='word_1_115' title='bbox 1105 889 1218 918; x_wconf 89' lang='lat' dir='ltr'>decem</span> <span class='ocrx_word' id='word_1_116' title='bbox 1243 893 1317 918; x_wconf 88' lang='lat' dir='ltr'>ante</span> <span class='ocrx_word' id='word_1_117' title='bbox 1343 887 1533 929; x_wconf 86' lang='lat' dir='ltr'>Dionysium</span> <span class='ocrx_word' id='word_1_118' title='bbox 1554 894 1635 926; x_wconf 86' lang='lat' dir='ltr'>prae-</span> 
     </span>
     <span class='ocr_line' id='line_1_13' title="bbox 175 941 1638 983; baseline -0.004 -9"><span class='ocrx_word' id='word_1_119' title='bbox 175 944 276 974; x_wconf 86' lang='lat' dir='ltr'>fectos</span> <span class='ocrx_word' id='word_1_120' title='bbox 296 942 507 983; x_wconf 83' lang='lat' dir='ltr'>deposuerunt</span> <span class='ocrx_word' id='word_1_121' title='bbox 521 949 616 982; x_wconf 87' lang='lat' dir='ltr'>atque</span> <span class='ocrx_word' id='word_1_122' title='bbox 632 942 833 982; x_wconf 89' lang='lat' dir='ltr'>pepulerunt,</span> <span class='ocrx_word' id='word_1_123' title='bbox 857 941 1016 971; x_wconf 87' lang='lat' dir='ltr'>neminem</span> <span class='ocrx_word' id='word_1_124' title='bbox 1038 941 1212 972; x_wconf 87' lang='lat' dir='ltr'>secundum</span> <span class='ocrx_word' id='word_1_125' title='bbox 1227 942 1330 982; x_wconf 89' lang='lat' dir='ltr'>legem</span> <span class='ocrx_word' id='word_1_126' title='bbox 1349 941 1549 983; x_wconf 84' lang='lat' dir='ltr'>judicantes:</span> <span class='ocrx_word' id='word_1_127' title='bbox 1574 948 1638 980; x_wconf 87' lang='lat' dir='ltr'>quo</span> 
     </span>
     <span class='ocr_line' id='line_1_14' title="bbox 175 992 1638 1036; baseline -0.003 -10"><span class='ocrx_word' id='word_1_128' title='bbox 175 996 255 1027; x_wconf 89' lang='lat' dir='ltr'>nulli</span> <span class='ocrx_word' id='word_1_129' title='bbox 268 997 430 1026; x_wconf 87' lang='lat' dir='ltr'>subessent</span> <span class='ocrx_word' id='word_1_130' title='bbox 448 994 568 1025; x_wconf 85' lang='lat' dir='ltr'>homini</span> <span class='ocrx_word' id='word_1_131' title='bbox 591 994 676 1035; x_wconf 88' lang='lat' dir='ltr'>juste</span> <span class='ocrx_word' id='word_1_132' title='bbox 697 994 857 1036; x_wconf 83' lang='lat' dir='ltr'>judicanti</span> <span class='ocrx_word' id='word_1_133' title='bbox 872 1001 927 1025; x_wconf 90' lang='lat' dir='ltr'>aut</span> <span class='ocrx_word' id='word_1_134' title='bbox 947 995 1120 1025; x_wconf 80' lang='lat' dir='ltr'>dominanti</span> <span class='ocrx_word' id='word_1_135' title='bbox 1136 996 1212 1035; x_wconf 81' lang='lat' dir='ltr'>legi,</span> <span class='ocrx_word' id='word_1_136' title='bbox 1229 996 1285 1025; x_wconf 88' lang='lat' dir='ltr'>sed</span> <span class='ocrx_word' id='word_1_137' title='bbox 1303 995 1430 1025; x_wconf 86' lang='lat' dir='ltr'>omnino</span> <span class='ocrx_word' id='word_1_138' title='bbox 1446 995 1479 1024; x_wconf 90' lang='lat' dir='ltr'>in</span> <span class='ocrx_word' id='word_1_139' title='bbox 1503 992 1638 1033; x_wconf 85' lang='lat' dir='ltr'>singulis</span> 
     </span>
     <span class='ocr_line' id='line_1_15' title="bbox 176 1047 1637 1090; baseline -0.002 -10"><span class='ocrx_word' id='word_1_140' title='bbox 176 1049 269 1080; x_wconf 88' lang='lat' dir='ltr'>liberi</span> <span class='ocrx_word' id='word_1_141' title='bbox 283 1049 396 1080; x_wconf 85' lang='lat' dir='ltr'>forent.</span> <span class='ocrx_word' id='word_1_142' title='bbox 419 1059 483 1089; x_wconf 83' lang='lat' dir='ltr'>qua</span> <span class='ocrx_word' id='word_1_143' title='bbox 509 1047 639 1089; x_wconf 87' lang='lat' dir='ltr'>quidem</span> <span class='ocrx_word' id='word_1_144' title='bbox 648 1049 688 1078; x_wconf 86' lang='lat' dir='ltr'>de</span> <span class='ocrx_word' id='word_1_145' title='bbox 713 1058 806 1078; x_wconf 88' lang='lat' dir='ltr'>causa</span> <span class='ocrx_word' id='word_1_146' title='bbox 831 1048 892 1078; x_wconf 84' lang='lat' dir='ltr'>illis</span> <span class='ocrx_word' id='word_1_147' title='bbox 908 1049 1092 1090; x_wconf 88' lang='lat' dir='ltr'>tyrannides</span> <span class='ocrx_word' id='word_1_148' title='bbox 1118 1053 1327 1079; x_wconf 85' lang='lat' dir='ltr'>surrexerunt.</span> <span class='ocrx_word' id='word_1_149' title='bbox 1351 1049 1483 1079; x_wconf 83' lang='lat' dir='ltr'>servitus</span> <span class='ocrx_word' id='word_1_150' title='bbox 1505 1047 1591 1078; x_wconf 83' lang='lat' dir='ltr'>enim</span> <span class='ocrx_word' id='word_1_151' title='bbox 1600 1056 1637 1077; x_wconf 90' lang='lat' dir='ltr'>ac</span> 
     </span>
     <span class='ocr_line' id='line_1_16' title="bbox 176 1101 1638 1143; baseline -0.003 -10"><span class='ocrx_word' id='word_1_152' title='bbox 176 1103 315 1138; x_wconf 77' lang='lat' dir='ltr'>libertas,</span> <span class='ocrx_word' id='word_1_153' title='bbox 340 1102 367 1132; x_wconf 85' lang='lat' dir='ltr'>si</span> <span class='ocrx_word' id='word_1_154' title='bbox 394 1102 521 1132; x_wconf 91' lang='lat' dir='ltr'>modum</span> <span class='ocrx_word' id='word_1_155' title='bbox 537 1102 682 1137; x_wconf 84' lang='lat' dir='ltr'>excedat,</span> <span class='ocrx_word' id='word_1_156' title='bbox 698 1106 828 1142; x_wconf 87' lang='lat' dir='ltr'>utraque</span> <span class='ocrx_word' id='word_1_157' title='bbox 843 1101 926 1132; x_wconf 82' lang='lat' dir='ltr'>mala</span> <span class='ocrx_word' id='word_1_158' title='bbox 941 1107 1005 1131; x_wconf 85' lang='lat' dir='ltr'>est:</span> <span class='ocrx_word' id='word_1_159' title='bbox 1033 1102 1060 1132; x_wconf 90' lang='lat' dir='ltr'>si</span> <span class='ocrx_word' id='word_1_160' title='bbox 1077 1101 1199 1132; x_wconf 90' lang='lat' dir='ltr'>modum</span> <span class='ocrx_word' id='word_1_161' title='bbox 1217 1102 1375 1138; x_wconf 77' lang='lat' dir='ltr'>observet,</span> <span class='ocrx_word' id='word_1_162' title='bbox 1392 1109 1522 1143; x_wconf 83' lang='lat' dir='ltr'>utraque</span> <span class='ocrx_word' id='word_1_163' title='bbox 1544 1101 1638 1131; x_wconf 87' lang='lat' dir='ltr'>bona.</span> 
     </span>
     <span class='ocr_line' id='line_1_17' title="bbox 175 1154 1637 1196; baseline -0.002 -9"><span class='ocrx_word' id='word_1_164' title='bbox 175 1156 337 1187; x_wconf 89' lang='lat' dir='ltr'>moderata</span> <span class='ocrx_word' id='word_1_165' title='bbox 351 1155 476 1196; x_wconf 89' lang='lat' dir='ltr'>quidem</span> <span class='ocrx_word' id='word_1_166' title='bbox 493 1155 624 1185; x_wconf 83' lang='lat' dir='ltr'>servitus</span> <span class='ocrx_word' id='word_1_167' title='bbox 639 1159 697 1190; x_wconf 80' lang='lat' dir='ltr'>est,</span> <span class='ocrx_word' id='word_1_168' title='bbox 713 1165 783 1195; x_wconf 88' lang='lat' dir='ltr'>quae</span> <span class='ocrx_word' id='word_1_169' title='bbox 798 1155 871 1185; x_wconf 90' lang='lat' dir='ltr'>Deo</span> <span class='ocrx_word' id='word_1_170' title='bbox 887 1155 1053 1185; x_wconf 85' lang='lat' dir='ltr'>exhibetur</span> <span class='ocrx_word' id='word_1_171' title='bbox 1072 1167 1079 1184; x_wconf 90' lang='lat'>:</span> <span class='ocrx_word' id='word_1_172' title='bbox 1102 1155 1312 1187; x_wconf 88' lang='lat' dir='ltr'>immoderata</span> <span class='ocrx_word' id='word_1_173' title='bbox 1335 1166 1422 1192; x_wconf 87' lang='lat' dir='ltr'>vero,</span> <span class='ocrx_word' id='word_1_174' title='bbox 1443 1166 1514 1196; x_wconf 87' lang='lat' dir='ltr'>quae</span> <span class='ocrx_word' id='word_1_175' title='bbox 1537 1154 1637 1185; x_wconf 84' lang='lat' dir='ltr'>homi-</span> 
     </span>
     <span class='ocr_line' id='line_1_18' title="bbox 176 1208 1639 1250; baseline -0.001 -10"><span class='ocrx_word' id='word_1_176' title='bbox 176 1210 378 1240; x_wconf 87' lang='lat' dir='ltr'>nibus.Deus</span> <span class='ocrx_word' id='word_1_177' title='bbox 391 1209 521 1250; x_wconf 88' lang='lat' dir='ltr'>quidem</span> <span class='ocrx_word' id='word_1_178' title='bbox 533 1208 713 1239; x_wconf 88' lang='lat' dir='ltr'>hominibus</span> <span class='ocrx_word' id='word_1_179' title='bbox 727 1208 909 1249; x_wconf 75' lang='lat' dir='ltr'>temperatis</span> <span class='ocrx_word' id='word_1_180' title='bbox 921 1209 972 1238; x_wconf 88' lang='lat' dir='ltr'>lex</span> <span class='ocrx_word' id='word_1_181' title='bbox 989 1214 1054 1238; x_wconf 86' lang='lat' dir='ltr'>est:</span> <span class='ocrx_word' id='word_1_182' title='bbox 1069 1208 1165 1250; x_wconf 81' lang='lat'>[355]</span> <span class='ocrx_word' id='word_1_183' title='bbox 1179 1210 1393 1250; x_wconf 87' lang='lat' dir='ltr'>intemperatis</span> <span class='ocrx_word' id='word_1_184' title='bbox 1410 1220 1482 1240; x_wconf 85' lang='lat' dir='ltr'>vero</span> <span class='ocrx_word' id='word_1_185' title='bbox 1497 1209 1639 1250; x_wconf 83' lang='lat' dir='ltr'>voluptas</span> 
     </span>
     <span class='ocr_line' id='line_1_19' title="bbox 177 1262 1639 1304; baseline -0.001 -10"><span class='ocrx_word' id='word_1_186' title='bbox 177 1274 250 1294; x_wconf 88' lang='lat' dir='ltr'>cum</span> <span class='ocrx_word' id='word_1_187' title='bbox 263 1264 359 1304; x_wconf 84' lang='lat' dir='ltr'>igitur</span> <span class='ocrx_word' id='word_1_188' title='bbox 371 1264 438 1293; x_wconf 80' lang='lat' dir='ltr'>haec</span> <span class='ocrx_word' id='word_1_189' title='bbox 453 1262 498 1292; x_wconf 80' lang='lat' dir='ltr'>ita</span> <span class='ocrx_word' id='word_1_190' title='bbox 512 1267 623 1292; x_wconf 89' lang='lat' dir='ltr'>natura</span> <span class='ocrx_word' id='word_1_191' title='bbox 637 1272 669 1292; x_wconf 91' lang='lat' dir='ltr'>se</span> <span class='ocrx_word' id='word_1_192' title='bbox 683 1262 830 1298; x_wconf 88' lang='lat' dir='ltr'>habeant,</span> <span class='ocrx_word' id='word_1_193' title='bbox 855 1272 926 1303; x_wconf 84' lang='lat' dir='ltr'>quae</span> <span class='ocrx_word' id='word_1_194' title='bbox 942 1263 1085 1298; x_wconf 90' lang='lat' dir='ltr'>consulo,</span> <span class='ocrx_word' id='word_1_195' title='bbox 1101 1264 1218 1294; x_wconf 88' lang='lat' dir='ltr'>mando</span> <span class='ocrx_word' id='word_1_196' title='bbox 1234 1263 1351 1294; x_wconf 91' lang='lat' dir='ltr'>Dionis</span> <span class='ocrx_word' id='word_1_197' title='bbox 1365 1263 1482 1299; x_wconf 88' lang='lat' dir='ltr'>amicis,</span> <span class='ocrx_word' id='word_1_198' title='bbox 1496 1273 1533 1293; x_wconf 87' lang='lat' dir='ltr'>ea</span> <span class='ocrx_word' id='word_1_199' title='bbox 1547 1263 1639 1304; x_wconf 84' lang='lat' dir='ltr'>Syra-</span> 
     </span>
     <span class='ocr_line' id='line_1_20' title="bbox 178 1316 1640 1359; baseline -0.001 -11"><span class='ocrx_word' id='word_1_200' title='bbox 178 1318 302 1349; x_wconf 89' lang='lat' dir='ltr'>cusanis</span> <span class='ocrx_word' id='word_1_201' title='bbox 315 1317 459 1347; x_wconf 89' lang='lat' dir='ltr'>omnibus</span> <span class='ocrx_word' id='word_1_202' title='bbox 472 1316 701 1357; x_wconf 87' lang='lat' dir='ltr'>promulganda</span> <span class='ocrx_word' id='word_1_203' title='bbox 716 1326 754 1346; x_wconf 80' lang='lat' dir='ltr'>ex</span> <span class='ocrx_word' id='word_1_204' title='bbox 770 1316 927 1346; x_wconf 89' lang='lat' dir='ltr'>communi</span> <span class='ocrx_word' id='word_1_205' title='bbox 941 1316 1056 1346; x_wconf 89' lang='lat' dir='ltr'>Dionis</span> <span class='ocrx_word' id='word_1_206' title='bbox 1066 1326 1200 1358; x_wconf 84' lang='lat' dir='ltr'>meaque</span> <span class='ocrx_word' id='word_1_207' title='bbox 1213 1317 1380 1349; x_wconf 89' lang='lat' dir='ltr'>sententia.</span> <span class='ocrx_word' id='word_1_208' title='bbox 1393 1316 1541 1359; x_wconf 81' lang='lat' dir='ltr'>equidem</span> <span class='ocrx_word' id='word_1_209' title='bbox 1553 1316 1640 1347; x_wconf 81' lang='lat' dir='ltr'>vobis</span> 
     </span>
     <span class='ocr_line' id='line_1_21' title="bbox 178 1369 1640 1413; baseline -0.001 -11"><span class='ocrx_word' id='word_1_210' title='bbox 178 1382 344 1413; x_wconf 87' lang='lat' dir='ltr'>exponam,</span> <span class='ocrx_word' id='word_1_211' title='bbox 360 1381 431 1412; x_wconf 84' lang='lat' dir='ltr'>quae</span> <span class='ocrx_word' id='word_1_212' title='bbox 447 1370 502 1400; x_wconf 88' lang='lat' dir='ltr'>ille</span> <span class='ocrx_word' id='word_1_213' title='bbox 520 1370 621 1400; x_wconf 87' lang='lat' dir='ltr'>adhuc</span> <span class='ocrx_word' id='word_1_214' title='bbox 637 1369 759 1411; x_wconf 85' lang='lat' dir='ltr'>spirans</span> <span class='ocrx_word' id='word_1_215' title='bbox 773 1370 896 1400; x_wconf 87' lang='lat' dir='ltr'>locutus</span> <span class='ocrx_word' id='word_1_216' title='bbox 912 1375 970 1400; x_wconf 90' lang='lat' dir='ltr'>est.</span> <span class='ocrx_word' id='word_1_217' title='bbox 992 1380 1089 1410; x_wconf 85' lang='lat' dir='ltr'>quam</span> <span class='ocrx_word' id='word_1_218' title='bbox 1113 1370 1210 1411; x_wconf 87' lang='lat' dir='ltr'>igitur</span> <span class='ocrx_word' id='word_1_219' title='bbox 1224 1371 1390 1408; x_wconf 82' lang='lat' dir='ltr'>rationem,</span> <span class='ocrx_word' id='word_1_220' title='bbox 1412 1376 1531 1412; x_wconf 67' lang='lat' dir='ltr'>qureret</span> <span class='ocrx_word' id='word_1_221' title='bbox 1553 1370 1640 1412; x_wconf 89' lang='lat' dir='ltr'>quis-</span> 
     </span>
     <span class='ocr_line' id='line_1_22' title="bbox 178 1421 1640 1467; baseline -0.001 -11"><span class='ocrx_word' id='word_1_222' title='bbox 178 1426 274 1467; x_wconf 85' lang='lat' dir='ltr'>piam,</span> <span class='ocrx_word' id='word_1_223' title='bbox 290 1425 373 1456; x_wconf 87' lang='lat' dir='ltr'>circa</span> <span class='ocrx_word' id='word_1_224' title='bbox 392 1423 562 1465; x_wconf 69' lang='lat' dir='ltr'>praesentia</span> <span class='ocrx_word' id='word_1_225' title='bbox 583 1423 674 1454; x_wconf 88' lang='lat' dir='ltr'>nobis</span> <span class='ocrx_word' id='word_1_226' title='bbox 702 1423 816 1454; x_wconf 90' lang='lat' dir='ltr'>Dionis</span> <span class='ocrx_word' id='word_1_227' title='bbox 842 1424 1008 1454; x_wconf 86' lang='lat' dir='ltr'>consilium</span> <span class='ocrx_word' id='word_1_228' title='bbox 1033 1424 1144 1454; x_wconf 84' lang='lat' dir='ltr'>affert?</span> <span class='ocrx_word' id='word_1_229' title='bbox 1170 1421 1249 1455; x_wconf 76' lang='lat' dir='ltr'>han&#39;c</span> <span class='ocrx_word' id='word_1_230' title='bbox 1267 1435 1339 1456; x_wconf 85' lang='lat' dir='ltr'>vero</span> <span class='ocrx_word' id='word_1_231' title='bbox 1355 1425 1492 1456; x_wconf 89' lang='lat' dir='ltr'>omnium</span> <span class='ocrx_word' id='word_1_232' title='bbox 1508 1424 1640 1466; x_wconf 85' lang='lat' dir='ltr'>primam</span> 
     </span>
     <span class='ocr_line' id='line_1_23' title="bbox 176 1477 1642 1520; baseline -0.001 -10"><span class='ocrx_word' id='word_1_233' title='bbox 176 1489 261 1510; x_wconf 84' lang='lat' dir='ltr'>nunc</span> <span class='ocrx_word' id='word_1_234' title='bbox 273 1479 418 1520; x_wconf 77' lang='lat' dir='ltr'>accipite.</span> <span class='ocrx_word' id='word_1_235' title='bbox 434 1477 590 1519; x_wconf 87' lang='lat' dir='ltr'>principio</span> <span class='ocrx_word' id='word_1_236' title='bbox 606 1478 695 1517; x_wconf 86' lang='lat' dir='ltr'>leges</span> <span class='ocrx_word' id='word_1_237' title='bbox 708 1478 789 1508; x_wconf 85' lang='lat' dir='ltr'>tales</span> <span class='ocrx_word' id='word_1_238' title='bbox 800 1478 875 1513; x_wconf 84' lang='lat' dir='ltr'>sint,</span> <span class='ocrx_word' id='word_1_239' title='bbox 891 1488 961 1518; x_wconf 87' lang='lat' dir='ltr'>quae</span> <span class='ocrx_word' id='word_1_240' title='bbox 972 1488 1036 1508; x_wconf 90' lang='lat' dir='ltr'>non</span> <span class='ocrx_word' id='word_1_241' title='bbox 1049 1478 1088 1508; x_wconf 86' lang='lat' dir='ltr'>ad</span> <span class='ocrx_word' id='word_1_242' title='bbox 1101 1488 1178 1518; x_wconf 92' lang='lat' dir='ltr'>opes</span> <span class='ocrx_word' id='word_1_243' title='bbox 1189 1479 1404 1520; x_wconf 88' lang='lat' dir='ltr'>pecuniasque</span> <span class='ocrx_word' id='word_1_244' title='bbox 1415 1478 1642 1520; x_wconf 85' lang='lat' dir='ltr'>comparandas</span> 
     </span>
     <span class='ocr_line' id='line_1_24' title="bbox 177 1531 1641 1574; baseline -0.001 -11"><span class='ocrx_word' id='word_1_245' title='bbox 177 1542 282 1574; x_wconf 85' lang='lat' dir='ltr'>neque</span> <span class='ocrx_word' id='word_1_246' title='bbox 294 1533 333 1563; x_wconf 87' lang='lat' dir='ltr'>ad</span> <span class='ocrx_word' id='word_1_247' title='bbox 349 1531 496 1562; x_wconf 87' lang='lat' dir='ltr'>libidines</span> <span class='ocrx_word' id='word_1_248' title='bbox 512 1536 634 1562; x_wconf 88' lang='lat' dir='ltr'>mentes</span> <span class='ocrx_word' id='word_1_249' title='bbox 649 1536 833 1562; x_wconf 76' lang='lat' dir='ltr'>convertant</span> <span class='ocrx_word' id='word_1_250' title='bbox 847 1543 853 1560; x_wconf 79' lang='lat' dir='ltr'>z</span> <span class='ocrx_word' id='word_1_251' title='bbox 879 1531 935 1562; x_wconf 87' lang='lat' dir='ltr'>sed</span> <span class='ocrx_word' id='word_1_252' title='bbox 951 1542 1023 1562; x_wconf 90' lang='lat' dir='ltr'>cum</span> <span class='ocrx_word' id='word_1_253' title='bbox 1036 1532 1094 1562; x_wconf 82' lang='lat' dir='ltr'>tria</span> <span class='ocrx_word' id='word_1_254' title='bbox 1116 1532 1192 1567; x_wconf 88' lang='lat' dir='ltr'>sint,</span> <span class='ocrx_word' id='word_1_255' title='bbox 1212 1532 1328 1570; x_wconf 87' lang='lat' dir='ltr'>anima,</span> <span class='ocrx_word' id='word_1_256' title='bbox 1346 1543 1471 1574; x_wconf 88' lang='lat' dir='ltr'>corpus,</span> <span class='ocrx_word' id='word_1_257' title='bbox 1494 1533 1641 1573; x_wconf 87' lang='lat' dir='ltr'>pecunia,</span> 
     </span>
     <span class='ocr_line' id='line_1_25' title="bbox 176 1585 1644 1628; baseline -0.001 -11"><span class='ocrx_word' id='word_1_258' title='bbox 176 1587 325 1617; x_wconf 85' lang='lat' dir='ltr'>virtutem</span> <span class='ocrx_word' id='word_1_259' title='bbox 337 1585 435 1616; x_wconf 89' lang='lat' dir='ltr'>animi</span> <span class='ocrx_word' id='word_1_260' title='bbox 445 1586 579 1616; x_wconf 85' lang='lat' dir='ltr'>maxime</span> <span class='ocrx_word' id='word_1_261' title='bbox 596 1590 803 1625; x_wconf 87' lang='lat' dir='ltr'>anteponant,</span> <span class='ocrx_word' id='word_1_262' title='bbox 816 1586 953 1616; x_wconf 89' lang='lat' dir='ltr'>secundo</span> <span class='ocrx_word' id='word_1_263' title='bbox 966 1595 1040 1615; x_wconf 87' lang='lat' dir='ltr'>vero</span> <span class='ocrx_word' id='word_1_264' title='bbox 1053 1585 1124 1615; x_wconf 90' lang='lat' dir='ltr'>loco</span> <span class='ocrx_word' id='word_1_265' title='bbox 1138 1585 1286 1616; x_wconf 85' lang='lat' dir='ltr'>virtutem</span> <span class='ocrx_word' id='word_1_266' title='bbox 1297 1587 1443 1628; x_wconf 83' lang='lat' dir='ltr'>corporis,</span> <span class='ocrx_word' id='word_1_267' title='bbox 1452 1585 1560 1616; x_wconf 79' lang='lat' dir='ltr'>virtuti</span> <span class='ocrx_word' id='word_1_268' title='bbox 1575 1586 1644 1616; x_wconf 86' lang='lat' dir='ltr'>ani-</span> 
     </span>
     <span class='ocr_line' id='line_1_26' title="bbox 178 1638 1644 1681; baseline -0.001 -10"><span class='ocrx_word' id='word_1_269' title='bbox 178 1640 223 1671; x_wconf 90' lang='lat' dir='ltr'>mi</span> <span class='ocrx_word' id='word_1_270' title='bbox 238 1640 435 1676; x_wconf 86' lang='lat' dir='ltr'>servientem,</span> <span class='ocrx_word' id='word_1_271' title='bbox 445 1639 539 1670; x_wconf 86' lang='lat' dir='ltr'>tertio</span> <span class='ocrx_word' id='word_1_272' title='bbox 552 1639 725 1680; x_wconf 87' lang='lat' dir='ltr'>ultimoque</span> <span class='ocrx_word' id='word_1_273' title='bbox 742 1638 838 1679; x_wconf 82' lang='lat' dir='ltr'>gradu</span> <span class='ocrx_word' id='word_1_274' title='bbox 850 1639 1050 1679; x_wconf 86' lang='lat' dir='ltr'>pecuniarum</span> <span class='ocrx_word' id='word_1_275' title='bbox 1063 1639 1201 1679; x_wconf 84' lang='lat' dir='ltr'>pretium</span> <span class='ocrx_word' id='word_1_276' title='bbox 1211 1639 1376 1676; x_wconf 86' lang='lat' dir='ltr'>collocent,</span> <span class='ocrx_word' id='word_1_277' title='bbox 1390 1640 1494 1671; x_wconf 86' lang='lat' dir='ltr'>animo</span> <span class='ocrx_word' id='word_1_278' title='bbox 1504 1639 1644 1681; x_wconf 86' lang='lat' dir='ltr'>corpori-</span> 
     </span>
     <span class='ocr_line' id='line_1_27' title="bbox 179 1692 1646 1736; baseline 0 -12"><span class='ocrx_word' id='word_1_279' title='bbox 179 1704 242 1736; x_wconf 89' lang='lat' dir='ltr'>que</span> <span class='ocrx_word' id='word_1_280' title='bbox 258 1693 444 1724; x_wconf 87' lang='lat' dir='ltr'>ministrans.</span> <span class='ocrx_word' id='word_1_281' title='bbox 459 1702 656 1734; x_wconf 86' lang='lat' dir='ltr'>quaecunque</span> <span class='ocrx_word' id='word_1_282' title='bbox 672 1692 724 1722; x_wconf 85' lang='lat' dir='ltr'>lex</span> <span class='ocrx_word' id='word_1_283' title='bbox 738 1693 806 1723; x_wconf 81' lang='lat' dir='ltr'>haec</span> <span class='ocrx_word' id='word_1_284' title='bbox 822 1693 928 1728; x_wconf 89' lang='lat' dir='ltr'>efficit,</span> <span class='ocrx_word' id='word_1_285' title='bbox 941 1698 1028 1723; x_wconf 83' lang='lat' dir='ltr'>recta</span> <span class='ocrx_word' id='word_1_286' title='bbox 1041 1697 1100 1728; x_wconf 86' lang='lat' dir='ltr'>est,</span> <span class='ocrx_word' id='word_1_287' title='bbox 1114 1703 1223 1723; x_wconf 82' lang='lat' dir='ltr'>revera</span> <span class='ocrx_word' id='word_1_288' title='bbox 1238 1693 1467 1724; x_wconf 81' lang='lat' dir='ltr'>beatitudinem</span> <span class='ocrx_word' id='word_1_289' title='bbox 1481 1695 1646 1725; x_wconf 80' lang='lat' dir='ltr'>utentibus</span> 
     </span>
     <span class='ocr_line' id='line_1_28' title="bbox 180 1746 1646 1789; baseline 0 -11"><span class='ocrx_word' id='word_1_290' title='bbox 180 1748 327 1779; x_wconf 87' lang='lat' dir='ltr'>afferens.</span> <span class='ocrx_word' id='word_1_291' title='bbox 345 1747 522 1787; x_wconf 88' lang='lat' dir='ltr'>locupletes</span> <span class='ocrx_word' id='word_1_292' title='bbox 535 1756 610 1776; x_wconf 88' lang='lat' dir='ltr'>vero</span> <span class='ocrx_word' id='word_1_293' title='bbox 619 1746 729 1777; x_wconf 87' lang='lat' dir='ltr'>beatos</span> <span class='ocrx_word' id='word_1_294' title='bbox 745 1746 904 1787; x_wconf 86' lang='lat' dir='ltr'>appellare</span> <span class='ocrx_word' id='word_1_295' title='bbox 917 1756 1016 1777; x_wconf 90' lang='lat' dir='ltr'>sermo</span> <span class='ocrx_word' id='word_1_296' title='bbox 1033 1756 1141 1776; x_wconf 86' lang='lat' dir='ltr'>amens</span> <span class='ocrx_word' id='word_1_297' title='bbox 1151 1751 1199 1777; x_wconf 87' lang='lat' dir='ltr'>est</span> <span class='ocrx_word' id='word_1_298' title='bbox 1209 1752 1240 1777; x_wconf 90' lang='lat' dir='ltr'>et</span> <span class='ocrx_word' id='word_1_299' title='bbox 1252 1747 1375 1784; x_wconf 80' lang='lat' dir='ltr'>infelix,</span> <span class='ocrx_word' id='word_1_300' title='bbox 1391 1748 1575 1778; x_wconf 86' lang='lat' dir='ltr'>mulieribus</span> <span class='ocrx_word' id='word_1_301' title='bbox 1584 1758 1646 1789; x_wconf 92' lang='lat' dir='ltr'>pu—</span> 
     </span>
     <span class='ocr_line' id='line_1_29' title="bbox 180 1800 1643 1842; baseline -0.001 -9"><span class='ocrx_word' id='word_1_302' title='bbox 180 1801 304 1842; x_wconf 86' lang='lat' dir='ltr'>erisque</span> <span class='ocrx_word' id='word_1_303' title='bbox 319 1801 521 1837; x_wconf 85' lang='lat' dir='ltr'>conveniens,</span> <span class='ocrx_word' id='word_1_304' title='bbox 536 1805 631 1841; x_wconf 82' lang='lat' dir='ltr'>atque</span> <span class='ocrx_word' id='word_1_305' title='bbox 645 1810 711 1836; x_wconf 82' lang='lat' dir='ltr'>eos,</span> <span class='ocrx_word' id='word_1_306' title='bbox 726 1800 779 1841; x_wconf 89' lang='lat' dir='ltr'>qui</span> <span class='ocrx_word' id='word_1_307' title='bbox 794 1800 827 1831; x_wconf 88' lang='lat' dir='ltr'>id</span> <span class='ocrx_word' id='word_1_308' title='bbox 844 1800 983 1837; x_wconf 83' lang='lat' dir='ltr'>credunt,</span> <span class='ocrx_word' id='word_1_309' title='bbox 1002 1801 1080 1831; x_wconf 82' lang='lat' dir='ltr'>tales</span> <span class='ocrx_word' id='word_1_310' title='bbox 1103 1801 1252 1831; x_wconf 83' lang='lat' dir='ltr'>efficiens.</span> <span class='ocrx_word' id='word_1_311' title='bbox 1268 1803 1351 1842; x_wconf 93' lang='lat' dir='ltr'>quod</span> <span class='ocrx_word' id='word_1_312' title='bbox 1367 1808 1472 1833; x_wconf 88' lang='lat' dir='ltr'>autern</span> <span class='ocrx_word' id='word_1_313' title='bbox 1485 1812 1544 1842; x_wconf 87' lang='lat' dir='ltr'>ego</span> <span class='ocrx_word' id='word_1_314' title='bbox 1559 1812 1643 1833; x_wconf 91' lang='lat' dir='ltr'>nunc</span> 
     </span>
     <span class='ocr_line' id='line_1_30' title="bbox 181 1855 1644 1897; baseline -0.001 -10"><span class='ocrx_word' id='word_1_315' title='bbox 181 1857 222 1887; x_wconf 87' lang='lat' dir='ltr'>ad</span> <span class='ocrx_word' id='word_1_316' title='bbox 232 1867 304 1887; x_wconf 88' lang='lat' dir='ltr'>vera</span> <span class='ocrx_word' id='word_1_317' title='bbox 313 1867 365 1887; x_wconf 87' lang='lat' dir='ltr'>v.os</span> <span class='ocrx_word' id='word_1_318' title='bbox 375 1856 459 1887; x_wconf 87' lang='lat' dir='ltr'>bona</span> <span class='ocrx_word' id='word_1_319' title='bbox 470 1857 624 1892; x_wconf 89' lang='lat' dir='ltr'>cohortor,</span> <span class='ocrx_word' id='word_1_320' title='bbox 640 1856 676 1891; x_wconf 89' lang='lat' dir='ltr'>si,</span> <span class='ocrx_word' id='word_1_321' title='bbox 693 1866 763 1896; x_wconf 81' lang='lat' dir='ltr'>quae</span> <span class='ocrx_word' id='word_1_322' title='bbox 778 1856 873 1886; x_wconf 88' lang='lat' dir='ltr'>modo</span> <span class='ocrx_word' id='word_1_323' title='bbox 886 1855 949 1885; x_wconf 88' lang='lat' dir='ltr'>dixi</span> <span class='ocrx_word' id='word_1_324' title='bbox 966 1855 1004 1885; x_wconf 88' lang='lat' dir='ltr'>de</span> <span class='ocrx_word' id='word_1_325' title='bbox 1021 1855 1155 1896; x_wconf 84' lang='lat' dir='ltr'>legibus,</span> <span class='ocrx_word' id='word_1_326' title='bbox 1170 1855 1353 1896; x_wconf 81' lang='lat' dir='ltr'>degustetis,</span> <span class='ocrx_word' id='word_1_327' title='bbox 1365 1866 1460 1897; x_wconf 88' lang='lat' dir='ltr'>opere</span> <span class='ocrx_word' id='word_1_328' title='bbox 1469 1857 1538 1897; x_wconf 90' lang='lat' dir='ltr'>ipso</span> <span class='ocrx_word' id='word_1_329' title='bbox 1549 1856 1644 1886; x_wconf 78' lang='lat' dir='ltr'>intel-</span> 
     </span>
     <span class='ocr_line' id='line_1_31' title="bbox 180 1909 1643 1952; baseline 0 -12"><span class='ocrx_word' id='word_1_330' title='bbox 180 1911 297 1951; x_wconf 80' lang='lat' dir='ltr'>ligetis,</span> <span class='ocrx_word' id='word_1_331' title='bbox 314 1921 384 1951; x_wconf 90' lang='lat' dir='ltr'>quae</span> <span class='ocrx_word' id='word_1_332' title='bbox 407 1909 536 1952; x_wconf 87' lang='lat' dir='ltr'>quidem</span> <span class='ocrx_word' id='word_1_333' title='bbox 557 1909 747 1940; x_wconf 86' lang='lat' dir='ltr'>examinatio</span> <span class='ocrx_word' id='word_1_334' title='bbox 773 1909 805 1939; x_wconf 88' lang='lat' dir='ltr'>in</span> <span class='ocrx_word' id='word_1_335' title='bbox 826 1909 950 1940; x_wconf 83' lang='lat' dir='ltr'>cunctis</span> <span class='ocrx_word' id='word_1_336' title='bbox 974 1909 1134 1940; x_wconf 86' lang='lat' dir='ltr'>verissima</span> <span class='ocrx_word' id='word_1_337' title='bbox 1155 1920 1225 1940; x_wconf 88' lang='lat' dir='ltr'>esse</span> <span class='ocrx_word' id='word_1_338' title='bbox 1250 1910 1384 1941; x_wconf 86' lang='lat' dir='ltr'>videtur.</span> <span class='ocrx_word' id='word_1_339' title='bbox 1406 1910 1545 1951; x_wconf 87' lang='lat' dir='ltr'>receptis</span> <span class='ocrx_word' id='word_1_340' title='bbox 1566 1920 1643 1940; x_wconf 84' lang='lat' dir='ltr'>vero</span> 
     </span>
     <span class='ocr_line' id='line_1_32' title="bbox 181 1963 1643 2005; baseline 0 -11"><span class='ocrx_word' id='word_1_341' title='bbox 181 1964 361 2005; x_wconf 89' lang='lat' dir='ltr'>hujusmodi</span> <span class='ocrx_word' id='word_1_342' title='bbox 376 1963 508 2005; x_wconf 86' lang='lat' dir='ltr'>legibus,</span> <span class='ocrx_word' id='word_1_343' title='bbox 524 1974 595 1995; x_wconf 89' lang='lat' dir='ltr'>cum</span> <span class='ocrx_word' id='word_1_344' title='bbox 611 1963 720 1994; x_wconf 87' lang='lat' dir='ltr'>Sicilia</span> <span class='ocrx_word' id='word_1_345' title='bbox 734 1963 767 1994; x_wconf 88' lang='lat' dir='ltr'>in</span> <span class='ocrx_word' id='word_1_346' title='bbox 781 1963 961 1994; x_wconf 89' lang='lat' dir='ltr'>discrimine</span> <span class='ocrx_word' id='word_1_347' title='bbox 974 1965 1077 2005; x_wconf 86' lang='lat' dir='ltr'>posita</span> <span class='ocrx_word' id='word_1_348' title='bbox 1093 1963 1144 1999; x_wconf 80' lang='lat' dir='ltr'>sit,</span> <span class='ocrx_word' id='word_1_349' title='bbox 1160 1974 1263 2005; x_wconf 92' lang='lat' dir='ltr'>neque</span> <span class='ocrx_word' id='word_1_350' title='bbox 1276 1964 1466 1994; x_wconf 87' lang='lat' dir='ltr'>sufficienter</span> <span class='ocrx_word' id='word_1_351' title='bbox 1480 1973 1536 1994; x_wconf 87' lang='lat' dir='ltr'>vos</span> <span class='ocrx_word' id='word_1_352' title='bbox 1551 1973 1643 2004; x_wconf 85' lang='lat' dir='ltr'>supe-</span> 
     </span>
     <span class='ocr_line' id='line_1_33' title="bbox 182 2017 1647 2059; baseline -0.001 -11"><span class='ocrx_word' id='word_1_353' title='bbox 182 2018 257 2048; x_wconf 87' lang='lat' dir='ltr'>retis</span> <span class='ocrx_word' id='word_1_354' title='bbox 269 2028 374 2059; x_wconf 90' lang='lat' dir='ltr'>neque</span> <span class='ocrx_word' id='word_1_355' title='bbox 387 2028 492 2048; x_wconf 86' lang='lat' dir='ltr'>rursus</span> <span class='ocrx_word' id='word_1_356' title='bbox 505 2017 678 2048; x_wconf 88' lang='lat' dir='ltr'>admodum</span> <span class='ocrx_word' id='word_1_357' title='bbox 693 2017 896 2058; x_wconf 87' lang='lat' dir='ltr'>superemini,</span> <span class='ocrx_word' id='word_1_358' title='bbox 905 2017 1024 2058; x_wconf 88' lang='lat' dir='ltr'>justum</span> <span class='ocrx_word' id='word_1_359' title='bbox 1037 2017 1117 2048; x_wconf 78' lang='lat' dir='ltr'>forte</span> <span class='ocrx_word' id='word_1_360' title='bbox 1129 2023 1224 2058; x_wconf 88' lang='lat' dir='ltr'>atque</span> <span class='ocrx_word' id='word_1_361' title='bbox 1240 2018 1319 2048; x_wconf 91' lang='lat' dir='ltr'>utile</span> <span class='ocrx_word' id='word_1_362' title='bbox 1332 2018 1419 2048; x_wconf 87' lang='lat' dir='ltr'>vobis</span> <span class='ocrx_word' id='word_1_363' title='bbox 1431 2017 1578 2048; x_wconf 86' lang='lat' dir='ltr'>omnibus</span> <span class='ocrx_word' id='word_1_364' title='bbox 1587 2017 1647 2047; x_wconf 87' lang='lat' dir='ltr'>erit</span> 
     </span>
     <span class='ocr_line' id='line_1_34' title="bbox 182 2070 1643 2112; baseline 0 -12"><span class='ocrx_word' id='word_1_365' title='bbox 182 2071 322 2103; x_wconf 88' lang='lat' dir='ltr'>medium</span> <span class='ocrx_word' id='word_1_366' title='bbox 339 2071 489 2107; x_wconf 87' lang='lat' dir='ltr'>incidere,</span> <span class='ocrx_word' id='word_1_367' title='bbox 501 2076 565 2101; x_wconf 88' lang='lat' dir='ltr'>tum</span> <span class='ocrx_word' id='word_1_368' title='bbox 583 2072 671 2101; x_wconf 90' lang='lat' dir='ltr'>vobis</span> <span class='ocrx_word' id='word_1_369' title='bbox 686 2072 911 2102; x_wconf 82' lang='lat' dir='ltr'>dominationis</span> <span class='ocrx_word' id='word_1_370' title='bbox 921 2071 1121 2103; x_wconf 89' lang='lat' dir='ltr'>acerbitatem</span> <span class='ocrx_word' id='word_1_371' title='bbox 1135 2071 1340 2112; x_wconf 83' lang='lat' dir='ltr'>fugientibus,</span> <span class='ocrx_word' id='word_1_372' title='bbox 1360 2076 1426 2101; x_wconf 92' lang='lat' dir='ltr'>tum</span> <span class='ocrx_word' id='word_1_373' title='bbox 1451 2071 1522 2101; x_wconf 85' lang='lat' dir='ltr'>aliis</span> <span class='ocrx_word' id='word_1_374' title='bbox 1544 2070 1643 2101; x_wconf 86' lang='lat' dir='ltr'>domi-</span> 
     </span>
     <span class='ocr_line' id='line_1_35' title="bbox 182 2124 1644 2166; baseline 0 -11"><span class='ocrx_word' id='word_1_375' title='bbox 182 2125 341 2155; x_wconf 80' lang='lat' dir='ltr'>nationem</span> <span class='ocrx_word' id='word_1_376' title='bbox 358 2124 491 2165; x_wconf 88' lang='lat' dir='ltr'>adipisci</span> <span class='ocrx_word' id='word_1_377' title='bbox 501 2125 762 2155; x_wconf 78' lang='lat' dir='ltr'>desiderantibus.</span> <span class='ocrx_word' id='word_1_378' title='bbox 784 2136 915 2166; x_wconf 88' lang='lat' dir='ltr'>quorum</span> <span class='ocrx_word' id='word_1_379' title='bbox 943 2125 1075 2166; x_wconf 85' lang='lat' dir='ltr'>majores</span> <span class='ocrx_word' id='word_1_380' title='bbox 1090 2126 1176 2161; x_wconf 89' lang='lat' dir='ltr'>olim,</span> <span class='ocrx_word' id='word_1_381' title='bbox 1204 2125 1290 2166; x_wconf 88' lang='lat' dir='ltr'>quod</span> <span class='ocrx_word' id='word_1_382' title='bbox 1316 2124 1439 2156; x_wconf 77' lang='lat' dir='ltr'>maximi</span> <span class='ocrx_word' id='word_1_383' title='bbox 1463 2125 1644 2156; x_wconf 85' lang='lat' dir='ltr'>faciendum</span> 
     </span>
     <span class='ocr_line' id='line_1_36' title="bbox 182 2178 1645 2220; baseline 0 -12"><span class='ocrx_word' id='word_1_384' title='bbox 182 2183 242 2214; x_wconf 90' lang='lat' dir='ltr'>est,</span> <span class='ocrx_word' id='word_1_385' title='bbox 259 2178 390 2209; x_wconf 85' lang='lat' dir='ltr'>Graecos</span> <span class='ocrx_word' id='word_1_386' title='bbox 401 2188 420 2208; x_wconf 91' lang='lat' dir='ltr'>a</span> <span class='ocrx_word' id='word_1_387' title='bbox 431 2178 571 2208; x_wconf 85' lang='lat' dir='ltr'>barbaris</span> <span class='ocrx_word' id='word_1_388' title='bbox 586 2185 798 2214; x_wconf 82' lang='lat' dir='ltr'>servaverunt,</span> <span class='ocrx_word' id='word_1_389' title='bbox 819 2178 899 2209; x_wconf 85' lang='lat' dir='ltr'>adeo</span> <span class='ocrx_word' id='word_1_390' title='bbox 913 2184 948 2209; x_wconf 89' lang='lat' dir='ltr'>ut</span> <span class='ocrx_word' id='word_1_391' title='bbox 963 2179 994 2209; x_wconf 91' lang='lat' dir='ltr'>in</span> <span class='ocrx_word' id='word_1_392' title='bbox 1012 2180 1178 2219; x_wconf 83' lang='lat' dir='ltr'>praesentia</span> <span class='ocrx_word' id='word_1_393' title='bbox 1203 2179 1296 2209; x_wconf 84' lang='lat' dir='ltr'>liceat</span> <span class='ocrx_word' id='word_1_394' title='bbox 1320 2178 1360 2209; x_wconf 89' lang='lat' dir='ltr'>de</span> <span class='ocrx_word' id='word_1_395' title='bbox 1382 2179 1545 2220; x_wconf 85' lang='lat' dir='ltr'>republica</span> <span class='ocrx_word' id='word_1_396' title='bbox 1569 2189 1645 2209; x_wconf 90' lang='lat' dir='ltr'>con-</span> 
     </span>
     <span class='ocr_line' id='line_1_37' title="bbox 182 2231 1647 2272; baseline 0.001 -11"><span class='ocrx_word' id='word_1_397' title='bbox 182 2231 311 2264; x_wconf 80' lang='lat' dir='ltr'>sultare.</span> <span class='ocrx_word' id='word_1_398' title='bbox 332 2231 485 2271; x_wconf 79' lang='lat' dir='ltr'>alioquin,</span> <span class='ocrx_word' id='word_1_399' title='bbox 501 2231 528 2261; x_wconf 89' lang='lat' dir='ltr'>si</span> <span class='ocrx_word' id='word_1_400' title='bbox 550 2237 624 2261; x_wconf 90' lang='lat' dir='ltr'>tunc</span> <span class='ocrx_word' id='word_1_401' title='bbox 650 2231 781 2271; x_wconf 78' lang='lat' dir='ltr'>perditae</span> <span class='ocrx_word' id='word_1_402' title='bbox 807 2241 855 2261; x_wconf 89' lang='lat' dir='ltr'>res</span> <span class='ocrx_word' id='word_1_403' title='bbox 880 2231 1024 2266; x_wconf 85' lang='lat' dir='ltr'>fuissent,</span> <span class='ocrx_word' id='word_1_404' title='bbox 1050 2242 1154 2272; x_wconf 89' lang='lat' dir='ltr'>neque</span> <span class='ocrx_word' id='word_1_405' title='bbox 1179 2242 1263 2262; x_wconf 90' lang='lat' dir='ltr'>nunc</span> <span class='ocrx_word' id='word_1_406' title='bbox 1291 2231 1331 2261; x_wconf 89' lang='lat' dir='ltr'>de</span> <span class='ocrx_word' id='word_1_407' title='bbox 1355 2232 1404 2262; x_wconf 85' lang='lat' dir='ltr'>his</span> <span class='ocrx_word' id='word_1_408' title='bbox 1427 2232 1514 2272; x_wconf 89' lang='lat' dir='ltr'>loqui</span> <span class='ocrx_word' id='word_1_409' title='bbox 1537 2232 1647 2262; x_wconf 88' lang='lat' dir='ltr'>liceret</span> 
     </span>
     <span class='ocr_line' id='line_1_38' title="bbox 181 2284 1646 2326; baseline 0.001 -12"><span class='ocrx_word' id='word_1_410' title='bbox 181 2294 285 2326; x_wconf 88' lang='lat' dir='ltr'>neque</span> <span class='ocrx_word' id='word_1_411' title='bbox 300 2294 370 2326; x_wconf 83' lang='lat' dir='ltr'>spes</span> <span class='ocrx_word' id='word_1_412' title='bbox 382 2284 447 2315; x_wconf 87' lang='lat' dir='ltr'>ulla</span> <span class='ocrx_word' id='word_1_413' title='bbox 459 2288 647 2324; x_wconf 85' lang='lat' dir='ltr'>superesset.</span> <span class='ocrx_word' id='word_1_414' title='bbox 662 2294 748 2313; x_wconf 84' lang='lat' dir='ltr'>nunc</span> <span class='ocrx_word' id='word_1_415' title='bbox 760 2285 856 2323; x_wconf 73' lang='lat' dir='ltr'>igitur</span> <span class='ocrx_word' id='word_1_416' title='bbox 868 2285 938 2314; x_wconf 83' lang='lat' dir='ltr'>aliis</span> <span class='ocrx_word' id='word_1_417' title='bbox 951 2284 1079 2324; x_wconf 86' lang='lat' dir='ltr'>quidem</span> <span class='ocrx_word' id='word_1_418' title='bbox 1092 2285 1218 2314; x_wconf 88' lang='lat' dir='ltr'>libertas</span> <span class='ocrx_word' id='word_1_419' title='bbox 1231 2285 1272 2314; x_wconf 87' lang='lat' dir='ltr'>sit</span> <span class='ocrx_word' id='word_1_420' title='bbox 1285 2295 1358 2315; x_wconf 92' lang='lat' dir='ltr'>cum</span> <span class='ocrx_word' id='word_1_421' title='bbox 1373 2285 1459 2325; x_wconf 80' lang='lat' dir='ltr'>regia</span> <span class='ocrx_word' id='word_1_422' title='bbox 1469 2290 1625 2326; x_wconf 81' lang='lat' dir='ltr'>potestate</span> <span class='ocrx_word' id='word_1_423' title='bbox 1639 2297 1646 2314; x_wconf 90' lang='lat'>:</span> 
     </span>
     <span class='ocr_line' id='line_1_39' title="bbox 181 2336 1648 2378; baseline -0.002 -7"><span class='ocrx_word' id='word_1_424' title='bbox 181 2340 252 2371; x_wconf 79' lang='lat' dir='ltr'>aliis</span> <span class='ocrx_word' id='word_1_425' title='bbox 266 2343 372 2369; x_wconf 86' lang='lat' dir='ltr'>autem</span> <span class='ocrx_word' id='word_1_426' title='bbox 385 2341 526 2378; x_wconf 81' lang='lat' dir='ltr'>potestas</span> <span class='ocrx_word' id='word_1_427' title='bbox 539 2346 636 2376; x_wconf 86' lang='lat' dir='ltr'>regno</span> <span class='ocrx_word' id='word_1_428' title='bbox 652 2336 808 2377; x_wconf 84' lang='lat' dir='ltr'>subjecta,</span> <span class='ocrx_word' id='word_1_429' title='bbox 825 2336 945 2377; x_wconf 77' lang='lat' dir='ltr'>legibus</span> <span class='ocrx_word' id='word_1_430' title='bbox 961 2337 1195 2367; x_wconf 81' lang='lat' dir='ltr'>dominantibus</span> <span class='ocrx_word' id='word_1_431' title='bbox 1208 2347 1272 2367; x_wconf 87' lang='lat' dir='ltr'>non</span> <span class='ocrx_word' id='word_1_432' title='bbox 1288 2337 1358 2368; x_wconf 89' lang='lat' dir='ltr'>aliis</span> <span class='ocrx_word' id='word_1_433' title='bbox 1365 2343 1488 2368; x_wconf 80' lang='lat' dir='ltr'>tantum</span> <span class='ocrx_word' id='word_1_434' title='bbox 1513 2338 1648 2375; x_wconf 75' lang='lat' dir='ltr'>civibus,</span> 
     </span>
     <span class='ocr_line' id='line_1_40' title="bbox 183 2389 1646 2433; baseline -0.001 -9"><span class='ocrx_word' id='word_1_435' title='bbox 183 2392 239 2424; x_wconf 87' lang='lat' dir='ltr'>sed</span> <span class='ocrx_word' id='word_1_436' title='bbox 255 2392 332 2433; x_wconf 85' lang='lat' dir='ltr'>ipsis</span> <span class='ocrx_word' id='word_1_437' title='bbox 347 2391 441 2421; x_wconf 85' lang='lat' dir='ltr'>etiam</span> <span class='ocrx_word' id='word_1_438' title='bbox 453 2390 592 2431; x_wconf 88' lang='lat' dir='ltr'>regibus,</span> <span class='ocrx_word' id='word_1_439' title='bbox 608 2389 634 2420; x_wconf 90' lang='lat' dir='ltr'>si</span> <span class='ocrx_word' id='word_1_440' title='bbox 648 2389 724 2431; x_wconf 89' lang='lat' dir='ltr'>quid</span> <span class='ocrx_word' id='word_1_441' title='bbox 739 2390 863 2432; x_wconf 85' lang='lat' dir='ltr'>egerint</span> <span class='ocrx_word' id='word_1_442' title='bbox 878 2396 986 2422; x_wconf 83' lang='lat' dir='ltr'>contra</span> <span class='ocrx_word' id='word_1_443' title='bbox 1002 2392 1102 2432; x_wconf 85' lang='lat' dir='ltr'>leges.</span> <span class='ocrx_word' id='word_1_444' title='bbox 1126 2392 1157 2421; x_wconf 90' lang='lat' dir='ltr'>in</span> <span class='ocrx_word' id='word_1_445' title='bbox 1174 2391 1222 2421; x_wconf 83' lang='lat' dir='ltr'>his</span> <span class='ocrx_word' id='word_1_446' title='bbox 1238 2398 1344 2422; x_wconf 78' lang='lat' dir='ltr'>autem</span> <span class='ocrx_word' id='word_1_447' title='bbox 1371 2391 1518 2423; x_wconf 87' lang='lat' dir='ltr'>omnibus</span> <span class='ocrx_word' id='word_1_448' title='bbox 1538 2398 1646 2422; x_wconf 85' lang='lat' dir='ltr'>mente</span> 
     </span>
     <span class='ocr_line' id='line_1_41' title="bbox 182 2443 1647 2486; baseline 0 -9"><span class='ocrx_word' id='word_1_449' title='bbox 182 2457 202 2477; x_wconf 88' lang='lat' dir='ltr'>a</span> <span class='ocrx_word' id='word_1_450' title='bbox 217 2446 297 2477; x_wconf 82' lang='lat' dir='ltr'>dolis</span> <span class='ocrx_word' id='word_1_451' title='bbox 320 2445 423 2476; x_wconf 84' lang='lat' dir='ltr'>aliena</span> <span class='ocrx_word' id='word_1_452' title='bbox 444 2448 538 2484; x_wconf 88' lang='lat' dir='ltr'>atque</span> <span class='ocrx_word' id='word_1_453' title='bbox 554 2453 631 2474; x_wconf 90' lang='lat' dir='ltr'>sana</span> <span class='ocrx_word' id='word_1_454' title='bbox 645 2453 717 2474; x_wconf 90' lang='lat' dir='ltr'>cum</span> <span class='ocrx_word' id='word_1_455' title='bbox 733 2443 805 2474; x_wconf 79' lang='lat' dir='ltr'>Diis</span> <span class='ocrx_word' id='word_1_456' title='bbox 831 2454 921 2484; x_wconf 86' lang='lat' dir='ltr'>reges</span> <span class='ocrx_word' id='word_1_457' title='bbox 944 2450 1070 2476; x_wconf 89' lang='lat' dir='ltr'>create:</span> <span class='ocrx_word' id='word_1_458' title='bbox 1096 2445 1229 2486; x_wconf 89' lang='lat' dir='ltr'>primum</span> <span class='ocrx_word' id='word_1_459' title='bbox 1254 2445 1382 2486; x_wconf 89' lang='lat' dir='ltr'>quidem</span> <span class='ocrx_word' id='word_1_460' title='bbox 1405 2445 1505 2476; x_wconf 90' lang='lat' dir='ltr'>filium</span> <span class='ocrx_word' id='word_1_461' title='bbox 1528 2456 1647 2482; x_wconf 87' lang='lat' dir='ltr'>meum,</span> 
     </span>
     <span class='ocr_line' id='line_1_42' title="bbox 182 2497 1648 2541; baseline -0.001 -10"><span class='ocrx_word' id='word_1_462' title='bbox 182 2500 303 2541; x_wconf 88' lang='lat' dir='ltr'>duplici</span> <span class='ocrx_word' id='word_1_463' title='bbox 315 2498 424 2540; x_wconf 78' lang='lat' dir='ltr'>gratia,</span> <span class='ocrx_word' id='word_1_464' title='bbox 439 2497 504 2528; x_wconf 88' lang='lat' dir='ltr'>mei</span> <span class='ocrx_word' id='word_1_465' title='bbox 518 2497 642 2528; x_wconf 81' lang='lat' dir='ltr'>scilicet</span> <span class='ocrx_word' id='word_1_466' title='bbox 656 2498 758 2538; x_wconf 88' lang='lat' dir='ltr'>gratia</span> <span class='ocrx_word' id='word_1_467' title='bbox 773 2504 867 2539; x_wconf 89' lang='lat' dir='ltr'>atque</span> <span class='ocrx_word' id='word_1_468' title='bbox 884 2499 934 2528; x_wconf 87' lang='lat' dir='ltr'>avi</span> <span class='ocrx_word' id='word_1_469' title='bbox 950 2499 1008 2529; x_wconf 90' lang='lat' dir='ltr'>sui.</span> <span class='ocrx_word' id='word_1_470' title='bbox 1031 2499 1086 2529; x_wconf 91' lang='lat' dir='ltr'>ille</span> <span class='ocrx_word' id='word_1_471' title='bbox 1101 2500 1184 2530; x_wconf 86' lang='lat' dir='ltr'>enim</span> <span class='ocrx_word' id='word_1_472' title='bbox 1201 2510 1257 2530; x_wconf 88' lang='lat' dir='ltr'>sua</span> <span class='ocrx_word' id='word_1_473' title='bbox 1273 2504 1461 2540; x_wconf 81' lang='lat' dir='ltr'>tempestate</span> <span class='ocrx_word' id='word_1_474' title='bbox 1477 2500 1607 2541; x_wconf 78' lang='lat' dir='ltr'>patriam</span> <span class='ocrx_word' id='word_1_475' title='bbox 1628 2510 1648 2531; x_wconf 85' lang='lat' dir='ltr'>a</span> 
     </span>
     <span class='ocr_line' id='line_1_43' title="bbox 181 2551 1650 2594; baseline 0 -10"><span class='ocrx_word' id='word_1_476' title='bbox 181 2553 319 2584; x_wconf 88' lang='lat' dir='ltr'>barbaris</span> <span class='ocrx_word' id='word_1_477' title='bbox 332 2552 499 2583; x_wconf 87' lang='lat' dir='ltr'>liberavit:</span> <span class='ocrx_word' id='word_1_478' title='bbox 524 2561 582 2592; x_wconf 86' lang='lat' dir='ltr'>ego</span> <span class='ocrx_word' id='word_1_479' title='bbox 596 2561 670 2582; x_wconf 88' lang='lat' dir='ltr'>vero</span> <span class='ocrx_word' id='word_1_480' title='bbox 682 2551 751 2592; x_wconf 89' lang='lat' dir='ltr'>jam</span> <span class='ocrx_word' id='word_1_481' title='bbox 765 2552 812 2583; x_wconf 83' lang='lat' dir='ltr'>bis</span> <span class='ocrx_word' id='word_1_482' title='bbox 841 2562 859 2582; x_wconf 93' lang='lat' dir='ltr'>a</span> <span class='ocrx_word' id='word_1_483' title='bbox 882 2553 1033 2594; x_wconf 71' lang='lat' dir='ltr'>tyramnis-</span> <span class='ocrx_word' id='word_1_484' title='bbox 1055 2563 1187 2593; x_wconf 83' lang='lat' dir='ltr'>quorum</span> <span class='ocrx_word' id='word_1_485' title='bbox 1212 2552 1340 2593; x_wconf 88' lang='lat' dir='ltr'>quidem</span> <span class='ocrx_word' id='word_1_486' title='bbox 1372 2558 1470 2584; x_wconf 84' lang='lat' dir='ltr'>testes</span> <span class='ocrx_word' id='word_1_487' title='bbox 1489 2553 1564 2584; x_wconf 84' lang='lat' dir='ltr'>mihi</span> <span class='ocrx_word' id='word_1_488' title='bbox 1592 2564 1650 2584; x_wconf 84' lang='lat' dir='ltr'>vos</span> 
     </span>
     <span class='ocr_line' id='line_1_44' title="bbox 182 2605 1649 2648; baseline 0 -11"><span class='ocrx_word' id='word_1_489' title='bbox 182 2607 245 2648; x_wconf 79' lang='lat' dir='ltr'>ipsi</span> <span class='ocrx_word' id='word_1_490' title='bbox 257 2607 345 2637; x_wconf 83' lang='lat' dir='ltr'>estis.</span> <span class='ocrx_word' id='word_1_491' title='bbox 369 2605 465 2646; x_wconf 81' lang='lat'><strong>[356]</strong></span> <span class='ocrx_word' id='word_1_492' title='bbox 491 2605 665 2636; x_wconf 86' lang='lat' dir='ltr'>secundum</span> <span class='ocrx_word' id='word_1_493' title='bbox 680 2615 754 2636; x_wconf 90' lang='lat' dir='ltr'>vero</span> <span class='ocrx_word' id='word_1_494' title='bbox 769 2615 876 2647; x_wconf 85' lang='lat' dir='ltr'>regem</span> <span class='ocrx_word' id='word_1_495' title='bbox 889 2611 993 2637; x_wconf 82' lang='lat' dir='ltr'>create</span> <span class='ocrx_word' id='word_1_496' title='bbox 1009 2616 1092 2643; x_wconf 91' lang='lat' dir='ltr'>eum,</span> <span class='ocrx_word' id='word_1_497' title='bbox 1108 2607 1163 2648; x_wconf 91' lang='lat' dir='ltr'>qui</span> <span class='ocrx_word' id='word_1_498' title='bbox 1186 2606 1280 2642; x_wconf 84' lang='lat' dir='ltr'>idem,</span> <span class='ocrx_word' id='word_1_499' title='bbox 1297 2607 1382 2647; x_wconf 90' lang='lat' dir='ltr'>quod</span> <span class='ocrx_word' id='word_1_500' title='bbox 1397 2612 1429 2637; x_wconf 89' lang='lat' dir='ltr'>et</span> <span class='ocrx_word' id='word_1_501' title='bbox 1444 2612 1534 2648; x_wconf 78' lang='lat' dir='ltr'>pater</span> <span class='ocrx_word' id='word_1_502' title='bbox 1546 2617 1649 2644; x_wconf 84' lang='lat' dir='ltr'>meus,</span> 
     </span>
     <span class='ocr_line' id='line_1_45' title="bbox 184 2657 1647 2702; baseline -0.001 -11"><span class='ocrx_word' id='word_1_503' title='bbox 184 2669 300 2691; x_wconf 87' lang='lat' dir='ltr'>nomen</span> <span class='ocrx_word' id='word_1_504' title='bbox 313 2659 423 2690; x_wconf 88' lang='lat' dir='ltr'>habet:</span> <span class='ocrx_word' id='word_1_505' title='bbox 443 2657 590 2700; x_wconf 90' lang='lat' dir='ltr'>Dionysii</span> <span class='ocrx_word' id='word_1_506' title='bbox 608 2659 735 2700; x_wconf 88' lang='lat' dir='ltr'>inquam</span> <span class='ocrx_word' id='word_1_507' title='bbox 746 2659 856 2690; x_wconf 87' lang='lat' dir='ltr'>filium.</span> <span class='ocrx_word' id='word_1_508' title='bbox 869 2665 963 2700; x_wconf 80' lang='lat' dir='ltr'>atque</span> <span class='ocrx_word' id='word_1_509' title='bbox 979 2660 1012 2690; x_wconf 91' lang='lat' dir='ltr'>id</span> <span class='ocrx_word' id='word_1_510' title='bbox 1026 2660 1121 2691; x_wconf 78' lang='lat' dir='ltr'>facite</span> <span class='ocrx_word' id='word_1_511' title='bbox 1135 2661 1298 2701; x_wconf 79' lang='lat' dir='ltr'>praesentis</span> <span class='ocrx_word' id='word_1_512' title='bbox 1310 2661 1377 2702; x_wconf 83' lang='lat' dir='ltr'>ejus</span> <span class='ocrx_word' id='word_1_513' title='bbox 1387 2661 1419 2690; x_wconf 91' lang='lat' dir='ltr'>in</span> <span class='ocrx_word' id='word_1_514' title='bbox 1432 2659 1565 2701; x_wconf 82' lang='lat' dir='ltr'>patriam</span> <span class='ocrx_word' id='word_1_515' title='bbox 1580 2660 1647 2690; x_wconf 86' lang='lat' dir='ltr'>offi-</span> 
     </span>
     <span class='ocr_line' id='line_1_46' title="bbox 184 2712 1644 2756; baseline -0.001 -11"><span class='ocrx_word' id='word_1_516' title='bbox 184 2715 226 2745; x_wconf 88' lang='lat' dir='ltr'>cii</span> <span class='ocrx_word' id='word_1_517' title='bbox 239 2714 422 2755; x_wconf 86' lang='lat' dir='ltr'>piorumque</span> <span class='ocrx_word' id='word_1_518' title='bbox 437 2712 505 2753; x_wconf 85' lang='lat' dir='ltr'>ejus</span> <span class='ocrx_word' id='word_1_519' title='bbox 516 2722 633 2742; x_wconf 88' lang='lat' dir='ltr'>morum</span> <span class='ocrx_word' id='word_1_520' title='bbox 650 2724 656 2742; x_wconf 78' lang='lat' dir='ltr'>z</span> <span class='ocrx_word' id='word_1_521' title='bbox 670 2713 725 2754; x_wconf 90' lang='lat' dir='ltr'>qui</span> <span class='ocrx_word' id='word_1_522' title='bbox 741 2719 829 2754; x_wconf 86' lang='lat' dir='ltr'>patre</span> <span class='ocrx_word' id='word_1_523' title='bbox 837 2719 967 2756; x_wconf 78' lang='lat' dir='ltr'>tyranno</span> <span class='ocrx_word' id='word_1_524' title='bbox 979 2720 1073 2744; x_wconf 82' lang='lat' dir='ltr'>natus</span> <span class='ocrx_word' id='word_1_525' title='bbox 1086 2715 1220 2755; x_wconf 88' lang='lat' dir='ltr'>patriam</span> <span class='ocrx_word' id='word_1_526' title='bbox 1231 2720 1344 2754; x_wconf 85' lang='lat' dir='ltr'>sponte</span> <span class='ocrx_word' id='word_1_527' title='bbox 1357 2714 1490 2744; x_wconf 78' lang='lat' dir='ltr'>liberare</span> <span class='ocrx_word' id='word_1_528' title='bbox 1502 2712 1644 2754; x_wconf 80' lang='lat' dir='ltr'>aggredi-</span> 
     </span>
     <span class='ocr_line' id='line_1_47' title="bbox 184 2765 1643 2809; baseline 0.001 -12"><span class='ocrx_word' id='word_1_529' title='bbox 184 2771 243 2803; x_wconf 86' lang='lat' dir='ltr'>tur,</span> <span class='ocrx_word' id='word_1_530' title='bbox 256 2776 311 2808; x_wconf 89' lang='lat' dir='ltr'>pro</span> <span class='ocrx_word' id='word_1_531' title='bbox 321 2765 502 2796; x_wconf 75' lang='lat' dir='ltr'>brevissima</span> <span class='ocrx_word' id='word_1_532' title='bbox 516 2765 694 2808; x_wconf 89' lang='lat' dir='ltr'>injustaque</span> <span class='ocrx_word' id='word_1_533' title='bbox 709 2768 874 2809; x_wconf 85' lang='lat' dir='ltr'>tyrannide</span> <span class='ocrx_word' id='word_1_534' title='bbox 883 2768 1015 2809; x_wconf 87' lang='lat' dir='ltr'>gloriam</span> <span class='ocrx_word' id='word_1_535' title='bbox 1025 2768 1085 2799; x_wconf 85' lang='lat' dir='ltr'>sibi</span> <span class='ocrx_word' id='word_1_536' title='bbox 1099 2769 1268 2809; x_wconf 85' lang='lat' dir='ltr'>generique</span> <span class='ocrx_word' id='word_1_537' title='bbox 1285 2777 1467 2809; x_wconf 78' lang='lat' dir='ltr'>comparans</span> <span class='ocrx_word' id='word_1_538' title='bbox 1480 2767 1643 2808; x_wconf 84' lang='lat' dir='ltr'>sempiter-</span> 
     </span>
     <span class='ocr_line' id='line_1_48' title="bbox 186 2819 1644 2863; baseline 0.001 -13"><span class='ocrx_word' id='word_1_539' title='bbox 186 2830 268 2852; x_wconf 79' lang='lat' dir='ltr'>nam.</span> <span class='ocrx_word' id='word_1_540' title='bbox 291 2819 415 2851; x_wconf 75' lang='lat' dir='ltr'>tertium</span> <span class='ocrx_word' id='word_1_541' title='bbox 435 2819 573 2860; x_wconf 82' lang='lat' dir='ltr'>denique</span> <span class='ocrx_word' id='word_1_542' title='bbox 597 2820 638 2850; x_wconf 88' lang='lat' dir='ltr'>ad</span> <span class='ocrx_word' id='word_1_543' title='bbox 657 2831 787 2862; x_wconf 86' lang='lat' dir='ltr'>regnum</span> <span class='ocrx_word' id='word_1_544' title='bbox 802 2822 1034 2863; x_wconf 80' lang='lat' dir='ltr'>Syracusanum</span> <span class='ocrx_word' id='word_1_545' title='bbox 1049 2821 1179 2852; x_wconf 78' lang='lat' dir='ltr'>invitare</span> <span class='ocrx_word' id='word_1_546' title='bbox 1196 2827 1321 2862; x_wconf 85' lang='lat' dir='ltr'>oportet</span> <span class='ocrx_word' id='word_1_547' title='bbox 1331 2821 1501 2856; x_wconf 79' lang='lat' dir='ltr'>volentem,</span> <span class='ocrx_word' id='word_1_548' title='bbox 1517 2820 1644 2852; x_wconf 72' lang='lat' dir='ltr'>civitate</span> 
     </span>
     <span class='ocr_line' id='line_1_49' title="bbox 186 2872 1650 2915; baseline 0.001 -11"><span class='ocrx_word' id='word_1_549' title='bbox 186 2874 322 2909; x_wconf 77' lang='lat' dir='ltr'>volente.</span> <span class='ocrx_word' id='word_1_550' title='bbox 333 2872 523 2915; x_wconf 85' lang='lat' dir='ltr'>Dionysium</span> <span class='ocrx_word' id='word_1_551' title='bbox 533 2873 680 2915; x_wconf 80' lang='lat' dir='ltr'>Dionysii</span> <span class='ocrx_word' id='word_1_552' title='bbox 693 2875 801 2912; x_wconf 74' lang='lat' dir='ltr'>silium,</span> <span class='ocrx_word' id='word_1_553' title='bbox 813 2885 897 2906; x_wconf 89' lang='lat' dir='ltr'>nunc</span> <span class='ocrx_word' id='word_1_554' title='bbox 911 2875 1067 2906; x_wconf 87' lang='lat' dir='ltr'>exercitus</span> <span class='ocrx_word' id='word_1_555' title='bbox 1077 2875 1215 2907; x_wconf 85' lang='lat' dir='ltr'>hostium</span> <span class='ocrx_word' id='word_1_556' title='bbox 1225 2876 1336 2907; x_wconf 85' lang='lat' dir='ltr'>ducem</span> <span class='ocrx_word' id='word_1_557' title='bbox 1350 2886 1356 2904; x_wconf 93' lang='lat'>:</span> <span class='ocrx_word' id='word_1_558' title='bbox 1372 2874 1398 2906; x_wconf 83' lang='lat' dir='ltr'>si</span> <span class='ocrx_word' id='word_1_559' title='bbox 1408 2874 1493 2910; x_wconf 85' lang='lat' dir='ltr'>velit,</span> <span class='ocrx_word' id='word_1_560' title='bbox 1503 2874 1650 2915; x_wconf 76' lang='lat' dir='ltr'>iuquam,</span> 
     </span>
    </p>
   </div>
  </div>
 </body>
</html>
