<?xml version="1.0" encoding="UTF-8"?>
<!DOCTYPE html PUBLIC "-//W3C//DTD XHTML 1.0 Transitional//EN"
    "http://www.w3.org/TR/xhtml1/DTD/xhtml1-transitional.dtd">
<html xmlns="http://www.w3.org/1999/xhtml" xml:lang="en" lang="en">
 <head>
  <title>
</title>
<meta http-equiv="Content-Type" content="text/html;charset=utf-8" />
  <meta name='ocr-system' content='tesseract 3.04.00' />
  <meta name='ocr-capabilities' content='ocr_page ocr_carea ocr_par ocr_line ocrx_word'/>
</head>
<body>
  <div class='ocr_page' id='page_1' title='image "./platonisetquaeve11plat_0367.png"; bbox 0 0 1840 3225; ppageno 0'>
   <div class='ocr_carea' id='block_1_1' title="bbox 183 210 1641 265">
    <p class='ocr_par' dir='ltr' id='par_1_1' title="bbox 183 210 1641 265">
     <span class='ocr_line' id='line_1_1' title="bbox 183 210 1641 265; baseline -0.001 -14"><span class='ocrx_word' id='word_1_1' title='bbox 183 214 282 265; x_wconf 84' lang='lat'>761]</span> <span class='ocrx_word' id='word_1_2' title='bbox 636 214 710 252; x_wconf 86' lang='lat' dir='ltr'>DE</span> <span class='ocrx_word' id='word_1_3' title='bbox 741 210 969 250; x_wconf 82' lang='lat' dir='ltr'>LEGIBUS</span> <span class='ocrx_word' id='word_1_4' title='bbox 1002 211 1101 251; x_wconf 65' lang='grc' dir='ltr'>ΜΒ.</span> <span class='ocrx_word' id='word_1_5' title='bbox 1132 211 1200 250; x_wconf 80' lang='lat' dir='ltr'>vr.</span> <span class='ocrx_word' id='word_1_6' title='bbox 1570 213 1641 249; x_wconf 73' lang='lat'>351</span> 
     </span>
    </p>
   </div>
   <div class='ocr_carea' id='block_1_2' title="bbox 182 313 1671 2975">
    <p class='ocr_par' dir='ltr' id='par_1_2' title="bbox 182 313 1671 2975">
     <span class='ocr_line' id='line_1_2' title="bbox 182 313 1649 359; baseline -0.005 -9"><span class='ocrx_word' id='word_1_7' title='bbox 182 319 367 350; x_wconf 87' lang='lat' dir='ltr'>mulieribus</span> <span class='ocrx_word' id='word_1_8' title='bbox 393 318 508 349; x_wconf 83' lang='lat' dir='ltr'>tradita</span> <span class='ocrx_word' id='word_1_9' title='bbox 533 322 618 354; x_wconf 87' lang='lat' dir='ltr'>sunt,</span> <span class='ocrx_word' id='word_1_10' title='bbox 646 325 845 359; x_wconf 82' lang='lat' dir='ltr'>nequaquam</span> <span class='ocrx_word' id='word_1_11' title='bbox 868 315 1033 346; x_wconf 87' lang='lat' dir='ltr'>movenda.</span> <span class='ocrx_word' id='word_1_12' title='bbox 1048 315 1074 347; x_wconf 82' lang='lat' dir='ltr'>si</span> <span class='ocrx_word' id='word_1_13' title='bbox 1086 326 1160 347; x_wconf 87' lang='lat' dir='ltr'>vero</span> <span class='ocrx_word' id='word_1_14' title='bbox 1175 321 1230 347; x_wconf 87' lang='lat' dir='ltr'>aut</span> <span class='ocrx_word' id='word_1_15' title='bbox 1244 315 1337 346; x_wconf 90' lang='lat' dir='ltr'>nullis</span> <span class='ocrx_word' id='word_1_16' title='bbox 1352 320 1404 346; x_wconf 89' lang='lat' dir='ltr'>aut</span> <span class='ocrx_word' id='word_1_17' title='bbox 1420 314 1528 357; x_wconf 88' lang='lat' dir='ltr'>paucis</span> <span class='ocrx_word' id='word_1_18' title='bbox 1543 313 1649 355; x_wconf 87' lang='lat' dir='ltr'>aliqua</span> 
     </span>
     <span class='ocr_line' id='line_1_3' title="bbox 184 362 1647 415; baseline -0.005 -10"><span class='ocrx_word' id='word_1_19' title='bbox 184 373 361 415; x_wconf 86' lang='lat' dir='ltr'>hujusmodi</span> <span class='ocrx_word' id='word_1_20' title='bbox 373 378 455 410; x_wconf 88' lang='lat' dir='ltr'>sunt,</span> <span class='ocrx_word' id='word_1_21' title='bbox 467 371 551 415; x_wconf 90' lang='lat' dir='ltr'>quod</span> <span class='ocrx_word' id='word_1_22' title='bbox 565 362 708 403; x_wconf 80' lang='lat' dir='ltr'>acci&#39;dere</span> <span class='ocrx_word' id='word_1_23' title='bbox 724 381 781 412; x_wconf 87' lang='lat' dir='ltr'>par</span> <span class='ocrx_word' id='word_1_24' title='bbox 792 375 839 401; x_wconf 83' lang='lat' dir='ltr'>est</span> <span class='ocrx_word' id='word_1_25' title='bbox 852 369 926 406; x_wconf 83' lang='lat' dir='ltr'>illis,</span> <span class='ocrx_word' id='word_1_26' title='bbox 940 371 993 411; x_wconf 88' lang='lat' dir='ltr'>qui</span> <span class='ocrx_word' id='word_1_27' title='bbox 1005 371 1037 401; x_wconf 89' lang='lat' dir='ltr'>in</span> <span class='ocrx_word' id='word_1_28' title='bbox 1046 380 1135 401; x_wconf 78' lang='lat' dir='ltr'>nova:</span> <span class='ocrx_word' id='word_1_29' title='bbox 1148 370 1284 402; x_wconf 86' lang='lat' dir='ltr'>civitatis</span> <span class='ocrx_word' id='word_1_30' title='bbox 1297 369 1522 401; x_wconf 73' lang='lat' dir='ltr'>habitationem</span> <span class='ocrx_word' id='word_1_31' title='bbox 1532 378 1647 400; x_wconf 87' lang='lat' dir='ltr'>conve-</span> 
     </span>
     <span class='ocr_line' id='line_1_4' title="bbox 184 422 1650 466; baseline -0.004 -7"><span class='ocrx_word' id='word_1_32' title='bbox 184 427 294 458; x_wconf 86' lang='lat' dir='ltr'>niunt:</span> <span class='ocrx_word' id='word_1_33' title='bbox 317 427 371 459; x_wconf 89' lang='lat' dir='ltr'>ubi</span> <span class='ocrx_word' id='word_1_34' title='bbox 392 428 459 459; x_wconf 82' lang='lat' dir='ltr'>haec</span> <span class='ocrx_word' id='word_1_35' title='bbox 482 428 608 466; x_wconf 79' lang='lat' dir='ltr'>desunt,</span> <span class='ocrx_word' id='word_1_36' title='bbox 631 426 806 457; x_wconf 81' lang='lat' dir='ltr'>sacerdotes</span> <span class='ocrx_word' id='word_1_37' title='bbox 828 430 892 455; x_wconf 88' lang='lat' dir='ltr'>tam</span> <span class='ocrx_word' id='word_1_38' title='bbox 916 425 974 455; x_wconf 89' lang='lat' dir='ltr'>viri</span> <span class='ocrx_word' id='word_1_39' title='bbox 989 435 1085 466; x_wconf 88' lang='lat' dir='ltr'>quam</span> <span class='ocrx_word' id='word_1_40' title='bbox 1099 426 1253 461; x_wconf 82' lang='lat' dir='ltr'>mulieres,</span> <span class='ocrx_word' id='word_1_41' title='bbox 1269 429 1302 455; x_wconf 91' lang='lat' dir='ltr'>et</span> <span class='ocrx_word' id='word_1_42' title='bbox 1316 423 1423 455; x_wconf 80' lang='lat' dir='ltr'>aeditui</span> <span class='ocrx_word' id='word_1_43' title='bbox 1436 422 1650 454; x_wconf 81' lang='lat' dir='ltr'>constituendi</span> 
     </span>
     <span class='ocr_line' id='line_1_5' title="bbox 185 478 1652 524; baseline -0.003 -11"><span class='ocrx_word' id='word_1_44' title='bbox 185 487 269 513; x_wconf 87' lang='lat' dir='ltr'>sunt.</span> <span class='ocrx_word' id='word_1_45' title='bbox 293 492 364 524; x_wconf 86' lang='lat' dir='ltr'>quae</span> <span class='ocrx_word' id='word_1_46' title='bbox 389 481 494 513; x_wconf 83' lang='lat' dir='ltr'>omnia</span> <span class='ocrx_word' id='word_1_47' title='bbox 516 480 626 522; x_wconf 87' lang='lat' dir='ltr'>partim</span> <span class='ocrx_word' id='word_1_48' title='bbox 652 479 845 517; x_wconf 84' lang='lat' dir='ltr'>delectione,</span> <span class='ocrx_word' id='word_1_49' title='bbox 869 479 982 520; x_wconf 83' lang='lat' dir='ltr'>partim</span> <span class='ocrx_word' id='word_1_50' title='bbox 1002 484 1084 510; x_wconf 79' lang='lat' dir='ltr'>sorte</span> <span class='ocrx_word' id='word_1_51' title='bbox 1102 479 1168 510; x_wconf 85' lang='lat' dir='ltr'>fieri</span> <span class='ocrx_word' id='word_1_52' title='bbox 1184 484 1318 520; x_wconf 76' lang='lat' dir='ltr'><strong>oportet.</strong></span> <span class='ocrx_word' id='word_1_53' title='bbox 1340 484 1433 520; x_wconf 80' lang='lat' dir='ltr'>atque</span> <span class='ocrx_word' id='word_1_54' title='bbox 1449 478 1480 508; x_wconf 91' lang='lat' dir='ltr'>in</span> <span class='ocrx_word' id='word_1_55' title='bbox 1497 478 1581 508; x_wconf 89' lang='lat' dir='ltr'>omni</span> <span class='ocrx_word' id='word_1_56' title='bbox 1597 488 1652 508; x_wconf 84' lang='lat' dir='ltr'>re-</span> 
     </span>
     <span class='ocr_line' id='line_1_6' title="bbox 185 531 1649 578; baseline -0.005 -10"><span class='ocrx_word' id='word_1_57' title='bbox 185 537 277 578; x_wconf 86' lang='lat' dir='ltr'>gione</span> <span class='ocrx_word' id='word_1_58' title='bbox 293 536 483 576; x_wconf 87' lang='lat' dir='ltr'>civitateque</span> <span class='ocrx_word' id='word_1_59' title='bbox 499 534 588 576; x_wconf 84' lang='lat' dir='ltr'><strong>plebs</strong></span> <span class='ocrx_word' id='word_1_60' title='bbox 603 545 671 565; x_wconf 91' lang='lat' dir='ltr'>curn</span> <span class='ocrx_word' id='word_1_61' title='bbox 687 534 760 570; x_wconf 86' lang='lat' dir='ltr'>illis,</span> <span class='ocrx_word' id='word_1_62' title='bbox 776 534 832 575; x_wconf 91' lang='lat' dir='ltr'>qui</span> <span class='ocrx_word' id='word_1_63' title='bbox 847 538 935 565; x_wconf 79' lang='lat' dir='ltr'>extra</span> <span class='ocrx_word' id='word_1_64' title='bbox 949 533 1072 574; x_wconf 80' lang='lat' dir='ltr'>plebem</span> <span class='ocrx_word' id='word_1_65' title='bbox 1086 539 1158 564; x_wconf 88' lang='lat' dir='ltr'>sunt</span> <span class='ocrx_word' id='word_1_66' title='bbox 1167 543 1224 575; x_wconf 90' lang='lat' dir='ltr'>per</span> <span class='ocrx_word' id='word_1_67' title='bbox 1235 533 1402 564; x_wconf 75' lang='lat' dir='ltr'><strong>amicitiam</strong></span> <span class='ocrx_word' id='word_1_68' title='bbox 1415 531 1649 573; x_wconf 84' lang='lat' dir='ltr'>conjungenda,</span> 
     </span>
     <span class='ocr_line' id='line_1_7' title="bbox 184 586 1650 629; baseline -0.004 -8"><span class='ocrx_word' id='word_1_69' title='bbox 184 596 220 621; x_wconf 89' lang='lat' dir='ltr'>ut</span> <span class='ocrx_word' id='word_1_70' title='bbox 231 591 365 622; x_wconf 76' lang='lat' dir='ltr'>maxima</span> <span class='ocrx_word' id='word_1_71' title='bbox 381 590 463 620; x_wconf 88' lang='lat' dir='ltr'>sitin</span> <span class='ocrx_word' id='word_1_72' title='bbox 478 588 623 619; x_wconf 84' lang='lat' dir='ltr'>omnibus</span> <span class='ocrx_word' id='word_1_73' title='bbox 635 589 683 619; x_wconf 84' lang='lat' dir='ltr'>bis</span> <span class='ocrx_word' id='word_1_74' title='bbox 698 587 873 619; x_wconf 75' lang='lat' dir='ltr'>consensio.</span> <span class='ocrx_word' id='word_1_75' title='bbox 897 593 931 619; x_wconf 88' lang='lat' dir='ltr'>et</span> <span class='ocrx_word' id='word_1_76' title='bbox 945 598 1015 629; x_wconf 78' lang='lat' dir='ltr'>quae</span> <span class='ocrx_word' id='word_1_77' title='bbox 1031 588 1070 618; x_wconf 86' lang='lat' dir='ltr'>ad</span> <span class='ocrx_word' id='word_1_78' title='bbox 1087 587 1283 618; x_wconf 85' lang='lat' dir='ltr'>sacerdotum</span> <span class='ocrx_word' id='word_1_79' title='bbox 1301 587 1492 618; x_wconf 71' lang='lat' dir='ltr'>creationem</span> <span class='ocrx_word' id='word_1_80' title='bbox 1504 586 1650 622; x_wconf 77' lang='lat' dir='ltr'>attinent,</span> 
     </span>
     <span class='ocr_line' id='line_1_8' title="bbox 187 641 1650 683; baseline -0.003 -7"><span class='ocrx_word' id='word_1_81' title='bbox 187 645 261 676; x_wconf 82' lang='lat' dir='ltr'>Deo</span> <span class='ocrx_word' id='word_1_82' title='bbox 275 643 498 676; x_wconf 87' lang='lat' dir='ltr'>committenda</span> <span class='ocrx_word' id='word_1_83' title='bbox 512 648 598 683; x_wconf 84' lang='lat' dir='ltr'>sunt,</span> <span class='ocrx_word' id='word_1_84' title='bbox 620 647 665 679; x_wconf 86' lang='lat' dir='ltr'>ut,</span> <span class='ocrx_word' id='word_1_85' title='bbox 687 641 951 683; x_wconf 84' lang='lat' dir='ltr'>quemadmodum</span> <span class='ocrx_word' id='word_1_86' title='bbox 966 642 1013 672; x_wconf 88' lang='lat' dir='ltr'>illi</span> <span class='ocrx_word' id='word_1_87' title='bbox 1027 642 1143 683; x_wconf 88' lang='lat' dir='ltr'>placet,</span> <span class='ocrx_word' id='word_1_88' title='bbox 1160 642 1204 672; x_wconf 89' lang='lat' dir='ltr'>ita</span> <span class='ocrx_word' id='word_1_89' title='bbox 1219 641 1325 672; x_wconf 88' lang='lat' dir='ltr'>divina</span> <span class='ocrx_word' id='word_1_90' title='bbox 1338 641 1473 676; x_wconf 88' lang='lat' dir='ltr'>fortuna,</span> <span class='ocrx_word' id='word_1_91' title='bbox 1489 641 1539 672; x_wconf 90' lang='lat' dir='ltr'>cui</span> <span class='ocrx_word' id='word_1_92' title='bbox 1552 641 1650 671; x_wconf 85' lang='lat' dir='ltr'>tribu-</span> 
     </span>
     <span class='ocr_line' id='line_1_9' title="bbox 183 695 1652 737; baseline -0.003 -8"><span class='ocrx_word' id='word_1_93' title='bbox 183 704 250 730; x_wconf 85' lang='lat' dir='ltr'>tum</span> <span class='ocrx_word' id='word_1_94' title='bbox 272 698 307 729; x_wconf 88' lang='lat' dir='ltr'>id</span> <span class='ocrx_word' id='word_1_95' title='bbox 329 699 380 734; x_wconf 89' lang='lat' dir='ltr'>sit,</span> <span class='ocrx_word' id='word_1_96' title='bbox 403 702 502 729; x_wconf 85' lang='lat' dir='ltr'>sortes</span> <span class='ocrx_word' id='word_1_97' title='bbox 523 697 613 728; x_wconf 82' lang='lat' dir='ltr'>ferat.</span> <span class='ocrx_word' id='word_1_98' title='bbox 637 697 668 727; x_wconf 91' lang='lat' dir='ltr'>in</span> <span class='ocrx_word' id='word_1_99' title='bbox 691 706 800 727; x_wconf 87' lang='lat' dir='ltr'>eorum</span> <span class='ocrx_word' id='word_1_100' title='bbox 827 700 945 736; x_wconf 85' lang='lat' dir='ltr'>autem,</span> <span class='ocrx_word' id='word_1_101' title='bbox 960 696 1015 737; x_wconf 91' lang='lat' dir='ltr'>qui</span> <span class='ocrx_word' id='word_1_102' title='bbox 1030 697 1119 727; x_wconf 88' lang='lat' dir='ltr'>sortis</span> <span class='ocrx_word' id='word_1_103' title='bbox 1133 696 1311 737; x_wconf 84' lang='lat' dir='ltr'>suffragium</span> <span class='ocrx_word' id='word_1_104' title='bbox 1328 695 1463 726; x_wconf 82' lang='lat' dir='ltr'>assecuti</span> <span class='ocrx_word' id='word_1_105' title='bbox 1478 700 1562 731; x_wconf 83' lang='lat' dir='ltr'>sunt,</span> <span class='ocrx_word' id='word_1_106' title='bbox 1579 705 1652 725; x_wconf 81' lang='lat' dir='ltr'>exa-</span> 
     </span>
     <span class='ocr_line' id='line_1_10' title="bbox 186 748 1651 793; baseline -0.003 -10"><span class='ocrx_word' id='word_1_107' title='bbox 186 752 355 784; x_wconf 88' lang='lat' dir='ltr'>minatione</span> <span class='ocrx_word' id='word_1_108' title='bbox 376 752 429 783; x_wconf 84' lang='lat' dir='ltr'>ille</span> <span class='ocrx_word' id='word_1_109' title='bbox 451 757 499 783; x_wconf 87' lang='lat' dir='ltr'>est</span> <span class='ocrx_word' id='word_1_110' title='bbox 522 749 783 793; x_wconf 80' lang='lat' dir='ltr'>comprobandus,</span> <span class='ocrx_word' id='word_1_111' title='bbox 807 750 861 792; x_wconf 87' lang='lat' dir='ltr'>qui</span> <span class='ocrx_word' id='word_1_112' title='bbox 883 750 1006 791; x_wconf 84' lang='lat' dir='ltr'>integer</span> <span class='ocrx_word' id='word_1_113' title='bbox 1028 751 1069 781; x_wconf 83' lang='lat' dir='ltr'>sit</span> <span class='ocrx_word' id='word_1_114' title='bbox 1091 755 1185 792; x_wconf 87' lang='lat' dir='ltr'>atque</span> <span class='ocrx_word' id='word_1_115' title='bbox 1208 750 1377 791; x_wconf 85' lang='lat' dir='ltr'>legitimus,</span> <span class='ocrx_word' id='word_1_116' title='bbox 1394 748 1508 780; x_wconf 80' lang='lat' dir='ltr'>deinde</span> <span class='ocrx_word' id='word_1_117' title='bbox 1524 759 1544 779; x_wconf 88' lang='lat' dir='ltr'>a</span> <span class='ocrx_word' id='word_1_118' title='bbox 1557 748 1651 779; x_wconf 86' lang='lat' dir='ltr'>domo</span> 
     </span>
     <span class='ocr_line' id='line_1_11' title="bbox 184 802 1653 848; baseline -0.002 -12"><span class='ocrx_word' id='word_1_119' title='bbox 184 817 277 848; x_wconf 89' lang='lat' dir='ltr'>quam</span> <span class='ocrx_word' id='word_1_120' title='bbox 299 806 436 838; x_wconf 79' lang='lat' dir='ltr'>maxime</span> <span class='ocrx_word' id='word_1_121' title='bbox 457 806 589 842; x_wconf 86' lang='lat' dir='ltr'>munda,</span> <span class='ocrx_word' id='word_1_122' title='bbox 611 815 722 846; x_wconf 84' lang='lat' dir='ltr'>expers</span> <span class='ocrx_word' id='word_1_123' title='bbox 744 815 869 847; x_wconf 88' lang='lat' dir='ltr'>quoque</span> <span class='ocrx_word' id='word_1_124' title='bbox 884 805 981 836; x_wconf 85' lang='lat' dir='ltr'>caedis</span> <span class='ocrx_word' id='word_1_125' title='bbox 995 806 1197 847; x_wconf 89' lang='lat' dir='ltr'>omniumque</span> <span class='ocrx_word' id='word_1_126' title='bbox 1216 803 1407 846; x_wconf 86' lang='lat' dir='ltr'>hujusmodi,</span> <span class='ocrx_word' id='word_1_127' title='bbox 1420 814 1490 845; x_wconf 85' lang='lat' dir='ltr'>quae</span> <span class='ocrx_word' id='word_1_128' title='bbox 1505 802 1653 834; x_wconf 81' lang='lat' dir='ltr'>adversus</span> 
     </span>
     <span class='ocr_line' id='line_1_12' title="bbox 184 858 1654 902; baseline -0.003 -11"><span class='ocrx_word' id='word_1_129' title='bbox 184 861 326 892; x_wconf 86' lang='lat' dir='ltr'>divinam</span> <span class='ocrx_word' id='word_1_130' title='bbox 358 871 423 892; x_wconf 88' lang='lat' dir='ltr'>rem</span> <span class='ocrx_word' id='word_1_131' title='bbox 456 859 712 892; x_wconf 82' lang='lat' dir='ltr'>committuntur:</span> <span class='ocrx_word' id='word_1_132' title='bbox 737 860 824 902; x_wconf 87' lang='lat' dir='ltr'>cujus</span> <span class='ocrx_word' id='word_1_133' title='bbox 858 864 890 891; x_wconf 90' lang='lat' dir='ltr'>et</span> <span class='ocrx_word' id='word_1_134' title='bbox 927 864 1015 901; x_wconf 88' lang='lat' dir='ltr'>pater</span> <span class='ocrx_word' id='word_1_135' title='bbox 1044 865 1206 901; x_wconf 84' lang='lat' dir='ltr'>materque</span> <span class='ocrx_word' id='word_1_136' title='bbox 1229 859 1370 890; x_wconf 86' lang='lat' dir='ltr'>similiter</span> <span class='ocrx_word' id='word_1_137' title='bbox 1398 858 1543 889; x_wconf 83' lang='lat' dir='ltr'>vixerint.</span> <span class='ocrx_word' id='word_1_138' title='bbox 1566 858 1654 899; x_wconf 81' lang='lat' dir='ltr'>leges</span> 
     </span>
     <span class='ocr_line' id='line_1_13' title="bbox 184 913 1651 956; baseline -0.003 -9"><span class='ocrx_word' id='word_1_139' title='bbox 184 913 288 947; x_wconf 75' lang='lat' dir='ltr'>autem</span> <span class='ocrx_word' id='word_1_140' title='bbox 311 916 352 947; x_wconf 88' lang='lat' dir='ltr'>de</span> <span class='ocrx_word' id='word_1_141' title='bbox 373 917 466 947; x_wconf 86' lang='lat' dir='ltr'>rebus</span> <span class='ocrx_word' id='word_1_142' title='bbox 487 915 603 946; x_wconf 85' lang='lat' dir='ltr'>divinis</span> <span class='ocrx_word' id='word_1_143' title='bbox 625 924 644 945; x_wconf 89' lang='lat' dir='ltr'>a</span> <span class='ocrx_word' id='word_1_144' title='bbox 666 913 805 956; x_wconf 82' lang='lat' dir='ltr'>Delphis</span> <span class='ocrx_word' id='word_1_145' title='bbox 827 919 985 956; x_wconf 87' lang='lat' dir='ltr'>petantur,</span> <span class='ocrx_word' id='word_1_146' title='bbox 1002 915 1291 956; x_wconf 87' lang='lat' dir='ltr'>constituanturque</span> <span class='ocrx_word' id='word_1_147' title='bbox 1304 913 1429 944; x_wconf 85' lang='lat' dir='ltr'>illarum</span> <span class='ocrx_word' id='word_1_148' title='bbox 1442 913 1651 954; x_wconf 85' lang='lat' dir='ltr'>interpretes:</span> 
     </span>
     <span class='ocr_line' id='line_1_14' title="bbox 183 967 1655 1013; baseline -0.003 -12"><span class='ocrx_word' id='word_1_149' title='bbox 183 976 279 1013; x_wconf 87' lang='lat' dir='ltr'>atque</span> <span class='ocrx_word' id='word_1_150' title='bbox 304 971 352 1002; x_wconf 74' lang='lat' dir='ltr'>luis</span> <span class='ocrx_word' id='word_1_151' title='bbox 377 969 542 1001; x_wconf 85' lang='lat' dir='ltr'>utendum.</span> <span class='ocrx_word' id='word_1_152' title='bbox 565 969 771 1000; x_wconf 85' lang='lat' dir='ltr'>sacerdotium</span> <span class='ocrx_word' id='word_1_153' title='bbox 799 979 864 999; x_wconf 90' lang='lat' dir='ltr'>non</span> <span class='ocrx_word' id='word_1_154' title='bbox 888 969 1065 1000; x_wconf 82' lang='lat' dir='ltr'>diuturnius</span> <span class='ocrx_word' id='word_1_155' title='bbox 1081 969 1121 1000; x_wconf 86' lang='lat' dir='ltr'>sit</span> <span class='ocrx_word' id='word_1_156' title='bbox 1133 979 1226 1011; x_wconf 88' lang='lat' dir='ltr'>quam</span> <span class='ocrx_word' id='word_1_157' title='bbox 1243 977 1394 999; x_wconf 89' lang='lat' dir='ltr'>annuum.</span> <span class='ocrx_word' id='word_1_158' title='bbox 1415 978 1475 999; x_wconf 84' lang='lat' dir='ltr'>nec</span> <span class='ocrx_word' id='word_1_159' title='bbox 1489 967 1655 1010; x_wconf 86' lang='lat' dir='ltr'>pauciores</span> 
     </span>
     <span class='ocr_line' id='line_1_15' title="bbox 184 1022 1655 1067; baseline -0.003 -11"><span class='ocrx_word' id='word_1_160' title='bbox 184 1035 286 1056; x_wconf 79' lang='lat' dir='ltr'>annos</span> <span class='ocrx_word' id='word_1_161' title='bbox 307 1034 401 1067; x_wconf 91' lang='lat' dir='ltr'>quam</span> <span class='ocrx_word' id='word_1_162' title='bbox 423 1023 587 1065; x_wconf 82' lang='lat' dir='ltr'>sexaginta</span> <span class='ocrx_word' id='word_1_163' title='bbox 599 1029 694 1054; x_wconf 88' lang='lat' dir='ltr'>natus</span> <span class='ocrx_word' id='word_1_164' title='bbox 708 1023 759 1060; x_wconf 89' lang='lat' dir='ltr'>sit,</span> <span class='ocrx_word' id='word_1_165' title='bbox 776 1023 830 1065; x_wconf 92' lang='lat' dir='ltr'>qui</span> <span class='ocrx_word' id='word_1_166' title='bbox 845 1023 1019 1055; x_wconf 88' lang='lat' dir='ltr'>secundum</span> <span class='ocrx_word' id='word_1_167' title='bbox 1035 1033 1139 1055; x_wconf 84' lang='lat' dir='ltr'>sacras</span> <span class='ocrx_word' id='word_1_168' title='bbox 1153 1024 1242 1065; x_wconf 84' lang='lat' dir='ltr'>leges</span> <span class='ocrx_word' id='word_1_169' title='bbox 1255 1033 1305 1054; x_wconf 88' lang='lat' dir='ltr'>res</span> <span class='ocrx_word' id='word_1_170' title='bbox 1319 1022 1442 1054; x_wconf 71' lang='lat' dir='ltr'>divinas</span> <span class='ocrx_word' id='word_1_171' title='bbox 1463 1022 1655 1054; x_wconf 88' lang='lat' dir='ltr'>sufficienter</span> 
     </span>
     <span class='ocr_line' id='line_1_16' title="bbox 184 1076 1655 1121; baseline -0.003 -11"><span class='ocrx_word' id='word_1_172' title='bbox 184 1084 234 1110; x_wconf 88' lang='lat' dir='ltr'>est</span> <span class='ocrx_word' id='word_1_173' title='bbox 249 1083 447 1111; x_wconf 84' lang='lat' dir='ltr'>tractaturus.</span> <span class='ocrx_word' id='word_1_174' title='bbox 469 1078 643 1120; x_wconf 89' lang='lat' dir='ltr'>eademque</span> <span class='ocrx_word' id='word_1_175' title='bbox 654 1077 694 1109; x_wconf 89' lang='lat' dir='ltr'>de</span> <span class='ocrx_word' id='word_1_176' title='bbox 706 1078 889 1110; x_wconf 88' lang='lat' dir='ltr'>mulieribus</span> <span class='ocrx_word' id='word_1_177' title='bbox 898 1078 1006 1115; x_wconf 88' lang='lat' dir='ltr'>sacris,</span> <span class='ocrx_word' id='word_1_178' title='bbox 1016 1090 1086 1121; x_wconf 84' lang='lat' dir='ltr'>quae</span> <span class='ocrx_word' id='word_1_179' title='bbox 1099 1083 1132 1109; x_wconf 88' lang='lat' dir='ltr'>et</span> <span class='ocrx_word' id='word_1_180' title='bbox 1143 1077 1183 1109; x_wconf 87' lang='lat' dir='ltr'>de</span> <span class='ocrx_word' id='word_1_181' title='bbox 1199 1078 1284 1114; x_wconf 85' lang='lat' dir='ltr'>viris,</span> <span class='ocrx_word' id='word_1_182' title='bbox 1297 1082 1415 1108; x_wconf 82' lang='lat' dir='ltr'>statuta</span> <span class='ocrx_word' id='word_1_183' title='bbox 1426 1076 1655 1118; x_wconf 84' lang='lat' dir='ltr'>intelligantur,</span> 
     </span>
     <span class='ocr_line' id='line_1_17' title="bbox 184 1131 1656 1176; baseline -0.002 -12"><span class='ocrx_word' id='word_1_184' title='bbox 184 1132 373 1176; x_wconf 79' lang='lat' dir='ltr'>interpretes</span> <span class='ocrx_word' id='word_1_185' title='bbox 388 1138 493 1164; x_wconf 84' lang='lat' dir='ltr'>autem</span> <span class='ocrx_word' id='word_1_186' title='bbox 509 1138 556 1164; x_wconf 86' lang='lat' dir='ltr'>ter</span> <span class='ocrx_word' id='word_1_187' title='bbox 571 1138 703 1176; x_wconf 87' lang='lat' dir='ltr'>quatuor</span> <span class='ocrx_word' id='word_1_188' title='bbox 717 1133 821 1164; x_wconf 84' lang='lat' dir='ltr'>ferant</span> <span class='ocrx_word' id='word_1_189' title='bbox 836 1132 934 1164; x_wconf 85' lang='lat' dir='ltr'>tribus</span> <span class='ocrx_word' id='word_1_190' title='bbox 947 1133 1026 1175; x_wconf 85' lang='lat' dir='ltr'>ipsae</span> <span class='ocrx_word' id='word_1_191' title='bbox 1039 1138 1183 1175; x_wconf 84' lang='lat' dir='ltr'>quatuor,</span> <span class='ocrx_word' id='word_1_192' title='bbox 1203 1143 1241 1163; x_wconf 83' lang='lat' dir='ltr'>ex</span> <span class='ocrx_word' id='word_1_193' title='bbox 1256 1142 1364 1163; x_wconf 86' lang='lat' dir='ltr'>earum</span> <span class='ocrx_word' id='word_1_194' title='bbox 1379 1131 1489 1163; x_wconf 82' lang='lat' dir='ltr'>ordine</span> <span class='ocrx_word' id='word_1_195' title='bbox 1505 1141 1656 1173; x_wconf 82' lang='lat' dir='ltr'>unaquae-</span> 
     </span>
     <span class='ocr_line' id='line_1_18' title="bbox 186 1187 1657 1230; baseline -0.001 -12"><span class='ocrx_word' id='word_1_196' title='bbox 186 1198 248 1230; x_wconf 88' lang='lat' dir='ltr'>que</span> <span class='ocrx_word' id='word_1_197' title='bbox 278 1193 364 1219; x_wconf 84' lang='lat' dir='ltr'>tres:</span> <span class='ocrx_word' id='word_1_198' title='bbox 389 1199 425 1220; x_wconf 89' lang='lat' dir='ltr'>ac</span> <span class='ocrx_word' id='word_1_199' title='bbox 457 1187 555 1219; x_wconf 82' lang='lat' dir='ltr'>tribus</span> <span class='ocrx_word' id='word_1_200' title='bbox 585 1187 734 1229; x_wconf 85' lang='lat' dir='ltr'>probatis,</span> <span class='ocrx_word' id='word_1_201' title='bbox 757 1188 812 1230; x_wconf 90' lang='lat' dir='ltr'>qui</span> <span class='ocrx_word' id='word_1_202' title='bbox 835 1187 941 1230; x_wconf 85' lang='lat' dir='ltr'>majori</span> <span class='ocrx_word' id='word_1_203' title='bbox 964 1187 1114 1229; x_wconf 83' lang='lat' dir='ltr'>suffragio</span> <span class='ocrx_word' id='word_1_204' title='bbox 1136 1187 1255 1218; x_wconf 91' lang='lat' dir='ltr'>delecti</span> <span class='ocrx_word' id='word_1_205' title='bbox 1276 1192 1361 1223; x_wconf 83' lang='lat' dir='ltr'>sunt,</span> <span class='ocrx_word' id='word_1_206' title='bbox 1382 1187 1521 1228; x_wconf 86' lang='lat' dir='ltr'>reliquos</span> <span class='ocrx_word' id='word_1_207' title='bbox 1542 1196 1657 1217; x_wconf 87' lang='lat' dir='ltr'>novem</span> 
     </span>
     <span class='ocr_line' id='line_1_19' title="bbox 186 1240 1658 1284; baseline -0.003 -10"><span class='ocrx_word' id='word_1_208' title='bbox 186 1242 335 1284; x_wconf 88' lang='lat' dir='ltr'>Delphos</span> <span class='ocrx_word' id='word_1_209' title='bbox 349 1242 486 1280; x_wconf 84' lang='lat' dir='ltr'>mittant,</span> <span class='ocrx_word' id='word_1_210' title='bbox 503 1247 537 1274; x_wconf 91' lang='lat' dir='ltr'>ut</span> <span class='ocrx_word' id='word_1_211' title='bbox 551 1253 591 1274; x_wconf 84' lang='lat' dir='ltr'>ex</span> <span class='ocrx_word' id='word_1_212' title='bbox 601 1252 725 1284; x_wconf 88' lang='lat' dir='ltr'>quaque</span> <span class='ocrx_word' id='word_1_213' title='bbox 738 1242 878 1273; x_wconf 82' lang='lat' dir='ltr'>tn&#39;nitate</span> <span class='ocrx_word' id='word_1_214' title='bbox 891 1251 969 1272; x_wconf 84' lang='lat' dir='ltr'>unus</span> <span class='ocrx_word' id='word_1_215' title='bbox 981 1240 1108 1273; x_wconf 81' lang='lat' dir='ltr'>oracu&#39;lo</span> <span class='ocrx_word' id='word_1_216' title='bbox 1123 1241 1282 1283; x_wconf 81' lang='lat' dir='ltr'>diligatur.</span> <span class='ocrx_word' id='word_1_217' title='bbox 1294 1240 1505 1282; x_wconf 87' lang='lat' dir='ltr'>comprobatio</span> <span class='ocrx_word' id='word_1_218' title='bbox 1519 1240 1658 1282; x_wconf 80' lang='lat' dir='ltr'>ipsorum</span> 
     </span>
     <span class='ocr_line' id='line_1_20' title="bbox 187 1293 1659 1339; baseline -0.003 -11"><span class='ocrx_word' id='word_1_219' title='bbox 187 1302 327 1339; x_wconf 82' lang='lat' dir='ltr'>aetasque</span> <span class='ocrx_word' id='word_1_220' title='bbox 350 1298 432 1334; x_wconf 86' lang='lat' dir='ltr'>talis,</span> <span class='ocrx_word' id='word_1_221' title='bbox 455 1298 555 1339; x_wconf 89' lang='lat' dir='ltr'>qualis</span> <span class='ocrx_word' id='word_1_222' title='bbox 579 1302 612 1329; x_wconf 88' lang='lat' dir='ltr'>et</span> <span class='ocrx_word' id='word_1_223' title='bbox 633 1296 832 1328; x_wconf 88' lang='lat' dir='ltr'>sacerdotum</span> <span class='ocrx_word' id='word_1_224' title='bbox 854 1295 941 1328; x_wconf 83' lang='lat' dir='ltr'>dicta</span> <span class='ocrx_word' id='word_1_225' title='bbox 956 1301 1015 1327; x_wconf 86' lang='lat' dir='ltr'>est.</span> <span class='ocrx_word' id='word_1_226' title='bbox 1037 1296 1070 1327; x_wconf 82' lang='lat' dir='ltr'>hi</span> <span class='ocrx_word' id='word_1_227' title='bbox 1086 1306 1142 1337; x_wconf 89' lang='lat' dir='ltr'>per</span> <span class='ocrx_word' id='word_1_228' title='bbox 1156 1300 1255 1327; x_wconf 88' lang='lat' dir='ltr'>totam</span> <span class='ocrx_word' id='word_1_229' title='bbox 1268 1296 1366 1326; x_wconf 90' lang='lat' dir='ltr'>vitam</span> <span class='ocrx_word' id='word_1_230' title='bbox 1380 1293 1608 1336; x_wconf 88' lang='lat' dir='ltr'>interpretandi</span> <span class='ocrx_word' id='word_1_231' title='bbox 1625 1299 1659 1325; x_wconf 87' lang='lat' dir='ltr'>et</span> 
     </span>
     <span class='ocr_line' id='line_1_21' title="bbox 185 1349 1660 1393; baseline -0.001 -12"><span class='ocrx_word' id='word_1_232' title='bbox 185 1351 367 1392; x_wconf 80' lang='lat' dir='ltr'>exponendi</span> <span class='ocrx_word' id='word_1_233' title='bbox 396 1352 534 1383; x_wconf 84' lang='lat' dir='ltr'>habeant</span> <span class='ocrx_word' id='word_1_234' title='bbox 566 1356 768 1393; x_wconf 88' lang='lat' dir='ltr'>potestatem.</span> <span class='ocrx_word' id='word_1_235' title='bbox 791 1359 825 1382; x_wconf 89' lang='lat' dir='ltr'>et</span> <span class='ocrx_word' id='word_1_236' title='bbox 846 1351 877 1381; x_wconf 88' lang='lat' dir='ltr'>in</span> <span class='ocrx_word' id='word_1_237' title='bbox 901 1350 1043 1382; x_wconf 83' lang='lat' dir='ltr'>defuncti</span> <span class='ocrx_word' id='word_1_238' title='bbox 1064 1350 1166 1382; x_wconf 88' lang='lat' dir='ltr'>vicem</span> <span class='ocrx_word' id='word_1_239' title='bbox 1189 1356 1322 1392; x_wconf 87' lang='lat' dir='ltr'>quatuor</span> <span class='ocrx_word' id='word_1_240' title='bbox 1342 1350 1442 1381; x_wconf 85' lang='lat' dir='ltr'>tribus</span> <span class='ocrx_word' id='word_1_241' title='bbox 1462 1350 1538 1381; x_wconf 87' lang='lat' dir='ltr'>inde</span> <span class='ocrx_word' id='word_1_242' title='bbox 1561 1349 1660 1380; x_wconf 89' lang='lat' dir='ltr'>alium</span> 
     </span>
     <span class='ocr_line' id='line_1_22' title="bbox 185 1403 1661 1448; baseline -0.001 -12"><span class='ocrx_word' id='word_1_243' title='bbox 185 1406 316 1447; x_wconf 86' lang='lat' dir='ltr'>eligant,</span> <span class='ocrx_word' id='word_1_244' title='bbox 332 1405 417 1438; x_wconf 86' lang='lat' dir='ltr'>unde</span> <span class='ocrx_word' id='word_1_245' title='bbox 432 1416 510 1448; x_wconf 89' lang='lat' dir='ltr'>puer</span> <span class='ocrx_word' id='word_1_246' title='bbox 525 1406 579 1437; x_wconf 88' lang='lat' dir='ltr'>ille</span> <span class='ocrx_word' id='word_1_247' title='bbox 592 1406 722 1437; x_wconf 84' lang='lat' dir='ltr'>defecit.</span> <span class='ocrx_word' id='word_1_248' title='bbox 745 1413 915 1448; x_wconf 84' lang='lat' dir='ltr'>quaestores</span> <span class='ocrx_word' id='word_1_249' title='bbox 936 1411 971 1437; x_wconf 87' lang='lat' dir='ltr'>et</span> <span class='ocrx_word' id='word_1_250' title='bbox 985 1412 1195 1437; x_wconf 85' lang='lat' dir='ltr'>asservatores</span> <span class='ocrx_word' id='word_1_251' title='bbox 1211 1415 1307 1436; x_wconf 82' lang='lat' dir='ltr'>sacrae</span> <span class='ocrx_word' id='word_1_252' title='bbox 1323 1405 1468 1446; x_wconf 87' lang='lat' dir='ltr'>pecuniae</span> <span class='ocrx_word' id='word_1_253' title='bbox 1483 1404 1516 1435; x_wconf 89' lang='lat' dir='ltr'>in</span> <span class='ocrx_word' id='word_1_254' title='bbox 1531 1403 1661 1445; x_wconf 88' lang='lat' dir='ltr'>templis</span> 
     </span>
     <span class='ocr_line' id='line_1_23' title="bbox 185 1459 1658 1503; baseline -0.001 -12"><span class='ocrx_word' id='word_1_255' title='bbox 185 1460 327 1502; x_wconf 85' lang='lat' dir='ltr'>singulis,</span> <span class='ocrx_word' id='word_1_256' title='bbox 351 1461 405 1503; x_wconf 87' lang='lat' dir='ltr'>qui</span> <span class='ocrx_word' id='word_1_257' title='bbox 427 1462 565 1492; x_wconf 88' lang='lat' dir='ltr'>lucorum</span> <span class='ocrx_word' id='word_1_258' title='bbox 583 1471 788 1502; x_wconf 80' lang='lat' dir='ltr'>agrorumque</span> <span class='ocrx_word' id='word_1_259' title='bbox 803 1460 883 1502; x_wconf 86' lang='lat' dir='ltr'>ipsis</span> <span class='ocrx_word' id='word_1_260' title='bbox 897 1460 1110 1492; x_wconf 87' lang='lat' dir='ltr'>dedicatorum</span> <span class='ocrx_word' id='word_1_261' title='bbox 1128 1465 1161 1491; x_wconf 91' lang='lat' dir='ltr'>et</span> <span class='ocrx_word' id='word_1_262' title='bbox 1174 1460 1330 1491; x_wconf 86' lang='lat' dir='ltr'>fructuum</span> <span class='ocrx_word' id='word_1_263' title='bbox 1347 1459 1658 1500; x_wconf 84' lang='lat' dir='ltr'>conductionumque</span> 
     </span>
     <span class='ocr_line' id='line_1_24' title="bbox 185 1513 1662 1558; baseline -0.001 -12"><span class='ocrx_word' id='word_1_264' title='bbox 185 1520 220 1546; x_wconf 85' lang='lat' dir='ltr'>et</span> <span class='ocrx_word' id='word_1_265' title='bbox 240 1515 432 1547; x_wconf 88' lang='lat' dir='ltr'>locationum</span> <span class='ocrx_word' id='word_1_266' title='bbox 454 1515 573 1547; x_wconf 86' lang='lat' dir='ltr'>domini</span> <span class='ocrx_word' id='word_1_267' title='bbox 595 1516 670 1553; x_wconf 83' lang='lat' dir='ltr'>sint,</span> <span class='ocrx_word' id='word_1_268' title='bbox 695 1515 794 1558; x_wconf 88' lang='grc'><strong>[760]</strong></span> <span class='ocrx_word' id='word_1_269' title='bbox 820 1520 883 1546; x_wconf 84' lang='lat' dir='ltr'>tres</span> <span class='ocrx_word' id='word_1_270' title='bbox 905 1515 945 1546; x_wconf 89' lang='lat' dir='ltr'>de</span> <span class='ocrx_word' id='word_1_271' title='bbox 967 1515 1114 1546; x_wconf 86' lang='lat' dir='ltr'>maximis</span> <span class='ocrx_word' id='word_1_272' title='bbox 1135 1515 1282 1546; x_wconf 86' lang='lat' dir='ltr'>censibus</span> <span class='ocrx_word' id='word_1_273' title='bbox 1304 1525 1361 1556; x_wconf 89' lang='lat' dir='ltr'>pro</span> <span class='ocrx_word' id='word_1_274' title='bbox 1373 1514 1501 1556; x_wconf 86' lang='lat' dir='ltr'>templis</span> <span class='ocrx_word' id='word_1_275' title='bbox 1515 1513 1662 1545; x_wconf 86' lang='lat' dir='ltr'>maximis</span> 
     </span>
     <span class='ocr_line' id='line_1_25' title="bbox 186 1567 1661 1612; baseline -0.001 -12"><span class='ocrx_word' id='word_1_276' title='bbox 186 1568 365 1611; x_wconf 84' lang='lat' dir='ltr'>eligantur:</span> <span class='ocrx_word' id='word_1_277' title='bbox 391 1569 454 1602; x_wconf 91' lang='lat' dir='ltr'>duo</span> <span class='ocrx_word' id='word_1_278' title='bbox 479 1580 537 1611; x_wconf 88' lang='lat' dir='ltr'>pro</span> <span class='ocrx_word' id='word_1_279' title='bbox 563 1570 755 1601; x_wconf 87' lang='lat' dir='ltr'>minoribus:</span> <span class='ocrx_word' id='word_1_280' title='bbox 780 1580 838 1612; x_wconf 90' lang='lat' dir='ltr'>pro</span> <span class='ocrx_word' id='word_1_281' title='bbox 852 1569 970 1601; x_wconf 89' lang='lat' dir='ltr'>mediis</span> <span class='ocrx_word' id='word_1_282' title='bbox 995 1570 1193 1612; x_wconf 86' lang='lat' dir='ltr'>maximeque</span> <span class='ocrx_word' id='word_1_283' title='bbox 1221 1569 1386 1601; x_wconf 85' lang='lat' dir='ltr'>concinnis</span> <span class='ocrx_word' id='word_1_284' title='bbox 1401 1580 1494 1600; x_wconf 86' lang='lat' dir='ltr'>unus.</span> <span class='ocrx_word' id='word_1_285' title='bbox 1516 1567 1571 1610; x_wconf 81' lang='lat' dir='ltr'>qui</span> <span class='ocrx_word' id='word_1_286' title='bbox 1595 1578 1661 1599; x_wconf 91' lang='lat' dir='ltr'>non</span> 
     </span>
     <span class='ocr_line' id='line_1_26' title="bbox 188 1623 1662 1666; baseline -0.001 -12"><span class='ocrx_word' id='word_1_287' title='bbox 188 1623 282 1654; x_wconf 87' lang='lat' dir='ltr'>aliter</span> <span class='ocrx_word' id='word_1_288' title='bbox 304 1633 399 1666; x_wconf 91' lang='lat' dir='ltr'>quam</span> <span class='ocrx_word' id='word_1_289' title='bbox 421 1624 518 1656; x_wconf 88' lang='lat' dir='ltr'>duces</span> <span class='ocrx_word' id='word_1_290' title='bbox 541 1625 698 1656; x_wconf 84' lang='lat' dir='ltr'>exercitus</span> <span class='ocrx_word' id='word_1_291' title='bbox 718 1624 876 1666; x_wconf 87' lang='lat' dir='ltr'>eligantur</span> <span class='ocrx_word' id='word_1_292' title='bbox 891 1629 923 1656; x_wconf 90' lang='lat' dir='ltr'>et</span> <span class='ocrx_word' id='word_1_293' title='bbox 936 1624 1186 1666; x_wconf 87' lang='lat' dir='ltr'>comprobentur.</span> <span class='ocrx_word' id='word_1_294' title='bbox 1201 1629 1296 1666; x_wconf 87' lang='lat' dir='ltr'>atque</span> <span class='ocrx_word' id='word_1_295' title='bbox 1311 1624 1380 1655; x_wconf 88' lang='lat' dir='ltr'>haec</span> <span class='ocrx_word' id='word_1_296' title='bbox 1395 1624 1428 1654; x_wconf 91' lang='lat' dir='ltr'>in</span> <span class='ocrx_word' id='word_1_297' title='bbox 1443 1623 1537 1654; x_wconf 78' lang='lat' dir='ltr'>rebus</span> <span class='ocrx_word' id='word_1_298' title='bbox 1552 1623 1662 1659; x_wconf 85' lang='lat' dir='ltr'>sacris,</span> 
     </span>
     <span class='ocr_line' id='line_1_27' title="bbox 188 1676 1660 1721; baseline 0 -13"><span class='ocrx_word' id='word_1_299' title='bbox 188 1682 225 1708; x_wconf 92' lang='lat' dir='ltr'>ut</span> <span class='ocrx_word' id='word_1_300' title='bbox 245 1678 390 1715; x_wconf 82' lang='lat' dir='ltr'>diximus,</span> <span class='ocrx_word' id='word_1_301' title='bbox 414 1684 611 1721; x_wconf 85' lang='lat' dir='ltr'>paragantur.</span> <span class='ocrx_word' id='word_1_302' title='bbox 634 1679 753 1710; x_wconf 88' lang='lat' dir='ltr'>Danda</span> <span class='ocrx_word' id='word_1_303' title='bbox 776 1689 849 1711; x_wconf 88' lang='lat' dir='ltr'>vero</span> <span class='ocrx_word' id='word_1_304' title='bbox 870 1689 968 1721; x_wconf 88' lang='lat' dir='ltr'>opera</span> <span class='ocrx_word' id='word_1_305' title='bbox 990 1684 1049 1716; x_wconf 86' lang='lat' dir='ltr'>est,</span> <span class='ocrx_word' id='word_1_306' title='bbox 1073 1686 1118 1715; x_wconf 89' lang='lat' dir='ltr'>ut,</span> <span class='ocrx_word' id='word_1_307' title='bbox 1142 1678 1247 1720; x_wconf 89' lang='lat' dir='ltr'>quoad</span> <span class='ocrx_word' id='word_1_308' title='bbox 1270 1679 1336 1710; x_wconf 85' lang='lat' dir='ltr'>fieri</span> <span class='ocrx_word' id='word_1_309' title='bbox 1361 1683 1480 1721; x_wconf 88' lang='lat' dir='ltr'>potest,</span> <span class='ocrx_word' id='word_1_310' title='bbox 1495 1678 1575 1708; x_wconf 89' lang='lat' dir='ltr'>nihil</span> <span class='ocrx_word' id='word_1_311' title='bbox 1591 1676 1660 1709; x_wconf 86' lang='lat' dir='ltr'>sine</span> 
     </span>
     <span class='ocr_line' id='line_1_28' title="bbox 188 1732 1665 1775; baseline -0.001 -12"><span class='ocrx_word' id='word_1_312' title='bbox 188 1732 334 1764; x_wconf 76' lang='lat' dir='ltr'>custodia</span> <span class='ocrx_word' id='word_1_313' title='bbox 355 1733 407 1764; x_wconf 87' lang='lat' dir='ltr'>sit.</span> <span class='ocrx_word' id='word_1_314' title='bbox 430 1733 592 1764; x_wconf 86' lang='lat' dir='ltr'>civitatem</span> <span class='ocrx_word' id='word_1_315' title='bbox 614 1733 744 1775; x_wconf 90' lang='lat' dir='ltr'>quidem</span> <span class='ocrx_word' id='word_1_316' title='bbox 765 1738 875 1765; x_wconf 86' lang='lat' dir='ltr'>curent</span> <span class='ocrx_word' id='word_1_317' title='bbox 895 1733 1051 1765; x_wconf 86' lang='lat' dir='ltr'>exercitus</span> <span class='ocrx_word' id='word_1_318' title='bbox 1067 1732 1175 1769; x_wconf 83' lang='lat' dir='ltr'>duces,</span> <span class='ocrx_word' id='word_1_319' title='bbox 1191 1733 1338 1764; x_wconf 80' lang='lat' dir='ltr'>ordinum</span> <span class='ocrx_word' id='word_1_320' title='bbox 1353 1732 1508 1774; x_wconf 85' lang='lat' dir='ltr'>praefecti,</span> <span class='ocrx_word' id='word_1_321' title='bbox 1524 1732 1665 1773; x_wconf 85' lang='lat' dir='ltr'>magistri</span> 
     </span>
     <span class='ocr_line' id='line_1_29' title="bbox 188 1786 1663 1829; baseline 0 -12"><span class='ocrx_word' id='word_1_322' title='bbox 188 1787 342 1828; x_wconf 85' lang='lat' dir='ltr'>equitum,</span> <span class='ocrx_word' id='word_1_323' title='bbox 375 1787 501 1824; x_wconf 83' lang='lat' dir='ltr'>tribuni,</span> <span class='ocrx_word' id='word_1_324' title='bbox 525 1787 647 1819; x_wconf 87' lang='lat' dir='ltr'>consilii</span> <span class='ocrx_word' id='word_1_325' title='bbox 669 1786 840 1829; x_wconf 75' lang='lat' dir='ltr'>principeS,</span> <span class='ocrx_word' id='word_1_326' title='bbox 865 1786 975 1818; x_wconf 90' lang='lat' dir='ltr'>aediles</span> <span class='ocrx_word' id='word_1_327' title='bbox 997 1792 1092 1829; x_wconf 85' lang='lat' dir='ltr'>atque</span> <span class='ocrx_word' id='word_1_328' title='bbox 1116 1797 1272 1824; x_wconf 88' lang='lat' dir='ltr'>censores,</span> <span class='ocrx_word' id='word_1_329' title='bbox 1294 1792 1463 1828; x_wconf 83' lang='lat' dir='ltr'>postquam</span> <span class='ocrx_word' id='word_1_330' title='bbox 1484 1786 1582 1817; x_wconf 91' lang='lat' dir='ltr'>electi</span> <span class='ocrx_word' id='word_1_331' title='bbox 1605 1797 1663 1817; x_wconf 89' lang='lat' dir='ltr'>suo</span> 
     </span>
     <span class='ocr_line' id='line_1_30' title="bbox 187 1840 1665 1884; baseline -0.001 -12"><span class='ocrx_word' id='word_1_332' title='bbox 187 1841 299 1873; x_wconf 89' lang='lat' dir='ltr'>ordine</span> <span class='ocrx_word' id='word_1_333' title='bbox 320 1841 449 1873; x_wconf 85' lang='lat' dir='ltr'>fuerint.</span> <span class='ocrx_word' id='word_1_334' title='bbox 469 1841 595 1884; x_wconf 86' lang='lat' dir='ltr'>reliqua</span> <span class='ocrx_word' id='word_1_335' title='bbox 617 1843 705 1883; x_wconf 83' lang='lat' dir='ltr'>regio</span> <span class='ocrx_word' id='word_1_336' title='bbox 729 1842 773 1873; x_wconf 88' lang='lat' dir='ltr'>ita</span> <span class='ocrx_word' id='word_1_337' title='bbox 787 1842 992 1873; x_wconf 78' lang='lat' dir='ltr'>custodiatur.</span> <span class='ocrx_word' id='word_1_338' title='bbox 1015 1841 1181 1873; x_wconf 83' lang='lat' dir='ltr'>duodecim</span> <span class='ocrx_word' id='word_1_339' title='bbox 1196 1842 1228 1873; x_wconf 92' lang='lat' dir='ltr'>in</span> <span class='ocrx_word' id='word_1_340' title='bbox 1243 1846 1350 1883; x_wconf 84' lang='lat' dir='ltr'>partes</span> <span class='ocrx_word' id='word_1_341' title='bbox 1367 1842 1504 1883; x_wconf 80' lang='lat' dir='ltr'>aequales</span> <span class='ocrx_word' id='word_1_342' title='bbox 1518 1851 1576 1883; x_wconf 88' lang='lat' dir='ltr'>pro</span> <span class='ocrx_word' id='word_1_343' title='bbox 1590 1840 1665 1871; x_wconf 88' lang='lat' dir='ltr'>viri-</span> 
     </span>
     <span class='ocr_line' id='line_1_31' title="bbox 189 1895 1665 1938; baseline 0 -12"><span class='ocrx_word' id='word_1_344' title='bbox 189 1895 247 1926; x_wconf 85' lang='lat' dir='ltr'>bus</span> <span class='ocrx_word' id='word_1_345' title='bbox 267 1895 355 1938; x_wconf 85' lang='lat' dir='ltr'>regio</span> <span class='ocrx_word' id='word_1_346' title='bbox 373 1900 443 1927; x_wconf 89' lang='lat' dir='ltr'>tota</span> <span class='ocrx_word' id='word_1_347' title='bbox 465 1896 565 1927; x_wconf 88' lang='lat' dir='ltr'>divisa</span> <span class='ocrx_word' id='word_1_348' title='bbox 588 1896 659 1927; x_wconf 86' lang='lat' dir='ltr'>fuit.</span> <span class='ocrx_word' id='word_1_349' title='bbox 679 1906 744 1928; x_wconf 86' lang='lat' dir='ltr'>una</span> <span class='ocrx_word' id='word_1_350' title='bbox 764 1896 872 1938; x_wconf 88' lang='lat' dir='ltr'>itaque</span> <span class='ocrx_word' id='word_1_351' title='bbox 894 1896 1002 1932; x_wconf 82' lang='lat' dir='ltr'>tribus,</span> <span class='ocrx_word' id='word_1_352' title='bbox 1025 1895 1107 1937; x_wconf 86' lang='lat' dir='ltr'>parti</span> <span class='ocrx_word' id='word_1_353' title='bbox 1130 1895 1262 1927; x_wconf 82' lang='lat' dir='ltr'>cuilibet</span> <span class='ocrx_word' id='word_1_354' title='bbox 1275 1901 1357 1927; x_wconf 87' lang='lat' dir='ltr'>sorte</span> <span class='ocrx_word' id='word_1_355' title='bbox 1373 1895 1459 1932; x_wconf 88' lang='lat' dir='ltr'>data,</span> <span class='ocrx_word' id='word_1_356' title='bbox 1476 1896 1618 1938; x_wconf 90' lang='lat' dir='ltr'>quinque</span> <span class='ocrx_word' id='word_1_357' title='bbox 1630 1895 1665 1926; x_wconf 86' lang='lat' dir='ltr'>in</span> 
     </span>
     <span class='ocr_line' id='line_1_32' title="bbox 190 1949 1666 1992; baseline 0 -11"><span class='ocrx_word' id='word_1_358' title='bbox 190 1959 311 1981; x_wconf 87' lang='lat' dir='ltr'>annum</span> <span class='ocrx_word' id='word_1_359' title='bbox 333 1950 422 1992; x_wconf 88' lang='lat' dir='ltr'>quasi</span> <span class='ocrx_word' id='word_1_360' title='bbox 437 1961 581 1992; x_wconf 87' lang='lat' dir='ltr'>agrorum</span> <span class='ocrx_word' id='word_1_361' title='bbox 594 1956 752 1982; x_wconf 85' lang='lat' dir='ltr'>curatores</span> <span class='ocrx_word' id='word_1_362' title='bbox 767 1951 965 1992; x_wconf 81' lang='lat' dir='ltr'>tribuumque</span> <span class='ocrx_word' id='word_1_363' title='bbox 979 1950 1139 1992; x_wconf 83' lang='lat' dir='ltr'>principes</span> <span class='ocrx_word' id='word_1_364' title='bbox 1154 1949 1293 1992; x_wconf 80' lang='lat' dir='ltr'>deligat:</span> <span class='ocrx_word' id='word_1_365' title='bbox 1317 1960 1448 1992; x_wconf 88' lang='lat' dir='ltr'>quorum</span> <span class='ocrx_word' id='word_1_366' title='bbox 1462 1950 1595 1992; x_wconf 85' lang='lat' dir='ltr'>quisque</span> <span class='ocrx_word' id='word_1_367' title='bbox 1608 1959 1666 1981; x_wconf 76' lang='lat' dir='ltr'>sua</span> 
     </span>
     <span class='ocr_line' id='line_1_33' title="bbox 189 2004 1668 2047; baseline 0 -12"><span class='ocrx_word' id='word_1_368' title='bbox 189 2014 227 2035; x_wconf 84' lang='lat' dir='ltr'>ex</span> <span class='ocrx_word' id='word_1_369' title='bbox 248 2004 332 2035; x_wconf 89' lang='lat' dir='ltr'>tribu</span> <span class='ocrx_word' id='word_1_370' title='bbox 354 2004 520 2036; x_wconf 89' lang='lat' dir='ltr'>duodecim</span> <span class='ocrx_word' id='word_1_371' title='bbox 539 2005 676 2047; x_wconf 86' lang='lat' dir='ltr'>juvenes</span> <span class='ocrx_word' id='word_1_372' title='bbox 697 2005 824 2043; x_wconf 83' lang='lat' dir='ltr'>habeat,</span> <span class='ocrx_word' id='word_1_373' title='bbox 847 2015 911 2037; x_wconf 90' lang='lat' dir='ltr'>non</span> <span class='ocrx_word' id='word_1_374' title='bbox 933 2004 1064 2036; x_wconf 85' lang='lat' dir='ltr'>minoris</span> <span class='ocrx_word' id='word_1_375' title='bbox 1087 2005 1188 2036; x_wconf 86' lang='lat' dir='ltr'>aetatis</span> <span class='ocrx_word' id='word_1_376' title='bbox 1209 2015 1306 2047; x_wconf 87' lang='lat' dir='ltr'>quam</span> <span class='ocrx_word' id='word_1_377' title='bbox 1327 2005 1466 2047; x_wconf 88' lang='lat' dir='ltr'>quinque</span> <span class='ocrx_word' id='word_1_378' title='bbox 1490 2009 1523 2035; x_wconf 88' lang='lat' dir='ltr'>et</span> <span class='ocrx_word' id='word_1_379' title='bbox 1553 2004 1668 2045; x_wconf 80' lang='lat' dir='ltr'>vig-inti</span> 
     </span>
     <span class='ocr_line' id='line_1_34' title="bbox 189 2059 1669 2102; baseline 0 -13"><span class='ocrx_word' id='word_1_380' title='bbox 189 2067 353 2095; x_wconf 80' lang='lat' dir='ltr'>annorum,</span> <span class='ocrx_word' id='word_1_381' title='bbox 387 2069 492 2101; x_wconf 89' lang='lat' dir='ltr'>neqne</span> <span class='ocrx_word' id='word_1_382' title='bbox 524 2059 651 2101; x_wconf 84' lang='lat' dir='ltr'>majoris</span> <span class='ocrx_word' id='word_1_383' title='bbox 673 2071 767 2102; x_wconf 88' lang='lat' dir='ltr'>quam</span> <span class='ocrx_word' id='word_1_384' title='bbox 788 2059 929 2101; x_wconf 84' lang='lat' dir='ltr'>triginta.</span> <span class='ocrx_word' id='word_1_385' title='bbox 951 2060 1002 2091; x_wconf 87' lang='lat' dir='ltr'>his</span> <span class='ocrx_word' id='word_1_386' title='bbox 1023 2059 1154 2101; x_wconf 86' lang='lat' dir='ltr'>singulis</span> <span class='ocrx_word' id='word_1_387' title='bbox 1177 2059 1308 2102; x_wconf 85' lang='lat' dir='ltr'>singulae</span> <span class='ocrx_word' id='word_1_388' title='bbox 1330 2059 1468 2101; x_wconf 85' lang='lat' dir='ltr'>regionis</span> <span class='ocrx_word' id='word_1_389' title='bbox 1489 2063 1596 2101; x_wconf 85' lang='lat' dir='ltr'>partes</span> <span class='ocrx_word' id='word_1_390' title='bbox 1611 2069 1669 2100; x_wconf 86' lang='lat' dir='ltr'>per</span> 
     </span>
     <span class='ocr_line' id='line_1_35' title="bbox 189 2113 1667 2156; baseline 0 -12"><span class='ocrx_word' id='word_1_391' title='bbox 189 2118 305 2144; x_wconf 85' lang='lat' dir='ltr'>sortem</span> <span class='ocrx_word' id='word_1_392' title='bbox 329 2119 492 2145; x_wconf 83' lang='lat' dir='ltr'>menstruo</span> <span class='ocrx_word' id='word_1_393' title='bbox 513 2118 655 2156; x_wconf 86' lang='lat' dir='ltr'>tempore</span> <span class='ocrx_word' id='word_1_394' title='bbox 680 2114 866 2151; x_wconf 80' lang='lat' dir='ltr'>tribuantur,</span> <span class='ocrx_word' id='word_1_395' title='bbox 883 2121 919 2145; x_wconf 88' lang='lat' dir='ltr'>ut</span> <span class='ocrx_word' id='word_1_396' title='bbox 941 2114 1037 2145; x_wconf 86' lang='lat' dir='ltr'>totius</span> <span class='ocrx_word' id='word_1_397' title='bbox 1063 2113 1201 2156; x_wconf 85' lang='lat' dir='ltr'>regionis</span> <span class='ocrx_word' id='word_1_398' title='bbox 1216 2124 1326 2145; x_wconf 87' lang='lat' dir='ltr'>omnes</span> <span class='ocrx_word' id='word_1_399' title='bbox 1348 2113 1494 2156; x_wconf 83' lang='lat' dir='ltr'>peritiam</span> <span class='ocrx_word' id='word_1_400' title='bbox 1518 2114 1667 2145; x_wconf 85' lang='lat' dir='ltr'>habeant.</span> 
     </span>
     <span class='ocr_line' id='line_1_36' title="bbox 189 2167 1667 2211; baseline 0 -13"><span class='ocrx_word' id='word_1_401' title='bbox 189 2167 319 2198; x_wconf 85' lang='lat' dir='ltr'>biennio</span> <span class='ocrx_word' id='word_1_402' title='bbox 335 2172 443 2198; x_wconf 81' lang='lat' dir='ltr'>autem</span> <span class='ocrx_word' id='word_1_403' title='bbox 458 2167 636 2210; x_wconf 84' lang='lat' dir='ltr'>imperandi</span> <span class='ocrx_word' id='word_1_404' title='bbox 651 2174 684 2200; x_wconf 88' lang='lat' dir='ltr'>et</span> <span class='ocrx_word' id='word_1_405' title='bbox 697 2169 898 2200; x_wconf 85' lang='lat' dir='ltr'>custodiendi</span> <span class='ocrx_word' id='word_1_406' title='bbox 914 2179 1021 2200; x_wconf 87' lang='lat' dir='ltr'>curam</span> <span class='ocrx_word' id='word_1_407' title='bbox 1034 2169 1174 2200; x_wconf 84' lang='lat' dir='ltr'>habeant</span> <span class='ocrx_word' id='word_1_408' title='bbox 1186 2168 1347 2211; x_wconf 86' lang='lat' dir='ltr'>principes</span> <span class='ocrx_word' id='word_1_409' title='bbox 1362 2174 1394 2200; x_wconf 87' lang='lat' dir='ltr'>et</span> <span class='ocrx_word' id='word_1_410' title='bbox 1413 2167 1573 2200; x_wconf 86' lang='lat' dir='ltr'>custodes.</span> <span class='ocrx_word' id='word_1_411' title='bbox 1596 2178 1667 2200; x_wconf 90' lang='lat' dir='ltr'>cum</span> 
     </span>
     <span class='ocr_line' id='line_1_37' title="bbox 190 2221 1667 2264; baseline 0.001 -12"><span class='ocrx_word' id='word_1_412' title='bbox 190 2221 327 2262; x_wconf 85' lang='lat' dir='ltr'>primum</span> <span class='ocrx_word' id='word_1_413' title='bbox 349 2227 455 2264; x_wconf 82' lang='lat' dir='ltr'>partes</span> <span class='ocrx_word' id='word_1_414' title='bbox 477 2222 703 2254; x_wconf 86' lang='lat' dir='ltr'>custodiendas</span> <span class='ocrx_word' id='word_1_415' title='bbox 725 2224 827 2255; x_wconf 86' lang='lat' dir='ltr'>sortiti</span> <span class='ocrx_word' id='word_1_416' title='bbox 849 2229 931 2260; x_wconf 76' lang='lat' dir='ltr'>sunt,</span> <span class='ocrx_word' id='word_1_417' title='bbox 947 2234 1004 2264; x_wconf 87' lang='lat' dir='ltr'>per</span> <span class='ocrx_word' id='word_1_418' title='bbox 1018 2232 1145 2254; x_wconf 86' lang='lat' dir='ltr'>menses</span> <span class='ocrx_word' id='word_1_419' title='bbox 1160 2223 1301 2264; x_wconf 78' lang='lat' dir='ltr'>singulos</span> <span class='ocrx_word' id='word_1_420' title='bbox 1315 2224 1386 2255; x_wconf 89' lang='lat' dir='ltr'>loca</span> <span class='ocrx_word' id='word_1_421' title='bbox 1400 2226 1600 2264; x_wconf 85' lang='lat' dir='ltr'>permutent:</span> <span class='ocrx_word' id='word_1_422' title='bbox 1625 2222 1667 2253; x_wconf 89' lang='lat' dir='ltr'>ad</span> 
     </span>
     <span class='ocr_line' id='line_1_38' title="bbox 190 2275 1668 2320; baseline 0.001 -14"><span class='ocrx_word' id='word_1_423' title='bbox 190 2275 365 2316; x_wconf 81' lang='lat' dir='ltr'>proximum</span> <span class='ocrx_word' id='word_1_424' title='bbox 387 2287 543 2318; x_wconf 81' lang='lat' dir='ltr'>quemque</span> <span class='ocrx_word' id='word_1_425' title='bbox 559 2277 674 2314; x_wconf 87' lang='lat' dir='ltr'>locum,</span> <span class='ocrx_word' id='word_1_426' title='bbox 687 2282 721 2309; x_wconf 87' lang='lat' dir='ltr'>et</span> <span class='ocrx_word' id='word_1_427' title='bbox 736 2277 777 2309; x_wconf 86' lang='lat' dir='ltr'>ad</span> <span class='ocrx_word' id='word_1_428' title='bbox 791 2279 953 2309; x_wconf 87' lang='lat' dir='ltr'>dexteram</span> <span class='ocrx_word' id='word_1_429' title='bbox 968 2277 1115 2320; x_wconf 88' lang='lat' dir='ltr'>primum,</span> <span class='ocrx_word' id='word_1_430' title='bbox 1131 2277 1324 2309; x_wconf 82' lang='lat' dir='ltr'>circulariter</span> <span class='ocrx_word' id='word_1_431' title='bbox 1339 2276 1490 2309; x_wconf 85' lang='lat' dir='ltr'>custodiae</span> <span class='ocrx_word' id='word_1_432' title='bbox 1506 2275 1668 2318; x_wconf 87' lang='lat' dir='ltr'>principes</span> 
     </span>
     <span class='ocr_line' id='line_1_39' title="bbox 191 2329 1667 2374; baseline 0.001 -14"><span class='ocrx_word' id='word_1_433' title='bbox 191 2329 320 2360; x_wconf 86' lang='lat' dir='ltr'>ducant.</span> <span class='ocrx_word' id='word_1_434' title='bbox 342 2330 505 2362; x_wconf 82' lang='lat' dir='ltr'>dexteram</span> <span class='ocrx_word' id='word_1_435' title='bbox 526 2341 600 2363; x_wconf 83' lang='lat' dir='ltr'>vero</span> <span class='ocrx_word' id='word_1_436' title='bbox 623 2332 751 2374; x_wconf 81' lang='lat' dir='ltr'>plagam</span> <span class='ocrx_word' id='word_1_437' title='bbox 773 2333 914 2374; x_wconf 81' lang='lat' dir='ltr'>appello,</span> <span class='ocrx_word' id='word_1_438' title='bbox 937 2343 1008 2374; x_wconf 89' lang='lat' dir='ltr'>quae</span> <span class='ocrx_word' id='word_1_439' title='bbox 1031 2332 1130 2363; x_wconf 89' lang='lat' dir='ltr'>solem</span> <span class='ocrx_word' id='word_1_440' title='bbox 1151 2331 1308 2363; x_wconf 85' lang='lat' dir='ltr'>orientem</span> <span class='ocrx_word' id='word_1_441' title='bbox 1329 2336 1464 2373; x_wconf 87' lang='lat' dir='ltr'>spectat.</span> <span class='ocrx_word' id='word_1_442' title='bbox 1493 2331 1611 2362; x_wconf 83' lang='lat' dir='ltr'>deinde</span> <span class='ocrx_word' id='word_1_443' title='bbox 1633 2330 1667 2361; x_wconf 90' lang='lat' dir='ltr'>in</span> 
     </span>
     <span class='ocr_line' id='line_1_40' title="bbox 190 2383 1668 2429; baseline 0.001 -15"><span class='ocrx_word' id='word_1_444' title='bbox 190 2383 289 2414; x_wconf 83' lang='lat' dir='ltr'>altero</span> <span class='ocrx_word' id='word_1_445' title='bbox 305 2393 388 2415; x_wconf 86' lang='lat' dir='ltr'>anno</span> <span class='ocrx_word' id='word_1_446' title='bbox 403 2384 445 2415; x_wconf 87' lang='lat' dir='ltr'>ad</span> <span class='ocrx_word' id='word_1_447' title='bbox 459 2385 616 2416; x_wconf 82' lang='lat' dir='ltr'>sinistram</span> <span class='ocrx_word' id='word_1_448' title='bbox 632 2391 872 2424; x_wconf 88' lang='lat' dir='ltr'>commutentur,</span> <span class='ocrx_word' id='word_1_449' title='bbox 895 2397 936 2418; x_wconf 89' lang='lat' dir='ltr'>ne</span> <span class='ocrx_word' id='word_1_450' title='bbox 953 2387 1088 2428; x_wconf 85' lang='lat' dir='ltr'>regionis</span> <span class='ocrx_word' id='word_1_451' title='bbox 1103 2385 1209 2429; x_wconf 86' lang='lat' dir='ltr'>quoad</span> <span class='ocrx_word' id='word_1_452' title='bbox 1225 2396 1323 2417; x_wconf 88' lang='lat' dir='ltr'>unum</span> <span class='ocrx_word' id='word_1_453' title='bbox 1338 2386 1412 2418; x_wconf 86' lang='lat' dir='ltr'>anni</span> <span class='ocrx_word' id='word_1_454' title='bbox 1427 2391 1552 2426; x_wconf 89' lang='lat' dir='ltr'>tempus</span> <span class='ocrx_word' id='word_1_455' title='bbox 1566 2384 1668 2415; x_wconf 81' lang='lat' dir='ltr'>solum</span> 
     </span>
     <span class='ocr_line' id='line_1_41' title="bbox 192 2438 1670 2483; baseline 0.001 -15"><span class='ocrx_word' id='word_1_456' title='bbox 192 2438 286 2479; x_wconf 85' lang='lat' dir='ltr'>periti</span> <span class='ocrx_word' id='word_1_457' title='bbox 308 2438 383 2476; x_wconf 83' lang='lat' dir='ltr'>sint,</span> <span class='ocrx_word' id='word_1_458' title='bbox 406 2438 464 2470; x_wconf 84' lang='lat' dir='ltr'>sed</span> <span class='ocrx_word' id='word_1_459' title='bbox 481 2444 515 2470; x_wconf 87' lang='lat' dir='ltr'>et</span> <span class='ocrx_word' id='word_1_460' title='bbox 540 2439 614 2481; x_wconf 90' lang='lat' dir='ltr'>quid</span> <span class='ocrx_word' id='word_1_461' title='bbox 629 2439 663 2470; x_wconf 87' lang='lat' dir='ltr'>in</span> <span class='ocrx_word' id='word_1_462' title='bbox 676 2439 817 2481; x_wconf 88' lang='lat' dir='ltr'>quolibet</span> <span class='ocrx_word' id='word_1_463' title='bbox 829 2446 972 2483; x_wconf 85' lang='lat' dir='ltr'>ternpore</span> <span class='ocrx_word' id='word_1_464' title='bbox 989 2441 1021 2472; x_wconf 91' lang='lat' dir='ltr'>in</span> <span class='ocrx_word' id='word_1_465' title='bbox 1038 2451 1226 2483; x_wconf 87' lang='lat' dir='ltr'>quacunque</span> <span class='ocrx_word' id='word_1_466' title='bbox 1241 2441 1376 2483; x_wconf 84' lang='lat' dir='ltr'>regionis</span> <span class='ocrx_word' id='word_1_467' title='bbox 1389 2445 1479 2483; x_wconf 78' lang='lat' dir='ltr'>parte</span> <span class='ocrx_word' id='word_1_468' title='bbox 1493 2439 1670 2481; x_wconf 85' lang='lat' dir='ltr'>contingat,</span> 
     </span>
     <span class='ocr_line' id='line_1_42' title="bbox 192 2493 1669 2538; baseline 0.001 -15"><span class='ocrx_word' id='word_1_469' title='bbox 192 2497 376 2534; x_wconf 87' lang='lat' dir='ltr'>agnoscant.</span> <span class='ocrx_word' id='word_1_470' title='bbox 399 2493 491 2524; x_wconf 78' lang='lat' dir='ltr'>tertio</span> <span class='ocrx_word' id='word_1_471' title='bbox 505 2497 610 2524; x_wconf 79' lang='lat' dir='ltr'>autern</span> <span class='ocrx_word' id='word_1_472' title='bbox 626 2503 709 2525; x_wconf 84' lang='lat' dir='ltr'>anno</span> <span class='ocrx_word' id='word_1_473' title='bbox 722 2494 862 2537; x_wconf 89' lang='lat' dir='ltr'>quinque</span> <span class='ocrx_word' id='word_1_474' title='bbox 877 2496 931 2527; x_wconf 89' lang='lat' dir='ltr'>alii</span> <span class='ocrx_word' id='word_1_475' title='bbox 945 2507 1085 2538; x_wconf 86' lang='lat' dir='ltr'>agrorum</span> <span class='ocrx_word' id='word_1_476' title='bbox 1102 2501 1136 2527; x_wconf 86' lang='lat' dir='ltr'>et</span> <span class='ocrx_word' id='word_1_477' title='bbox 1151 2495 1304 2527; x_wconf 79' lang='lat' dir='ltr'>custodiae</span> <span class='ocrx_word' id='word_1_478' title='bbox 1319 2495 1482 2538; x_wconf 86' lang='lat' dir='ltr'>principes</span> <span class='ocrx_word' id='word_1_479' title='bbox 1497 2504 1516 2526; x_wconf 80' lang='lat' dir='ltr'>a</span> <span class='ocrx_word' id='word_1_480' title='bbox 1528 2493 1669 2536; x_wconf 85' lang='lat' dir='ltr'>primati·</span> 
     </span>
     <span class='ocr_line' id='line_1_43' title="bbox 194 2547 1670 2592; baseline 0.002 -15"><span class='ocrx_word' id='word_1_481' title='bbox 194 2547 253 2578; x_wconf 91' lang='lat' dir='ltr'>bus</span> <span class='ocrx_word' id='word_1_482' title='bbox 266 2547 402 2579; x_wconf 82' lang='lat' dir='ltr'>tribuum</span> <span class='ocrx_word' id='word_1_483' title='bbox 418 2547 608 2589; x_wconf 85' lang='lat' dir='ltr'>deligantur,</span> <span class='ocrx_word' id='word_1_484' title='bbox 623 2548 761 2590; x_wconf 84' lang='lat' dir='ltr'>ipsorum</span> <span class='ocrx_word' id='word_1_485' title='bbox 777 2549 943 2582; x_wconf 88' lang='lat' dir='ltr'>duodecim</span> <span class='ocrx_word' id='word_1_486' title='bbox 957 2557 1125 2582; x_wconf 79' lang='lat' dir='ltr'>curatores.</span> <span class='ocrx_word' id='word_1_487' title='bbox 1147 2559 1222 2582; x_wconf 89' lang='lat' dir='ltr'>cura</span> <span class='ocrx_word' id='word_1_488' title='bbox 1238 2559 1311 2581; x_wconf 84' lang='lat' dir='ltr'>vero</span> <span class='ocrx_word' id='word_1_489' title='bbox 1326 2554 1359 2582; x_wconf 87' lang='lat' dir='ltr'>et</span> <span class='ocrx_word' id='word_1_490' title='bbox 1374 2559 1474 2592; x_wconf 85' lang='lat' dir='ltr'>opera</span> <span class='ocrx_word' id='word_1_491' title='bbox 1487 2548 1621 2591; x_wconf 86' lang='lat' dir='ltr'>singulis</span> <span class='ocrx_word' id='word_1_492' title='bbox 1635 2548 1670 2580; x_wconf 82' lang='lat' dir='ltr'>in</span> 
     </span>
     <span class='ocr_line' id='line_1_44' title="bbox 193 2601 1671 2654; baseline 0.001 -21"><span class='ocrx_word' id='word_1_493' title='bbox 193 2601 272 2633; x_wconf 90' lang='lat' dir='ltr'>locis</span> <span class='ocrx_word' id='word_1_494' title='bbox 285 2602 356 2634; x_wconf 80' lang='lat' dir='ltr'>talis</span> <span class='ocrx_word' id='word_1_495' title='bbox 369 2602 430 2634; x_wconf 82' lang='lat' dir='ltr'>sit:</span> <span class='ocrx_word' id='word_1_496' title='bbox 454 2602 598 2645; x_wconf 89' lang='lat' dir='ltr'>primum,</span> <span class='ocrx_word' id='word_1_497' title='bbox 615 2607 651 2634; x_wconf 90' lang='lat' dir='ltr'>ut</span> <span class='ocrx_word' id='word_1_498' title='bbox 662 2613 757 2645; x_wconf 81' lang='lat' dir='ltr'>quam</span> <span class='ocrx_word' id='word_1_499' title='bbox 768 2604 904 2637; x_wconf 83' lang='lat' dir='ltr'>maxime</span> <span class='ocrx_word' id='word_1_500' title='bbox 914 2605 1064 2638; x_wconf 77' lang='lat' dir='ltr'>adversus</span> <span class='ocrx_word' id='word_1_501' title='bbox 1075 2605 1212 2637; x_wconf 87' lang='lat' dir='ltr'>hostium</span> <span class='ocrx_word' id='word_1_502' title='bbox 1223 2605 1377 2654; x_wconf 78' lang='lat' dir='ltr'>impetum</span> <span class='ocrx_word' id='word_1_503' title='bbox 1389 2604 1474 2646; x_wconf 85' lang='lat' dir='ltr'>regio</span> <span class='ocrx_word' id='word_1_504' title='bbox 1485 2604 1604 2635; x_wconf 85' lang='lat' dir='ltr'>munita</span> <span class='ocrx_word' id='word_1_505' title='bbox 1616 2603 1671 2650; x_wconf 64' lang='lat' dir='ltr'>sit,</span> 
     </span>
     <span class='ocr_line' id='line_1_45' title="bbox 193 2656 1670 2703; baseline -0.001 -13"><span class='ocrx_word' id='word_1_506' title='bbox 193 2656 303 2698; x_wconf 80' lang='lat' dir='ltr'>foveis,</span> <span class='ocrx_word' id='word_1_507' title='bbox 314 2657 495 2699; x_wconf 88' lang='lat' dir='ltr'>ubicunque</span> <span class='ocrx_word' id='word_1_508' title='bbox 513 2668 593 2700; x_wconf 85' lang='lat' dir='ltr'>opus</span> <span class='ocrx_word' id='word_1_509' title='bbox 606 2658 659 2695; x_wconf 81' lang='lat' dir='ltr'>sit,</span> <span class='ocrx_word' id='word_1_510' title='bbox 673 2657 807 2697; x_wconf 75' lang='lat' dir='ltr'>effossis,</span> <span class='ocrx_word' id='word_1_511' title='bbox 822 2659 1018 2703; x_wconf 87' lang='lat' dir='ltr'>turribusque</span> <span class='ocrx_word' id='word_1_512' title='bbox 1034 2664 1068 2691; x_wconf 89' lang='lat' dir='ltr'>et</span> <span class='ocrx_word' id='word_1_513' title='bbox 1084 2659 1228 2691; x_wconf 89' lang='lat' dir='ltr'>claustris</span> <span class='ocrx_word' id='word_1_514' title='bbox 1238 2669 1296 2701; x_wconf 91' lang='lat' dir='ltr'>pro</span> <span class='ocrx_word' id='word_1_515' title='bbox 1308 2659 1424 2691; x_wconf 82' lang='lat' dir='ltr'>viribus</span> <span class='ocrx_word' id='word_1_516' title='bbox 1436 2657 1670 2694; x_wconf 83' lang='lat' dir='ltr'>circumductis,</span> 
     </span>
     <span class='ocr_line' id='line_1_46' title="bbox 195 2711 1671 2757; baseline 0.001 -16"><span class='ocrx_word' id='word_1_517' title='bbox 195 2719 309 2742; x_wconf 83' lang='lat' dir='ltr'>nocere</span> <span class='ocrx_word' id='word_1_518' title='bbox 331 2711 475 2743; x_wconf 87' lang='lat' dir='ltr'>volentes</span> <span class='ocrx_word' id='word_1_519' title='bbox 497 2718 638 2744; x_wconf 85' lang='lat' dir='ltr'>arceant.</span> <span class='ocrx_word' id='word_1_520' title='bbox 661 2713 701 2744; x_wconf 85' lang='lat' dir='ltr'>ad</span> <span class='ocrx_word' id='word_1_521' title='bbox 724 2714 793 2745; x_wconf 82' lang='lat' dir='ltr'>haec</span> <span class='ocrx_word' id='word_1_522' title='bbox 813 2714 923 2757; x_wconf 87' lang='lat' dir='ltr'>utique</span> <span class='ocrx_word' id='word_1_523' title='bbox 937 2713 1085 2746; x_wconf 76' lang='lat' dir='ltr'>facienda</span> <span class='ocrx_word' id='word_1_524' title='bbox 1100 2714 1318 2757; x_wconf 83' lang='lat' dir='ltr'>subjugalibus</span> <span class='ocrx_word' id='word_1_525' title='bbox 1333 2714 1495 2756; x_wconf 86' lang='lat' dir='ltr'>servisque</span> <span class='ocrx_word' id='word_1_526' title='bbox 1510 2712 1671 2754; x_wconf 81' lang='lat' dir='ltr'>indigenis</span> 
     </span>
     <span class='ocr_line' id='line_1_47' title="bbox 197 2766 1666 2812; baseline 0.002 -17"><span class='ocrx_word' id='word_1_527' title='bbox 197 2767 334 2802; x_wconf 75' lang='lat' dir='ltr'>utantur,</span> <span class='ocrx_word' id='word_1_528' title='bbox 350 2766 476 2808; x_wconf 87' lang='lat' dir='ltr'>quando</span> <span class='ocrx_word' id='word_1_529' title='bbox 492 2767 620 2799; x_wconf 86' lang='lat' dir='ltr'>minime</span> <span class='ocrx_word' id='word_1_530' title='bbox 636 2768 670 2799; x_wconf 81' lang='lat' dir='ltr'>in</span> <span class='ocrx_word' id='word_1_531' title='bbox 686 2768 750 2800; x_wconf 82' lang='lat' dir='ltr'>suis</span> <span class='ocrx_word' id='word_1_532' title='bbox 766 2769 912 2810; x_wconf 80' lang='lat' dir='ltr'>operibus</span> <span class='ocrx_word' id='word_1_533' title='bbox 924 2773 1137 2811; x_wconf 83' lang='lat' dir='ltr'>occupantur:</span> <span class='ocrx_word' id='word_1_534' title='bbox 1162 2769 1260 2812; x_wconf 80' lang='lat'>[761]</span> <span class='ocrx_word' id='word_1_535' title='bbox 1286 2769 1455 2801; x_wconf 89' lang='lat' dir='ltr'>nonnullos</span> <span class='ocrx_word' id='word_1_536' title='bbox 1470 2767 1549 2810; x_wconf 85' lang='lat' dir='ltr'>ipsis</span> <span class='ocrx_word' id='word_1_537' title='bbox 1564 2766 1666 2809; x_wconf 81' lang='lat' dir='ltr'>praefi-</span> 
     </span>
     <span class='ocr_line' id='line_1_48' title="bbox 196 2818 1669 2868; baseline 0.001 -19"><span class='ocrx_word' id='word_1_538' title='bbox 196 2818 315 2851; x_wconf 83' lang='lat' dir='ltr'>cientes</span> <span class='ocrx_word' id='word_1_539' title='bbox 337 2821 408 2853; x_wconf 82' lang='lat' dir='ltr'>loca</span> <span class='ocrx_word' id='word_1_540' title='bbox 429 2822 535 2854; x_wconf 87' lang='lat' dir='ltr'>omnia</span> <span class='ocrx_word' id='word_1_541' title='bbox 556 2822 601 2854; x_wconf 88' lang='lat' dir='ltr'>ita</span> <span class='ocrx_word' id='word_1_542' title='bbox 623 2822 805 2865; x_wconf 87' lang='lat' dir='ltr'>disponant,</span> <span class='ocrx_word' id='word_1_543' title='bbox 827 2829 863 2856; x_wconf 84' lang='lat' dir='ltr'>ut</span> <span class='ocrx_word' id='word_1_544' title='bbox 877 2834 934 2868; x_wconf 87' lang='lat' dir='ltr'>per</span> <span class='ocrx_word' id='word_1_545' title='bbox 949 2834 987 2855; x_wconf 84' lang='lat' dir='ltr'>ea</span> <span class='ocrx_word' id='word_1_546' title='bbox 1003 2823 1130 2855; x_wconf 86' lang='lat' dir='ltr'>difficile</span> <span class='ocrx_word' id='word_1_547' title='bbox 1145 2823 1277 2855; x_wconf 79' lang='lat' dir='ltr'>transire</span> <span class='ocrx_word' id='word_1_548' title='bbox 1290 2823 1412 2855; x_wconf 88' lang='lat' dir='ltr'>inimici</span> <span class='ocrx_word' id='word_1_549' title='bbox 1426 2822 1559 2866; x_wconf 88' lang='lat' dir='ltr'>possint,</span> <span class='ocrx_word' id='word_1_550' title='bbox 1575 2819 1669 2851; x_wconf 85' lang='lat' dir='ltr'>amici</span> 
     </span>
     <span class='ocr_line' id='line_1_49' title="bbox 196 2874 1668 2921; baseline 0.001 -17"><span class='ocrx_word' id='word_1_551' title='bbox 196 2883 270 2904; x_wconf 87' lang='lat' dir='ltr'>vero</span> <span class='ocrx_word' id='word_1_552' title='bbox 285 2875 437 2914; x_wconf 77' lang='lat' dir='ltr'>homines,</span> <span class='ocrx_word' id='word_1_553' title='bbox 454 2877 606 2919; x_wconf 86' lang='lat' dir='ltr'>pecudes,</span> <span class='ocrx_word' id='word_1_554' title='bbox 619 2877 742 2920; x_wconf 83' lang='lat' dir='ltr'>jugalia</span> <span class='ocrx_word' id='word_1_555' title='bbox 758 2878 851 2910; x_wconf 77' lang='lat' dir='ltr'>facile</span> <span class='ocrx_word' id='word_1_556' title='bbox 866 2890 876 2918; x_wconf 82' lang='lat'>3</span> <span class='ocrx_word' id='word_1_557' title='bbox 899 2879 1014 2921; x_wconf 83' lang='lat' dir='ltr'>quibus</span> <span class='ocrx_word' id='word_1_558' title='bbox 1028 2878 1160 2910; x_wconf 85' lang='lat' dir='ltr'>maxime</span> <span class='ocrx_word' id='word_1_559' title='bbox 1176 2878 1286 2921; x_wconf 83' lang='lat' dir='ltr'>pervia</span> <span class='ocrx_word' id='word_1_560' title='bbox 1298 2877 1386 2920; x_wconf 82' lang='lat' dir='ltr'>regio</span> <span class='ocrx_word' id='word_1_561' title='bbox 1397 2878 1462 2908; x_wconf 81' lang='lat' dir='ltr'>fiat.</span> <span class='ocrx_word' id='word_1_562' title='bbox 1486 2874 1668 2916; x_wconf 81' lang='lat' dir='ltr'>diligenter-</span> 
     </span>
     <span class='ocr_line' id='line_1_50' title="bbox 196 2929 1668 2975; baseline -0.008 -5"><span class='ocrx_word' id='word_1_563' title='bbox 196 2937 258 2969; x_wconf 67' lang='lat' dir='ltr'>que</span> <span class='ocrx_word' id='word_1_564' title='bbox 281 2936 458 2970; x_wconf 66' lang='lat' dir='ltr'>procurem,</span> <span class='ocrx_word' id='word_1_565' title='bbox 481 2934 515 2963; x_wconf 86' lang='lat' dir='ltr'>ut</span> <span class='ocrx_word' id='word_1_566' title='bbox 537 2931 691 2973; x_wconf 86' lang='lat' dir='ltr'>pluviales</span> <span class='ocrx_word' id='word_1_567' title='bbox 713 2944 802 2975; x_wconf 70' lang='lat' dir='ltr'>aquae</span> <span class='ocrx_word' id='word_1_568' title='bbox 817 2943 880 2966; x_wconf 88' lang='lat' dir='ltr'>non</span> <span class='ocrx_word' id='word_1_569' title='bbox 895 2934 996 2966; x_wconf 87' lang='lat' dir='ltr'>solum</span> <span class='ocrx_word' id='word_1_570' title='bbox 1012 2944 1074 2966; x_wconf 89' lang='lat' dir='ltr'>non</span> <span class='ocrx_word' id='word_1_571' title='bbox 1089 2939 1236 2970; x_wconf 82' lang='lat' dir='ltr'>noceant,</span> <span class='ocrx_word' id='word_1_572' title='bbox 1254 2943 1359 2964; x_wconf 83' lang='lat' dir='ltr'>verum</span> <span class='ocrx_word' id='word_1_573' title='bbox 1382 2931 1477 2962; x_wconf 74' lang='lat' dir='ltr'>etiam</span> <span class='ocrx_word' id='word_1_574' title='bbox 1493 2929 1668 2965; x_wconf 70' lang='lat' dir='ltr'>conserant,</span> 
     </span>
    </p>
   </div>
  </div>
 </body>
</html>
