1840 3225
617 789 1067 868 THEAGEs

431 1111 736 1153 DEMODOCUS,
760 1111 1008 1154 SOCRATES,
1032 1111 1257 1144 THRACES.

110 1377 209 1419 [121]
234 1375 453 1417 INDmnnAM,
471 1387 489 1407 o
517 1375 673 1412 Socrates,
695 1375 841 1416 quaedam
868 1375 1014 1417 privatim
1040 1379 1142 1406 tecum
1159 1378 1401 1417 communicare,
1417 1380 1443 1412 si
1459 1381 1586 1423 quidem

111 1433 209 1464 otium
224 1431 317 1468 adsit,
341 1431 389 1461 vel
406 1431 429 1461 si
454 1430 494 1461 sit
516 1429 690 1471 negotium,
716 1441 819 1471 neque
842 1430 873 1461 id
903 1441 1074 1472 magnum:
1100 1431 1191 1462 velim
1220 1437 1323 1463 tamen
1348 1444 1416 1465 mea
1437 1446 1533 1467 causa
1557 1441 1587 1467 te

113 1486 211 1520 otium
235 1496 336 1527 agere.
383 1485 439 1516 So.
462 1484 618 1526 Equidem
643 1485 762 1515 otiosus
788 1496 879 1525 sum3
904 1486 958 1516 sed
986 1485 1031 1516 tui
1056 1496 1151 1516 causa
1176 1486 1319 1518 maxime.
1364 1487 1398 1518 Si
1420 1489 1495 1531 quid
1513 1500 1586 1530 ergo

111 1540 215 1572 dicere
232 1540 289 1577 vis,
305 1540 389 1572 licet.
436 1539 504 1570 DE.
530 1538 588 1570 Vis
603 1549 676 1580 ergo
693 1539 874 1570 secedamus
891 1540 952 1570 lmc
966 1539 998 1569 in
1016 1540 1187 1581 proximam
1199 1540 1287 1572 Jovis
1304 1541 1474 1573 liberatoris
1491 1544 1588 1584 porti·

112 1605 183 1626 cum
198 1595 208 1624 ?
254 1594 310 1626 So.
336 1593 381 1625 Ut
397 1594 495 1625 lubet.
540 1593 607 1625 DE.
631 1593 746 1624 Eamus
762 1604 848 1635 ergo,
864 1605 882 1624 ο
897 1594 1051 1627 Socrates.
1077 1594 1195 1625 Omnes
1208 1595 1334 1636 quidem
1348 1597 1462 1637 plantae
1475 1598 1586 1628 eodem

115 1659 148 1680 se
164 1649 258 1679 modo
273 1648 387 1679 habere
413 1648 570 1685 videntur,
587 1652 619 1678 et
634 1658 703 1688 quae
721 1648 848 1689 quidem
872 1659 909 1678 ex
926 1653 1004 1679 terra
1028 1648 1180 1685 oriuntur,
1196 1654 1229 1679 et
1244 1649 1391 1681 animalia
1416 1651 1533 1692 omnia,
1555 1656 1587 1682 et

114 1702 254 1733 homines
277 1702 347 1744 ipsi.
371 1702 529 1733 enimvero
552 1701 585 1732 in
614 1702 729 1743 plantis
756 1702 938 1733 facillimum
965 1703 1024 1733 hoc
1053 1707 1099 1733 est
1122 1703 1224 1740 nobis,
1247 1703 1302 1744 qui
1319 1708 1427 1735 terram
1445 1705 1587 1742 colimus,

113 1767 285 1798 praeparare
301 1756 428 1798 quidem
447 1756 551 1786 omnia
567 1760 735 1797 antequam
755 1756 942 1797 plantemus,
960 1761 992 1788 et
1007 1757 1105 1798 ipsam
1123 1757 1215 1788 etiam
1234 1758 1459 1798 plantationem
1477 1772 1483 1790 :
1503 1764 1589 1801 post-

112 1821 206 1852 quam
232 1821 304 1842 vero
328 1811 413 1851 quod
440 1810 614 1852 plantatum
642 1815 702 1850 est,
727 1810 816 1851 vivit,
845 1815 920 1842 tunc
944 1811 1047 1842 cultus
1070 1812 1168 1853 ipsius
1196 1812 1296 1844 varius
1322 1819 1369 1844 est
1383 1819 1415 1844 et
1429 1813 1585 1845 difficilis:

111 1865 288 1905 eodemque
304 1864 397 1895 modo
421 1864 508 1895 etde
531 1864 708 1894 hominibus
732 1864 866 1896 videtur.
913 1864 958 1895 Ex
984 1866 1060 1896 meis
1089 1866 1171 1896 enim
1196 1867 1289 1897 rebus
1311 1873 1414 1898 cetera
1438 1868 1585 1909 conjicio.

114 1917 238 1949 Etenim
255 1919 321 1949 ltaec
338 1918 414 1948 milri
430 1918 491 1949 mei
508 1918 564 1949 filii
580 1919 643 1949 sive
661 1919 828 1960 plantati0‚
844 1930 896 1949 seu
916 1919 971 1949 filii
988 1920 1147 1960 generatio
1164 1921 1354 1962 appellanda
1369 1922 1419 1958 sit,
1446 1922 1584 1953 omnium

110 1971 260 2003 facillin‘ta
276 1972 412 2003 exstitit:
437 1972 584 2004 educatio
607 1978 712 2003 autem
728 1972 876 2014 difficilis,
893 1977 925 2003 ct
951 1983 1073 2014 semper
1089 1974 1120 2003 in
1138 1974 1260 2014 timore,
1285 1975 1450 2006 maximum
1468 1981 1583 2007 metum

115 2026 162 2056 sui
176 2036 270 2058 causa
286 2027 446 2058 subeunti.
492 2026 534 2056 Et
549 2026 610 2057 alia
626 2026 753 2068 quidem
770 2026 868 2057 multa
885 2027 924 2058 de
940 2028 998 2058 hoc
1012 2027 1077 2059 dici
1094 2033 1223 2069 possent
1239 2040 1246 2059 t
1272 2029 1429 2071 prcecipue
1445 2040 1517 2061 vero
1529 2041 1586 2061 cu·

115 2080 242 2121 piditas,
257 2091 328 2122 quae
355 2081 428 2111 huic
444 2091 527 2112 nunc
555 2080 648 2122 inest,
664 2081 863 2113 vehementer
879 2092 927 2113 me
945 2081 1103 2114 sollicitat.
1126 2087 1174 2114 est
1198 2082 1281 2114 enim
1303 2093 1365 2114 non
1388 2084 1586 2126 ingenerosa‚

116 2145 220 2166 verum
245 2135 325 2172 talis,
341 2139 376 2165 ut
391 2135 496 2166 fallere
521 2134 630 2176 possit.
676 2135 776 2176 Cupit
802 2135 886 2167 enim
913 2135 976 2173 hic,
1003 2147 1022 2166 o
1050 2136 1204 2174 Socrates,
1232 2142 1267 2167 ut
1291 2137 1359 2179 ipse
1383 2138 1438 2176 ait,
1461 2139 1586 2181 sapiens

115 2188 208 2222 effici.
254 2189 294 2219 Et
312 2194 345 2219 ut
370 2189 445 2220 mihi
461 2189 597 2230 videtur,
613 2189 781 2231 populares
796 2190 924 2231 quidam
941 2190 1010 2231 ejus
1026 2190 1161 2232 {equales
1177 2191 1208 2222 in
1226 2192 1331 2222 urbem
1348 2192 1588 2224 venientessuis

113 2242 307 2274 sermonibus
322 2243 406 2274 hunc
424 2244 623 2274 veliementer
639 2243 860 2281 incitaverunt,
877 2255 954 2285 quos
971 2245 1022 2276 hic
1046 2245 1184 2276 aemulari
1200 2246 1306 2288 coepit,
1321 2251 1352 2278 et
1370 2247 1586 2289 milrijampri-

113 2297 186 2328 dem
202 2297 350 2328 molestus
367 2302 424 2335 est,
440 2297 486 2328 fas
502 2308 568 2328 esse
586 2303 711 2339 putans,
726 2309 776 2329 me
790 2298 876 2329 illius
893 2309 996 2330 curam
1014 2298 1182 2341 suscipere,
1200 2311 1236 2331 ac
1254 2301 1419 2342 pecuniam
1437 2302 1585 2343 sopliistae

113 2351 223 2389 alicui,
239 2352 292 2394 qui
307 2352 409 2393 ipsum
440 2352 612 2393 sapientem
631 2353 753 2393 reddat,
783 2352 933 2394 praebere.
979 2352 1064 2383 Mihi
1080 2358 1183 2385 autem
1201 2355 1400 2396 pecuniarum
1425 2355 1526 2386 minor
1540 2361 1587 2386 est

113 2416 208 2437 cura:
234 2417 338 2437 verum
355 2408 438 2438 hunc
455 2406 594 2438 existimo
620 2407 716 2449 [122]
742 2408 782 2438 ob
797 2408 859 2438 hoc
875 2407 944 2450 ejus
960 2408 1096 2438 studium
1113 2408 1144 2440 in
1161 2409 1333 2450 periculum
1348 2420 1412 2441 non
1430 2410 1586 2440 mediocre

113 2460 319 2492 incursurum.
364 2460 527 2492 Hactenus
563 2460 660 2502 igitur
686 2461 760 2493 huic
791 2461 910 2499 obstiti,
940 2462 1106 2493 consolans
1122 2475 1129 2494 :
1170 2464 1225 2494 sed
1259 2469 1424 2505 postquam
1455 2463 1584 2494 ulterius

115 2524 250 2555 nequeo,
268 2525 370 2556 operm
388 2516 520 2556 pretium
537 2515 602 2546 sore
618 2516 713 2553 duco,
739 2521 774 2546 ut
788 2516 846 2547 sibi
864 2517 1087 2558 obtemperem,
1104 2528 1143 2548 ne
1167 2518 1233 2548 sine
1251 2528 1299 2548 me
1314 2518 1491 2559 frequenter
1513 2529 1584 2548 eum

113 2568 182 2600 aliis
207 2569 315 2599 vivens
331 2574 554 2610 corrumpatur.
599 2570 696 2602 Nuno
711 2576 814 2602 autem
839 2571 953 2602 adhoc
979 2572 1169 2613 proficiscor,
1195 2578 1229 2602 ut
1252 2582 1323 2602 eum
1346 2573 1430 2613 apud
1447 2572 1583 2614 aliquem

113 2623 321 2664 sophistarum
338 2623 455 2654 sistam.
500 2623 547 2654 Tu
562 2624 658 2665 igitur
674 2630 907 2667 peropportune
924 2625 1012 2656 nobis
1029 2626 1152 2656 obviam
1170 2626 1269 2656 sactus
1285 2636 1330 2662 es,
1347 2636 1439 2667 quem
1455 2627 1581 2668 quidem

112 2677 170 2708 liac
185 2677 219 2708 in
236 2687 267 2708 rc
283 2676 358 2708 milti
375 2676 584 2708 consultorem
601 2678 731 2710 maxime
747 2679 923 2720 cupiebam.
961 2679 1074 2720 Itaque
1091 2679 1115 2709 si
1131 2678 1207 2720 quid
1225 2679 1332 2716 habes,
1347 2680 1431 2721 quod
1450 2680 1524 2710 milii
1549 2680 1579 2710 in

114 2731 162 2768 iis,
179 2741 248 2773 quae
263 2731 390 2771 audisti,
406 2731 566 2763 consulere
582 2742 689 2773 queas,
702 2733 776 2764 licet
786 2739 817 2764 et
832 2733 971 2775 expedit.
1015 2734 1069 2765 So.
1095 2734 1251 2771 Ceterum,
1266 2745 1283 2765 o
1297 2734 1492 2770 Demodoce,
1506 2744 1583 2765 con-

116 2785 218 2817 silium
243 2796 289 2817 res
304 2796 389 2817 sacra
405 2786 540 2817 dicitur:
565 2787 650 2827 quod
678 2787 703 2817 si
726 2797 863 2828 unquam
881 2787 978 2818 ullum
1003 2787 1101 2823 aliud,
1125 2788 1184 2819 lioc
1199 2787 1292 2819 estin
1314 2788 1431 2829 primis,
1455 2788 1495 2818 de
1518 2798 1581 2828 quo

116 2840 239 2881 quaeris.
284 2839 358 2871 Non
375 2840 457 2871 enim
474 2846 521 2872 est
537 2840 672 2872 divinius
697 2841 828 2882 aliquid,
856 2842 896 2873 de
920 2852 983 2883 quo
1007 2842 1100 2872 bomo
1116 2841 1278 2873 consulere
1303 2847 1408 2883 queat,
1431 2843 1581 2883 quamde

117 2894 312 2925 institutione
338 2895 385 2925 sui
401 2900 495 2937 atque
512 2906 648 2928 suorum.
696 2896 835 2928 Primum
859 2896 953 2938 igitur
980 2906 1039 2938 ego
1063 2901 1094 2927 ct
1118 2901 1150 2927 tu
1175 2896 1407 2933 convenianms,
1431 2896 1578 2937 quidnam

120 2953 264 2989 putemus
280 2950 338 2982 hoc
354 2961 432 2989 esse,
449 2951 488 2982 dc
507 2960 570 2993 quo
598 2950 832 2994 consultamus3
855 2962 894 2985 ne
918 2961 1131 2994 saepenumero
1156 2962 1214 2992 ego
1240 2950 1365 2992 quidem
1393 2950 1476 2981 aliud
1505 2949 1582 2980 illud
