1840 3225
259 202 332 240 128
723 212 730 215 -
841 201 1108 243 PLATONIS
1622 208 1718 259 [410

253 320 324 341 cum
354 307 443 338 malis
473 305 583 337 animis
616 311 842 341 conversatum,
878 312 912 337 et
938 306 1054 348 injusta
1083 318 1216 350 quaeque
1246 308 1381 340 facinora
1419 315 1592 352 operatum,
1628 318 1720 342 acute

254 364 392 405 denique
418 373 455 393 cx
482 371 514 392 se
544 361 612 402 ipso
636 360 766 391 aliorum
789 360 904 392 scelera
929 361 1119 402 conjectare,
1143 363 1407 403 quemadmodum
1430 375 1468 395 ex
1494 364 1564 406 ipso
1590 375 1719 406 corpore

256 417 405 448 morbos?
442 426 515 446 num
538 415 694 446 insontem
723 414 826 455 ipsum
854 414 1092 456 imperitumque
1124 416 1273 447 malorum
1306 427 1435 454 morum,
1458 418 1533 448 dum
1559 424 1641 450 esset
1665 418 1720 459 ju-

256 474 354 508 venis,
370 471 522 504 exstitisse
547 474 682 511 oportet,
706 469 733 500 si
759 470 858 500 bonus
882 475 913 500 et
938 470 1088 500 honestus
1110 470 1258 502 exsistens
1278 470 1365 512 justa
1389 471 1508 504 sincere
1532 478 1580 504 est
1596 473 1723 514 judica-

256 527 367 559 turus?
390 529 581 568 quapropter
604 523 738 554 modesti
760 523 911 560 homines,
927 524 1000 554 dum
1024 523 1159 565 juvenes
1186 531 1269 562 sunt,
1286 525 1391 556 stolidi
1413 536 1480 557 esse
1507 525 1664 558 videnturi
1690 533 1722 558 et

257 582 311 624 qui
326 580 419 612 facile
441 580 480 610 ab
502 577 627 620 injustis
654 578 759 619 decipi
774 578 906 619 possint,
922 583 1069 619 tanquam
1094 579 1147 620 qui
1170 589 1234 609 non
1254 580 1391 611 habeant
1404 580 1438 610 in
1459 591 1493 611 se
1508 580 1585 622 ipsis
1599 581 1723 618 eadem,

257 646 328 679 quae
344 635 460 665 habent
475 632 618 673 improbi,
634 632 801 662 affectuum
825 632 969 673 exempla
992 631 1153 664 malorum.
1199 633 1314 665 Gnsu.
1338 633 1477 665 Omnino
1503 639 1586 666 certe
1609 635 1641 665 id
1667 646 1724 676 pa-

257 691 386 722 tiuntur.
430 688 483 719 So.
508 686 626 718 Verum
653 686 811 716 enimvero
827 696 888 716 non
901 686 1064 726 juvenem,
1081 687 1135 717 sed
1157 698 1261 718 senem
1287 698 1354 718 esse
1369 688 1485 719 bonurn
1501 694 1626 729 oportet
1636 687 1725 730 judi-

258 755 339 780 cem,
355 743 411 785 qui
436 752 515 778 sero,
532 740 623 782 quale
646 740 720 781 quid
746 739 903 781 injustitia
928 740 979 777 sit,
995 740 1165 780 didicerit;
1189 748 1336 783 tanquam
1362 742 1415 784 qui
1440 752 1503 772 nou
1521 742 1675 784 propriam
1691 743 1723 773 in

259 799 363 830 animo
380 807 437 828 suo
454 806 521 827 eam
538 794 678 830 senserit,
691 795 745 825 sed
762 794 895 825 alienam
910 795 943 825 in
957 795 1066 826 alienis
1083 795 1191 826 animis
1208 796 1302 838 longo
1319 802 1458 838 tempore
1473 796 1614 836 noverit3
1630 802 1724 838 atque

258 853 372 885 iccirco
387 849 563 892 cujusmodi
579 849 618 879 sit
634 848 748 878 malum
764 847 932 890 discernat,
947 849 1079 880 scientia
1095 850 1197 891 potius
1215 861 1306 891 quam
1323 851 1447 892 propria
1469 851 1660 892 experientia
1671 850 1726 892 ju-

259 909 380 939 dicans.
411 905 526 936 Gmw.
543 903 807 934 Generosissimus
823 909 905 934 certe
917 903 1015 944 judex
1032 904 1210 945 hujusmodi
1226 916 1292 935 esse
1307 905 1440 936 videtur.
1484 905 1541 937 So.
1565 904 1607 935 Et
1623 905 1725 935 bonus

262 966 431 1004 praeterea:
457 958 542 999 quod
568 957 635 998 ipse
658 956 828 997 quaerebas.
853 958 906 998 qui
932 958 1013 988 enim
1042 958 1157 988 bonum
1184 959 1279 989 habet
1293 959 1442 995 animum,
1461 959 1634 990 bonusest.
1660 968 1728 989 ver-

260 1021 348 1047 sutus
371 1019 473 1046 autem
497 1012 551 1042 ille
575 1021 612 1042 ac
639 1011 719 1041 mala
744 1011 917 1052 suspicans,
945 1012 998 1052 qui
1027 1012 1124 1042 multa
1151 1012 1215 1053 agit
1237 1011 1354 1053 injuste
1377 1023 1534 1055 sagaxque
1557 1017 1589 1044 et
1602 1012 1726 1054 sapiens

261 1069 404 1104 habetur,
425 1067 554 1108 quando
579 1075 650 1096 cum
677 1065 725 1095 sui
750 1065 902 1096 similibus
927 1071 1076 1102 versatur,
1091 1071 1202 1097 cautus
1225 1066 1419 1108 callidusque
1444 1071 1585 1108 apparet,
1599 1077 1669 1097 cum
1686 1067 1725 1096 ad

259 1121 414 1164 exempla,
439 1131 509 1162 quae
534 1121 565 1151 in
593 1131 631 1151 eo
656 1125 740 1160 sunt,
757 1125 890 1150 mentem
916 1120 1051 1161 dirigens
1078 1120 1139 1151 sibi
1163 1121 1238 1151 satis
1262 1125 1382 1152 caveat.
1405 1121 1532 1162 quando
1547 1131 1620 1151 vcro
1637 1121 1727 1152 bonis

260 1176 493 1217 senioribusque
510 1175 658 1213 adbaeret,
666 1173 782 1210 fatuus,
798 1184 867 1204 cum
883 1174 960 1204 ultra
976 1185 1067 1215 quam
1085 1175 1177 1206 decet
1193 1174 1324 1211 diffidat,
1341 1185 1512 1216 sanumque
1527 1179 1560 1205 et
1570 1174 1724 1206 sincerum

260 1241 376 1262 morem
393 1230 525 1271 ignoret,
542 1229 662 1270 quippe
689 1227 742 1268 qui
767 1228 910 1270 exempla
932 1228 1018 1259 illius
1033 1239 1099 1259 non
1123 1229 1248 1265 habeat,
1265 1239 1335 1260 cum
1360 1239 1432 1260 vero
1449 1229 1639 1270 frequentius
1654 1239 1725 1260 cnm

260 1284 349 1316 malis
375 1294 468 1326 quam
483 1293 553 1315 cum
578 1282 668 1313 bonis
694 1287 841 1318 versetur,
857 1282 971 1324 saepius
993 1293 1118 1324 quoquc
1134 1282 1304 1324 sapientior
1319 1293 1411 1323 quam
1440 1282 1641 1324 insipientior
1666 1283 1726 1313 sibi

257 1338 390 1380 aliisque
406 1337 540 1367 videtur.
586 1335 701 1367 Gmm.
725 1335 808 1366 Vera
831 1336 938 1377 procul
962 1336 1059 1367 dubio
1084 1337 1229 1378 loqueris.
1274 1336 1330 1368 So.
1352 1335 1426 1367 Non
1442 1347 1516 1378 ergo
1531 1336 1624 1367 talem
1641 1347 1725 1378 quas-

258 1406 324 1426 rere
339 1398 464 1436 oportet
484 1391 639 1434 judicem,
655 1396 800 1432 tanquam
826 1392 941 1422 bonum
965 1397 997 1422 et
1021 1392 1207 1433 sapientem,
1222 1392 1275 1423 sed
1302 1392 1425 1433 qualem
1442 1391 1536 1433 paulo
1552 1396 1625 1422 ante
1640 1392 1726 1423 dicc-

260 1449 343 1479 bam.
375 1447 510 1488 pravitas
523 1445 605 1476 enirn
621 1455 724 1486 neque
739 1455 771 1475 se
796 1455 899 1486 neque
926 1445 1070 1476 virtutem
1095 1451 1299 1487 cognosceret
1323 1456 1472 1488 unquam.
1502 1445 1598 1476 virtus
1623 1451 1727 1477 autem

260 1507 390 1537 naturae,
412 1507 551 1542 tempore
575 1499 685 1530 addita
708 1498 886 1541 disciplina,
902 1505 934 1531 et
959 1510 991 1531 se
1008 1500 1107 1541 ipsam
1124 1500 1213 1531 simul
1229 1506 1261 1531 et
1277 1501 1458 1542 pravitatem
1474 1499 1640 1542 intelliget.
1665 1510 1729 1530 non

259 1557 354 1598 igitur
368 1555 478 1592 malus,
495 1559 529 1585 ut
543 1564 611 1584 mea
633 1553 694 1584 sert
716 1553 837 1595 opinio,
851 1554 906 1585 sed
926 1554 977 1585 hic
994 1555 1118 1596 sapiens
1141 1554 1259 1586 evadit.
1305 1554 1420 1586 GLAU.
1442 1554 1528 1585 Mihi
1543 1564 1669 1596 quoque
1685 1554 1729 1584 ita

259 1611 394 1642 videtur.
438 1610 494 1641 So.
518 1608 635 1639 Nonne
659 1608 754 1649 igitur
778 1614 810 1638 et
836 1609 1034 1646 medicinam,
1050 1609 1174 1651 qualem
1201 1609 1350 1645 diximus,
1366 1619 1429 1639 una
1452 1619 1524 1640 cum
1547 1607 1731 1649 hujusmodi

256 1664 426 1708 judiciaria
450 1662 598 1705 aequitate
622 1661 656 1692 in
682 1661 810 1692 civitate
837 1662 905 1703 lege
921 1663 1113 1699 constitues,
1129 1673 1200 1704 quae
1225 1663 1351 1704 quidem
1368 1672 1422 1693 eos
1437 1662 1533 1703 cives,
1548 1662 1602 1703 qui
1619 1667 1729 1692 natura

263 1725 328 1750 tum
354 1718 457 1749 animo
480 1723 544 1748 tum
571 1725 704 1757 corpore
730 1715 810 1746 bene
834 1726 866 1746 se
888 1717 1016 1757 habent,
1044 1717 1222 1748 enutriant:
1249 1717 1470 1759 [410]eorun'1
1496 1726 1568 1747 vero
1583 1716 1636 1757 qui
1653 1717 1730 1747 tales

261 1784 324 1805 non
341 1777 424 1809 sunt,
441 1777 643 1813 quotcunque
667 1781 795 1811 corpore
818 1770 980 1807 deficiunt,
997 1771 1072 1801 mori
1097 1771 1212 1808 sinant,
1228 1776 1432 1812 quotcunque
1447 1774 1551 1801 autem
1574 1769 1656 1800 malo
1680 1770 1728 1800 in-

262 1828 355 1870 genio
382 1826 532 1868 procreati
553 1824 742 1856 insanabiles
768 1830 851 1861 sunt,
877 1830 973 1856 morte
1001 1825 1175 1856 mulctent?
1221 1824 1338 1856 Gmu.
1361 1824 1434 1855 Hoc
1450 1824 1580 1856 fortasse
1594 1830 1626 1856 et
1640 1824 1731 1866 ipsis,

261 1882 318 1924 qui
334 1881 407 1912 talia
424 1880 592 1922 patiuntur,
609 1883 640 1909 et
655 1877 774 1910 civitati
791 1878 951 1909 conducit.
996 1878 1050 1909 So.
1075 1878 1208 1910 Constat
1223 1878 1298 1920 quin
1315 1877 1408 1908 etiam
1424 1883 1583 1909 curaturos
1594 1878 1729 1919 juvenes

264 1948 304 1968 ne
320 1936 351 1966 in
374 1933 552 1976 judiciariae
567 1943 654 1964 usum
670 1932 940 1973 indigentiamque
957 1933 1162 1969 descendant,
1179 1932 1311 1973 simplici
1336 1932 1392 1962 illa
1408 1937 1531 1963 utentes
1546 1932 1676 1969 musica,
1693 1943 1731 1963 ex

263 2001 326 2032 qua
341 1989 428 2020 nasei
443 1987 576 2017 diximus
598 1986 844 2026 temperantiam.
891 1986 1006 2017 Gmu.
1032 1986 1096 2018 Cur
1111 1987 1198 2017 non?
1243 1987 1296 2017 So.
1322 1984 1374 2016 An
1389 1996 1452 2016 nou
1470 1996 1525 2027 per
1537 1986 1646 2017 eadem
1662 1986 1729 2018 baec

263 2042 395 2084 vestigia
410 2040 546 2072 musicus
561 2039 786 2082 gymnasticam
804 2050 950 2081 sequens,
966 2040 990 2070 si
1007 2040 1102 2076 volet,
1118 2045 1190 2081 aget
1212 2045 1474 2082 assequeturque:
1498 2044 1534 2071 ut
1548 2040 1626 2071 nihil
1641 2045 1733 2082 egeat

264 2096 430 2132 medicina,
444 2095 501 2125 nisi
515 2094 680 2124 necessitas
696 2093 811 2134 cogat?
858 2093 975 2124 GLAu.
997 2093 1158 2124 Assentios
1169 2093 1326 2135 equidem.
1370 2094 1427 2124 So.
1451 2092 1616 2125 Exercebit
1627 2099 1730 2125 autem

264 2152 296 2182 in
313 2149 483 2192 gymnasiis
505 2158 630 2189 corpus,
645 2147 806 2188 respiciem
836 2147 933 2188 magis
960 2148 999 2178 ad
1028 2147 1255 2178 animositatem
1272 2152 1403 2187 naturae,
1418 2147 1564 2188 illamque
1579 2147 1731 2188 excitans,

265 2215 358 2247 quam
383 2203 422 2233 ad
447 2203 550 2238 robur,
566 2211 681 2243 neque,
697 2200 958 2242 quemadmodum
983 2200 1108 2230 atlrletae
1125 2200 1191 2239 alii,
1206 2200 1347 2241 corporei
1371 2199 1487 2230 roboris
1502 2199 1600 2241 gratia
1615 2200 1731 2231 victum

262 2258 407 2290 instituet
430 2255 611 2296 laboresque
638 2254 811 2285 adhibebit.
857 2253 973 2285 Geso.
998 2253 1100 2284 Recte
1122 2254 1302 2284 admodum.
1347 2253 1404 2285 So.
1428 2252 1493 2290 Qui
1520 2263 1593 2295 ergo
1617 2254 1735 2284 consti-

267 2317 371 2348 tuunt,
387 2321 405 2341 o
430 2309 564 2346 Glauco,
581 2309 697 2340 musica
721 2314 754 2339 et
775 2308 970 2350 gymnastica
994 2307 1135 2338 homines
1157 2307 1290 2344 erudire,
1306 2317 1367 2338 nou
1385 2317 1422 2338 ea
1446 2317 1552 2344 causa,
1568 2317 1631 2348 qua
1645 2307 1735 2338 inulti

265 2366 455 2401 existimant,
471 2363 573 2395 studia
597 2364 663 2393 haec
687 2364 920 2404 aggrediuntur,
936 2368 970 2393 ut
994 2363 1051 2393 hac
1075 2362 1201 2404 quidem
1225 2372 1350 2403 corpus,
1371 2361 1424 2392 illa
1449 2361 1586 2392 animum
1609 2366 1729 2392 curent.

267 2421 381 2452 GLAu.
405 2418 469 2450 Cur
484 2428 545 2448 non
561 2417 572 2447 ?
618 2416 672 2448 So.
696 2416 852 2447 Videntur
868 2422 997 2456 utraque
1013 2416 1107 2447 animi
1124 2415 1219 2456 gratia
1236 2414 1401 2456 plurimum
1417 2424 1570 2446 exercere.
1615 2413 1731 2446 Gnu.

268 2475 341 2512 Quo
359 2478 450 2515 pacto
465 2472 476 2502 ?
521 2470 576 2503 So.
598 2469 650 2500 An
666 2480 729 2499 non
745 2469 846 2509 vides,
862 2475 895 2499 ut
911 2469 1047 2500 afficiant
1061 2469 1210 2505 animum,
1225 2469 1279 2510 qui
1296 2468 1521 2510 gymnasticam
1538 2478 1594 2510 per
1608 2477 1732 2499 ornnem

267 2528 362 2558 vitam
387 2530 544 2562 exercent,
561 2524 708 2555 musicam
735 2530 837 2554 autem
860 2533 922 2553 non
946 2524 1128 2564 attingunt:
1152 2523 1200 2554 vel
1222 2523 1276 2564 qui
1299 2528 1406 2553 contra
1431 2522 1574 2554 faciunt?
1619 2520 1738 2553 Graiu.

268 2581 320 2613 De
347 2591 482 2622 quonam
505 2579 610 2610 dicis?
658 2577 710 2609 So.
736 2576 786 2608 De
802 2577 928 2617 rustica,
943 2577 1082 2618 inquam,
1097 2577 1211 2608 dutitia
1234 2576 1472 2617 ferociamque,
1487 2580 1582 2616 atque
1597 2574 1671 2605 item
1697 2575 1738 2605 de

269 2635 400 2666 mollitie
422 2640 453 2665 et
480 2632 731 2664 mansuetudine.
777 2631 893 2663 Gnv.
917 2630 1000 2661 Novi
1024 2631 1169 2672 equidem
1186 2641 1252 2668 eos,
1267 2630 1322 2672 qui
1346 2639 1429 2661 mera
1447 2633 1575 2660 utuntur
1590 2638 1741 2670 gymnas·

267 2689 342 2725 tica,
359 2688 539 2730 agrestiores
554 2697 645 2728 quam
663 2691 786 2727 oportet
801 2685 944 2721 evadere,
959 2685 1014 2726 qui
1037 2691 1139 2716 autern
1156 2685 1318 2716 dumtaxat
1332 2683 1462 2722 musica,
1473 2682 1628 2713 molliores
1642 2692 1735 2723 quam

269 2754 323 2774 eos
338 2743 450 2773 deceat
473 2741 566 2772 effici.
611 2741 668 2771 So.
694 2740 794 2781 Atqui
818 2740 864 2770 vis
887 2739 955 2780 ipsa
982 2740 1111 2780 agrestis
1127 2739 1166 2769 ad
1192 2738 1349 2770 iracnndoe
1375 2741 1494 2767 naturas
1508 2735 1735 2767 animositatem

271 2796 404 2838 pertinet
420 2806 426 2824 :
452 2805 522 2837 quae
538 2794 562 2825 si
578 2800 660 2825 recte
676 2794 820 2829 nutritur,
836 2793 922 2824 sortis
938 2793 1056 2829 evadit,
1071 2793 1116 2823 sin
1132 2799 1235 2824 nutem
1252 2801 1344 2834 supra
1359 2800 1451 2832 quam
1468 2790 1560 2821 decet
1574 2789 1736 2827 excrescit,

268 2851 367 2886 ferox,
384 2854 417 2879 ut
441 2853 684 2880 consentaneum
710 2852 770 2889 cst,
787 2858 822 2879 ac
839 2848 939 2879 dura..
974 2847 1088 2878 aniv.
1116 2847 1293 2878 Assentior.
1336 2845 1390 2876 So.
1414 2844 1501 2882 Quid
1524 2843 1652 2874 autem?
1674 2843 1736 2873 vim

271 2906 369 2946 ipsam
387 2903 490 2933 mitem
517 2908 549 2933 ct
565 2907 756 2933 mansuetam
783 2913 888 2933 nonne
914 2901 1090 2943 philosophi
1108 2907 1216 2932 natura
1238 2901 1354 2932 habet:
1379 2909 1449 2941 quae
1464 2898 1490 2929 si
1507 2897 1635 2928 nimium
1662 2906 1737 2928 coa-

273 2957 373 2995 lescit,
391 2957 509 2988 mollior
535 2957 569 2986 tit
594 2967 686 2998 quatu
713 2956 816 2998 dccet,
843 2957 921 2987 benc
949 2961 1050 2986 autem
1079 2955 1103 2986 si
1135 2954 1297 2991 enutritur,
1323 2953 1423 2985 suavis
1451 2957 1544 2992 atquc
1571 2950 1735 2982 modesta?
