1840 3225
254 205 303 242 30
717 200 982 240 PLATONIS
1013 200 1298 242 PHILEBUS.
1650 204 1721 258 [67

256 309 430 350 voluptate,
447 316 487 337 an
503 305 633 338 contra?
680 305 765 336 Pno.
790 305 934 336 Mentem
959 304 1086 347 quidem
1111 311 1144 336 et
1166 306 1365 348 sapientiam,
1389 306 1543 345 Socrates,
1557 318 1650 340 nemo
1667 319 1728 340 un-

254 374 348 405 quam
365 368 420 393 aut
434 371 538 392 revera
554 365 607 390 aut
623 359 712 396 salso,
729 359 898 391 deformem
915 358 962 390 vel
981 359 1059 390 vidit
1076 359 1123 390 vel
1139 359 1245 401 aliquo
1263 365 1356 401 pacto
1371 361 1537 402 cogitavit,
1550 367 1605 393 aut
1628 362 1725 394 fuisse

255 427 392 459 unquam
407 420 462 447 aut
476 426 543 447 csse
557 419 612 446 aut
632 414 748 446 deinde
764 414 911 445 futuram.
943 415 999 446 So.
1018 413 1131 446 Recte.
1158 414 1251 445 ·Pno.
1279 415 1312 446 Si
1336 425 1428 457 quem
1445 426 1517 447 vero
1533 416 1723 458 voluptates,

257 470 426 513 praesertim
442 468 601 505 maximas,
617 472 853 510 persequentem
870 467 1071 509 advertimus,
1088 468 1135 498 vel
1151 469 1235 510 quod
1252 468 1391 500 ridiculae
1404 469 1450 500 vel
1468 470 1553 511 quod
1569 470 1724 502 obscoenae

253 526 327 562 sint,
353 523 429 565 [66]
453 523 514 565 ipsi
529 523 655 565 quidem
671 521 881 553 erubescimus
905 527 1000 563 atque
1022 521 1171 559 celamus,
1188 522 1289 553 noctis
1305 523 1440 554 tenebris
1457 523 1529 554 talia
1545 525 1723 556 conceden-

257 585 316 620 tes,
330 578 420 620 quasi
435 577 497 608 sint
512 576 616 608 diurni
631 577 756 608 luminis
772 576 902 617 indigna
915 581 1102 618 conspectu.
1149 576 1207 608 So.
1232 576 1364 608 Cunctis
1387 577 1495 619 igitur,
1512 589 1530 610 ο
1547 578 1728 616 Protarcho,

257 638 289 664 et
305 643 358 674 per
373 631 501 662 nuntios
517 636 549 662 et
565 642 642 662 voce
659 630 803 672 praesenti
819 630 990 667 declarato,
1006 630 1091 671 quod
1116 630 1288 671 voluptatis
1305 631 1460 672 possessio
1475 642 1578 674 neque
1593 633 1725 674 primum

258 693 306 718 est
321 697 424 728 neque
440 686 612 717 secundum
629 686 744 716 bonum
758 697 764 715 :
791 685 844 715 scd
863 684 994 725 primum
1011 684 1092 716 circa
1117 695 1291 716 mensuram
1306 690 1339 716 et
1355 686 1547 717 moderatum
1563 692 1597 718 et
1610 697 1728 729 oppor-

258 746 367 772 tunum
383 745 415 772 et
430 740 584 780 universa,
598 749 796 781 quaecunque
813 738 898 776 talia,
914 738 1134 779 sempiternam
1152 749 1258 770 rocem
1276 739 1598 783 approbationemque
1613 741 1727 772 dixisse

258 796 445 838 putandum.
491 794 579 825 Pno.
603 793 746 835 Apparet
770 793 877 834 utique
901 804 937 823 ex
961 793 1009 829 iis,
1026 803 1096 834 quae
1121 793 1215 823 modo
1239 798 1311 824 sunt
1326 794 1422 825 dicta.
1468 795 1525 826 So.
1547 794 1726 826 Secundum

258 849 373 880 deinde
385 849 466 880 circa
478 852 759 879 commensuratum
773 852 804 877 et
819 846 994 887 pulchrum,
1009 847 1179 888 perfectum
1196 852 1289 888 atque
1301 848 1468 885 sufficiens,
1480 853 1512 879 et
1523 853 1728 890 quotcunque

259 903 352 944 hujus
378 903 495 934 ordinis
513 907 596 932 sunt.
642 902 730 933 Pno.
756 901 904 932 Videtur.
951 901 1007 932 So.
1030 901 1183 942 Tertium,
1211 907 1245 932 ut
1271 902 1336 943 ipse
1360 903 1524 944 vaticinor,
1550 903 1576 933 si
1591 909 1727 934 mentem

256 958 504 1000 sapientiamque
522 956 669 997 posueris,
686 955 768 985 baud
787 955 893 997 procul
909 965 927 986 a
942 955 1070 986 veritate
1087 956 1242 988 disccch.
1275 956 1363 988 PRO.
1389 956 1494 988 Forte.
1527 957 1583 989 So.
1609 957 1729 994 Quarta

257 1023 328 1043 vcro
345 1017 428 1048 sunt,
444 1022 515 1052 quae
531 1010 628 1051 ipsius
645 1009 756 1040 animm
773 1008 895 1050 propria
910 1009 1082 1050 posuimus,
1105 1010 1243 1041 scientim
1253 1015 1286 1040 et
1309 1015 1388 1041 artes
1412 1011 1643 1053 opinionesque
1659 1021 1728 1042 rec-

257 1072 297 1096 1ae
313 1078 319 1096 :
346 1076 416 1107 quae
432 1065 504 1095 ideo
521 1064 616 1095 tribus
632 1064 693 1094 illis
716 1063 818 1094 statim
835 1064 1020 1101 succedunt,
1037 1064 1111 1104 quia
1126 1065 1209 1094 bono
1236 1069 1308 1094 sunt
1331 1075 1424 1106 quam
1449 1065 1595 1107 voluptas
1611 1076 1728 1107 cogna-

257 1121 346 1151 tiora.
393 1119 480 1151 Pno.
505 1118 657 1150 Forsitan.
704 1117 760 1149 So.
785 1117 908 1154 Quinto
934 1118 1004 1149 loco
1022 1129 1104 1159 pone
1128 1118 1306 1160 voluptates
1330 1129 1394 1156 eas,
1411 1129 1488 1161 quas
1503 1124 1646 1162 expertes
1661 1130 1728 1150 mo-

258 1174 355 1205 lestia)
371 1173 580 1213 definivimus,
595 1182 686 1213 puras
702 1171 899 1202 nominantes
914 1171 1026 1202 animae
1051 1172 1149 1213 ipsius
1166 1172 1325 1210 scientias,
1348 1184 1456 1204 sensus
1474 1179 1577 1204 autem
1595 1183 1730 1214 sequen-

259 1234 314 1260 tes.
359 1228 447 1258 Prro.
472 1225 633 1258 Fortassis,
679 1226 737 1257 So.
761 1225 800 1256 In
817 1231 903 1256 sexta
919 1236 990 1256 vero
1018 1226 1178 1267 progenie,
1195 1226 1299 1268 inquit
1313 1227 1472 1269 Orpheus,
1488 1227 1656 1258 cantilenae
1680 1237 1730 1258 or-

258 1288 364 1314 natum
382 1281 481 1312 finite.
527 1280 642 1311 Nostra
658 1290 785 1321 quoque
801 1280 900 1310 oratio
917 1280 949 1310 in
965 1285 1052 1311 sexto
1063 1280 1187 1321 judicio
1201 1280 1280 1311 finiri
1298 1281 1430 1313 videtur.
1457 1281 1541 1313 unde
1551 1281 1628 1312 nihil
1640 1281 1730 1312 deiu-

260 1347 335 1377 ceps
361 1336 450 1366 nobis
476 1335 562 1366 aliud
591 1339 694 1371 restat,
724 1334 783 1364 nisi
810 1340 844 1364 ut
867 1334 959 1365 dictis
975 1340 1072 1376 caput
1087 1335 1302 1366 adhibeamus.
1348 1335 1434 1367 Pno.
1459 1336 1564 1367 Decet
1579 1335 1730 1376 profecto.

258 1391 315 1421 So.
337 1389 443 1421 Tertio
454 1389 521 1430 jam
539 1389 709 1420 orationem
732 1389 877 1429 eandem,
893 1389 1104 1420 conservatori
1127 1389 1188 1419 deo
1205 1394 1364 1426 voventes,
1388 1389 1520 1421 breviter
1545 1390 1732 1431 perstringa-

260 1455 342 1477 mus.
389 1444 479 1475 Pno.
504 1443 636 1480 Qualem
655 1442 780 1484 inquis?
825 1443 882 1476 So.
909 1443 1058 1474 Philebus
1071 1443 1197 1484 quidem
1215 1443 1330 1485 inquit,
1341 1454 1464 1475 omnem
1479 1444 1604 1485 penitus
1617 1443 1730 1485 volup-

258 1504 351 1529 tatem
380 1498 471 1528 nobis
496 1497 599 1539 ipsum
628 1497 740 1527 bonum
767 1508 844 1528 csse.
891 1497 978 1529 Pno.
1001 1497 1151 1535 Tertium,
1179 1508 1197 1528 o
1225 1498 1380 1536 Socrates,
1407 1499 1502 1529 modo
1529 1508 1727 1539 nuncupasse

259 1552 370 1583 videris
386 1552 556 1583 orationem
580 1552 681 1593 ipsam
708 1561 809 1582 rursus
825 1556 976 1593 repetere.
1023 1552 1080 1584 So.
1105 1552 1177 1583 Hoc
1206 1552 1319 1593 ipsum.
1342 1553 1428 1595 quod
1454 1558 1556 1583 autem
1573 1551 1727 1594 sequitur,

259 1607 434 1639 audiamus.
456 1606 616 1648 equidem,
633 1606 719 1647 quod
737 1606 829 1636 modo
846 1606 979 1643 narravi,
991 1606 1193 1637 considerans
1206 1606 1377 1638 orationem
1395 1607 1518 1638 Phttcbi
1534 1606 1728 1647 aliorumque

260 1660 544 1696 innumerabilium,
562 1660 693 1700 graviter
707 1659 808 1690 ferens
823 1659 932 1702 illique
948 1670 1139 1702 repugnans,
1156 1665 1289 1691 mentem
1308 1661 1435 1701 inquam
1452 1660 1545 1702 longe
1559 1660 1729 1691 admodum

262 1714 420 1745 meliorem
438 1714 654 1755 potioremque
668 1714 831 1755 voluptate
854 1714 924 1744 vitm
939 1714 1100 1745 hominum
1113 1725 1192 1746 csse.
1238 1714 1324 1746 Pno.
1349 1714 1445 1746 Dicta
1461 1715 1526 1745 lraec
1541 1718 1625 1746 sunt.
1671 1714 1728 1746 SO.

260 1769 443 1810 Suspicatus
467 1773 570 1798 tamen
593 1778 661 1799 esse
684 1773 717 1798 et
743 1767 805 1798 alia
828 1768 938 1806 multa,
966 1767 1072 1809 intuli,
1092 1768 1177 1809 quod
1202 1767 1226 1798 si
1243 1767 1423 1809 apparuerit
1445 1767 1565 1809 aliquid
1581 1767 1732 1798 ambobus

260 1823 345 1855 hisce
362 1822 570 1864 praestantius,
587 1832 643 1863 pro
660 1826 764 1852 mente
781 1821 848 1862 ipsa
865 1822 1012 1853 adversus
1029 1822 1221 1863 voluptatem
1239 1823 1278 1852 de
1295 1822 1434 1853 secunda
1449 1826 1530 1852 sorte
1546 1831 1730 1863 pugnarem,

263 1877 469 1918 voluptasque
492 1875 638 1907 secundis
655 1876 747 1907 etiam
764 1876 935 1907 honoribus
950 1876 1145 1917 spoliaretur.
1167 1877 1241 1918 [67]
1267 1876 1354 1907 Pno.
1378 1875 1457 1906 Haec
1473 1886 1600 1917 quoquc
1615 1875 1732 1908 dixisti.

263 1933 319 1964 So.
342 1932 496 1962 Praeterea
509 1941 579 1962 cum
594 1930 753 1966 dixissem,
772 1931 886 1961 bonum
903 1931 1006 1972 ipsum
1022 1941 1092 1962 csse
1107 1930 1247 1961 omnium
1264 1929 1570 1966 sufficientissimum,
1587 1934 1731 1960 neutrum

264 1998 301 2018 cx
317 1986 354 2017 iis
369 1991 472 2016 tamen
489 1984 644 2016 sufficiens
661 1994 729 2015 esse
743 1985 898 2016 constitit.
922 1984 1009 2015 Pno.
1025 1984 1108 2015 Vera
1123 1995 1237 2016 narras.
1260 1984 1316 2016 So.
1334 1983 1458 2015 Etcum
1475 1983 1508 2014 in
1519 1984 1577 2015 hac
1591 1983 1732 2014 oratione

264 2051 351 2072 mens
367 2045 399 2071 et
415 2039 558 2080 voluptas
573 2043 728 2081 potestate
744 2039 937 2070 sufficientiae
955 2039 1218 2081 perfectionisque
1233 2049 1336 2070 carere
1349 2038 1422 2069 visae
1435 2038 1577 2075 fuissent,
1587 2044 1729 2068 neutram

264 2106 331 2127 esse
346 2096 460 2126 bonum
474 2094 574 2135 ipsum
588 2093 745 2135 apparuit.
790 2094 877 2126 Pno.
902 2094 1003 2125 Recte
1014 2094 1194 2125 admodum.
1239 2093 1295 2126 So.
1319 2093 1405 2130 Quin
1417 2092 1510 2124 ctiam
1522 2102 1593 2124 cum
1607 2091 1729 2122 tertium

263 2151 412 2193 quiddam
429 2154 559 2191 utraque
575 2149 684 2179 melius
700 2159 766 2179 esse
781 2148 966 2184 constiterit,
983 2159 1069 2179 mens
1086 2148 1193 2189 utique
1209 2147 1303 2188 longo
1328 2147 1465 2188 quodam
1481 2146 1642 2177 intervallo
1658 2156 1729 2187 pro·

267 2205 412 2247 pinqnior
427 2203 539 2245 potiori
563 2202 784 2244 superantique
808 2203 901 2244 idcae,
924 2213 1017 2244 quam
1044 2202 1201 2243 voluptas,
1224 2201 1332 2232 eluxit.
1374 2200 1459 2231 Pno.
1483 2199 1630 2237 Quidni?
1675 2199 1733 2230 So.

265 2260 349 2302 Ergo
365 2269 470 2290 nonne
496 2258 637 2299 quintum
661 2258 790 2298 gradum
813 2268 851 2288 ex
876 2267 913 2288 ca
938 2257 1107 2297 sententia,
1132 2266 1224 2298 quam
1250 2265 1387 2297 praesens
1408 2253 1565 2295 judicium
1590 2254 1733 2296 protulit,

266 2314 435 2356 voluptatis
445 2312 586 2354 potentia
598 2312 765 2343 sortietur?
813 2312 900 2344 Pno.
923 2311 1069 2342 Videtur.
1114 2310 1172 2342 So.
1196 2309 1333 2341 Primum
1345 2314 1448 2340 tamen
1462 2308 1615 2349 voluptati
1625 2307 1729 2339 locum

269 2370 363 2400 boves
379 2369 488 2399 darent
500 2372 531 2398 et
546 2367 632 2408 equi,
659 2373 692 2397 et
707 2367 796 2397 bruta
818 2366 956 2408 denique
972 2366 1126 2402 universa,
1149 2375 1186 2396 cx
1203 2374 1240 2395 co
1256 2364 1341 2406 quod
1358 2363 1426 2404 ejus
1443 2362 1595 2394 illecebris
1612 2363 1731 2394 manci·

267 2428 342 2465 pata
357 2428 429 2454 sunt
443 2434 450 2452 ε
476 2422 589 2463 quibus
606 2420 728 2462 plurimi
755 2421 847 2452 fidem
866 2425 1059 2462 praestante5‚
1075 2419 1158 2450 haud
1175 2429 1263 2450 secus
1279 2428 1371 2459 quam
1388 2427 1519 2458 augures
1535 2416 1656 2454 avibus,
1672 2428 1731 2448 vo·

265 2479 401 2519 luptates
424 2477 462 2507 ad
488 2477 567 2507 bene
594 2475 761 2506 vivendum
790 2474 964 2516 potissimas
989 2474 1127 2505 omnium
1155 2473 1339 2504 arbitrantur
1356 2484 1362 2503 :
1388 2472 1582 2513 ferarumque
1611 2481 1734 2502 amores

268 2531 487 2572 locupletiores
503 2535 595 2561 testes
611 2534 761 2564 asserunt.
778 2539 870 2571 quam
887 2539 1006 2561 amores
1021 2539 1138 2565 eorum,
1154 2527 1208 2569 qui
1224 2527 1257 2558 in
1275 2526 1493 2568 philosophica
1509 2535 1595 2556 musa
1610 2524 1730 2556 rationo

267 2586 486 2616 vaticinantur.
531 2585 617 2615 Pno.
641 2583 820 2622 Verissima,
836 2594 854 2615 o
866 2584 1021 2620 Socrates,
1036 2589 1065 2614 te
1078 2592 1214 2613 narrasse
1227 2581 1332 2613 cuncti
1346 2580 1488 2611 fatemur.
1533 2579 1590 2610 So.
1614 2577 1731 2609 Nonne

267 2651 340 2681 ergo
359 2650 406 2670 me
429 2638 495 2679 jam
510 2638 666 2669 dimittis?
713 2639 800 2670 Pno.
824 2637 980 2680 Exiguum
1007 2638 1110 2669 adlmc
1137 2637 1287 2678 quiddam
1314 2639 1420 2672 restat,
1442 2645 1461 2664 o
1476 2633 1640 2664 Socrates:
1666 2642 1731 2663 non

269 2695 365 2725 debes
381 2698 526 2734 tanquam
543 2692 733 2734 defatigatus
748 2692 832 2736 prius
847 2703 941 2735 quam
957 2703 1014 2724 nos
1029 2692 1176 2724 desistere
1193 2703 1198 2721 t
1225 2701 1284 2732 ego
1301 2699 1372 2722 vero
1387 2698 1457 2731 quae
1472 2692 1601 2726 restant,
1615 2686 1646 2717 in
1664 2696 1730 2718 urc-

270 2748 395 2780 moriam
412 2747 468 2778 tibi
485 2747 643 2778 reducam.
