1840 3225
118 244 217 295 470]
319 268 322 271 -
558 243 631 283 DE
660 241 967 283 REPUBLICA
997 244 1096 283 LIB.
1126 245 1176 285 V.
1504 244 1579 288 159

114 352 150 378 et
163 346 223 385 liis,
238 357 309 390 quae
324 347 417 379 modo
433 347 579 388 diximus,
594 346 839 384 honestabimus,
855 347 981 378 sedibus
995 348 1071 379 item
1087 354 1119 379 et
1133 349 1277 380 carnibus
1299 349 1463 392 plenisque
1489 358 1580 393 pate-

116 401 178 432 ris:
205 407 238 432 ut
252 408 285 434 et
298 403 484 434 honoremus
509 412 571 432 una
597 402 677 432 viros
701 406 882 443 praestantes
908 402 1124 444 mulieresque,
1151 409 1183 434 et
1209 414 1415 436 exerceamus.
1460 404 1579 438 GLAn.

119 454 297 488 Bellissime
319 457 464 498 loqueris.
509 457 566 487 So.
590 455 671 486 Eum
696 463 781 492 vero,
806 455 861 496 qui
877 455 912 486 in*
926 455 1044 490 militia,
1066 467 1137 487 cum
1151 467 1183 488 se
1198 464 1320 489 strenue
1337 459 1476 499 gesserit,
1490 460 1582 500 obiit,

116 510 249 550 primum
277 510 362 541 aurei
391 510 511 551 generis
547 520 613 541 esse
650 509 803 540 dicemus.
847 508 962 540 GLAU.
984 509 1125 540 Maxime
1161 511 1312 544 omnium.
1358 512 1414 543 So.
1439 512 1582 550 Deinde,

117 562 260 595 Hesiodo
276 564 338 595 fide
352 564 505 601 adhibita,
519 574 700 600 asseremus,
716 563 900 605 quicunque
912 564 973 594 hoc
997 573 1034 594 ex
1057 574 1170 604 genere
1185 565 1342 596 decedunt
1357 577 1375 597 e
1389 566 1462 602 vita,
1481 566 1580 609 [469]

118 617 277 649 daemones
290 618 370 650 effici
385 624 509 649 sanctos
533 623 700 653 terrestres,
716 617 851 659 optimos
877 617 1055 658 expulsores
1071 618 1219 648 malorum
1235 620 1443 661 custodesque
1470 627 1583 652 morta-¹

116 670 206 702 lium.
251 671 364 703 GLAu.
389 671 438 702 Ita
465 677 548 703 certe
572 672 743 703 credemus.
788 670 845 703 So.
870 670 1081 702 consulemus
1107 681 1180 712 ergo
1207 672 1376 709 oraculum,
1401 685 1463 715 quo
1491 680 1584 715 pacto

117 725 226 756 beatos
241 726 427 767 divinosque
442 726 524 757 viros
548 726 684 758 condere
709 726 832 761 deceat,
848 729 880 756 et
904 726 1018 766 quibus
1044 725 1216 766 insignibus
1234 727 1390 767 praecipue
1415 728 1584 759 decorare:

116 783 213 819 atque
237 779 283 810 ita
308 780 491 817 condemns,
520 786 554 811 ut
576 780 716 821 jusserit.
763 779 879 812 GLAU.
905 778 1019 809 Procul
1048 779 1156 810 dubio.
1202 780 1257 811 So.
1282 780 1451 823 Reliquum
1480 782 1586 823 itaque

117 838 241 874 tempus
276 833 421 875 sepulcra
449 845 568 871 eorum,
591 835 690 865 veluti
720 835 910 870 daemonum,
939 833 1078 865 colemus
1115 839 1210 875 atque
1238 835 1443 866 adorabimus.
1474 838 1585 868 eadem

117 897 244 929 quoque
260 889 449 919 servabimus
475 899 547 929 erga
563 888 644 928 illos,
659 889 714 930 qui
740 899 812 919 cum
840 888 1000 929 praecipna
1017 889 1170 929 probitate
1195 889 1312 930 pollere
1328 889 1360 919 in
1376 890 1437 920 vita
1450 890 1587 931 judicati

117 941 244 978 suerint.
260 942 346 974 senio
363 948 417 973 aut
441 942 502 973 alio
527 943 663 984 quodam
689 942 784 972 modo
801 953 818 972 e
842 941 905 972 vita
928 947 1098 972 cesserunt.
1143 941 1256 973 Gmu.
1279 942 1383 974 Decet
1398 954 1484 976 sane.
1528 946 1586 978 Str.

118 993 167 1026 At
181 996 338 1036 quomodo
363 997 509 1027 adversus
535 998 639 1028 hostes
666 996 762 1027 nostri
787 1007 820 1027 se
846 995 959 1026 milites
975 996 1105 1036 gerent?
1153 996 1267 1028 GLAU.
1291 998 1362 1035 Qua
1380 998 1411 1029 in
1428 1000 1483 1029 re?
1529 1000 1586 1031 So.

119 1047 268 1090 Inprimis
283 1050 408 1091 quidem
425 1051 465 1082 de
480 1051 628 1082 servitute
643 1061 761 1092 quaero,
779 1056 878 1080 utrum
898 1049 1019 1090 justum
1034 1061 1101 1080 esse
1127 1060 1266 1086 censeas,
1283 1057 1318 1081 nt
1333 1052 1436 1083 Graeci
1459 1052 1586 1085 Graecas

119 1103 209 1133 urbes
225 1103 256 1134 in
272 1104 449 1135 servitutem
466 1104 608 1146 redigant
622 1117 628 1135 :
661 1115 699 1135 an
717 1104 821 1145 potius
837 1109 871 1133 ut
897 1113 998 1144 neque
1014 1104 1053 1133 ab
1076 1103 1144 1134 aliis
1161 1104 1226 1135 fieri
1242 1104 1324 1135 istud
1342 1107 1532 1147 permittant,
1549 1118 1585 1139 ae

120 1167 176 1198 pro
193 1157 308 1188 viribus
323 1158 459 1195 obstent,
474 1163 745 1199 consuescantque.
768 1158 948 1189 Graecorum
965 1158 1071 1198 generi
1087 1168 1223 1198 parcere,
1238 1166 1384 1190 caventes
1399 1171 1438 1191 ne
1454 1162 1588 1192 barbaris

119 1211 180 1252 ipsi
196 1212 308 1243 servire
336 1218 498 1254 cogantur.
545 1212 661 1243 GLAU.
686 1212 826 1243 Omnino
849 1217 881 1242 et
905 1212 946 1242 ad
973 1212 1077 1241 omnia
1093 1212 1185 1242 refert
1213 1213 1333 1245 Graecis
1349 1224 1488 1254 parcere.
1530 1215 1589 1246 So'.

119 1266 203 1308 Ergo
220 1267 316 1298 nostri
330 1268 482 1298 exercitus
507 1266 663 1297 neminem
681 1265 827 1297 Graecum
853 1265 954 1296 facere
969 1276 1090 1296 servum
1113 1267 1241 1303 debent,
1267 1268 1322 1298 sed
1338 1273 1371 1299 et
1387 1268 1504 1300 Graecis
1519 1270 1588 1300 aliis

120 1321 282 1352 consulere
298 1321 415 1362 potius,
430 1325 465 1350 ut
478 1320 542 1362 ipsi
558 1321 596 1350 ab
612 1320 672 1351 hoc
694 1323 838 1351 caveant.
883 1318 1000 1349 Gmu.
1023 1318 1164 1350 Prorsus.
1188 1330 1258 1350 nam
1275 1321 1319 1350 ita
1333 1322 1455 1352 facilius
1472 1333 1509 1353 ac
1525 1323 1587 1353 for-

119 1372 181 1404 tius
195 1379 302 1404 contra
326 1374 469 1405 barbaros
491 1375 663 1415 insurgent,
680 1380 711 1404 et
735 1373 774 1403 ab
798 1383 830 1403 se
855 1372 989 1402 invicem
1006 1372 1218 1404 abstinebunt.
1263 1374 1319 1404 So.
1343 1374 1430 1412 Quid
1457 1377 1587 1407 autem?

121 1427 254 1468 spoliare
270 1433 406 1458 mortuos
433 1434 544 1469 praeter
567 1438 662 1464 arma,
681 1414 845 1469 postquam
869 1425 1022 1462 vicerunt,
1038 1426 1206 1457 honesturn
1231 1433 1290 1464 est,
1306 1438 1344 1458 an
1361 1430 1449 1459 non?
1473 1439 1513 1460 an
1537 1440 1589 1462 oc·

119 1480 277 1511 casionem
302 1481 361 1513 boc
387 1482 505 1523 praebet
531 1481 658 1517 timidis,
683 1491 721 1511 ne
749 1481 895 1511 adversus
922 1480 1043 1510 hostem
1070 1480 1252 1518 adventent,
1276 1483 1366 1523 quasi
1391 1483 1589 1524 magnificum

119 1535 237 1576 aliquid
255 1535 430 1572 moliantur,
447 1536 573 1577 quando
587 1535 669 1566 inter
692 1536 844 1566 cadavera
859 1534 1038 1565 volutantur
1057 1535 1067 1565 ?
1091 1540 1124 1565 at
1146 1536 1229 1566 enim
1258 1537 1401 1579 rapiendi
1416 1539 1591 1579 cupiditate

121 1589 211 1620 multi
223 1589 289 1631 jam
305 1590 457 1621 exercitus
482 1590 649 1632 perierunt.
696 1589 808 1620 GLAU.
833 1589 987 1620 Maxime.
1031 1588 1086 1620 So,
1109 1589 1161 1620 An
1186 1601 1249 1620 non
1274 1591 1425 1622 illiberale
1441 1592 1592 1632 quiddam

123 1643 385 1685 cogitationisque
401 1654 514 1681 avarae,
528 1643 685 1674 muliebris
700 1653 736 1674 ac
754 1642 822 1673 vilis
839 1653 905 1673 esse
922 1643 1044 1673 videtur
1059 1642 1192 1674 cadaver
1206 1645 1390 1686 exspoliare,
1408 1646 1593 1688 hostemque

121 1703 230 1738 putare
247 1698 358 1728 mortui
372 1708 579 1739 corpus‚cum
596 1697 787 1728 adversarius
799 1697 868 1738 ipse
887 1696 1007 1733 abierit,
1023 1707 1060 1727 eo
1077 1708 1140 1738 quo
1155 1699 1315 1740 pugnabat
1328 1699 1458 1731 relicto?
1505 1699 1590 1731 Num

121 1761 231 1782 censes
245 1762 310 1788 eos,
327 1752 380 1793 qui
403 1753 463 1783 hoc
478 1757 586 1793 agunt,
603 1752 725 1782 differre
742 1762 760 1781 a
776 1751 906 1782 canibus
921 1752 1067 1781 adversus
1078 1751 1182 1792 jactos
1201 1752 1321 1794 lapides
1336 1753 1539 1785 irascentibus
1553 1765 1591 1785 eo

120 1805 266 1846 qquacit
279 1805 433 1836 dimisso?
479 1806 592 1837 GLau.
615 1806 725 1837 Nihilo
742 1806 887 1847 equidem
912 1806 1036 1836 differre
1057 1806 1195 1838 arbitror.
1241 1807 1297 1838 So.
1322 1808 1427 1844 Quare
1442 1819 1460 1838 a
1476 1809 1590 1850 rapinis

117 1858 297 1899 hujusmodi
320 1860 538 1891 abstinendum
555 1865 624 1891 est:
651 1860 788 1891 victoriae
813 1871 949 1901 namque
974 1861 1100 1890 obsunt.
1145 1860 1261 1891 Gmu.
1284 1861 1516 1892 Abstinendum
1534 1873 1591 1904 pe-

120 1913 216 1944 nitus.
260 1914 316 1945 So.
339 1913 453 1955 Neque
476 1915 568 1945 etiam
592 1915 625 1946 in
650 1915 800 1955 templum
825 1925 909 1944 arma
932 1913 1159 1951 transferemus,
1175 1925 1213 1945 ea.
1239 1914 1310 1945 Deo
1337 1916 1495 1951 sacraturi,
1511 1927 1591 1958 prae-

121 1967 223 1998 sertim
241 1978 324 1999 arma
347 1968 540 2009 Graecorum,
555 1968 581 1999 si
606 1969 701 1999 modo
726 1967 816 1998 nobis
843 1978 924 1998 curae
949 1973 997 1998 est
1022 1978 1093 1998 cum
1121 1967 1240 1999 Graecis
1264 1969 1332 1999 aliis
1360 1970 1591 2002 benevolentia.

124 2020 221 2063 [470]
241 2022 370 2052 maxime
394 2033 466 2053 vero
490 2021 736 2057 formidabimus,
753 2031 792 2051 ne
817 2020 917 2051 scelus
934 2020 1064 2061 impium
1089 2021 1129 2051 sit
1144 2022 1218 2052 talia
1233 2032 1250 2052 a
1267 2022 1398 2064 propriis
1422 2023 1454 2053 in
1470 2034 1590 2055 sacrum

123 2075 305 2107 transferre:
331 2075 391 2106 nisi
407 2076 484 2117 quid
510 2076 594 2106 aliud
623 2075 711 2107 Deus
735 2075 858 2106 dixerit.
905 2073 1149 2106 Gnau.<Recte
1172 2076 1352 2108 admodum.
1396 2077 1453 2110 So.
1479 2077 1530 2108 An
1547 2079 1592 2109 tui

124 2128 239 2160 milites
263 2128 457 2166 Graecorum,
473 2130 658 2171 quibuscum
685 2130 883 2172 pugnabunt,
899 2140 988 2170 agros
1016 2129 1293 2172 depopulabuntur
1308 2141 1343 2162 ac
1360 2132 1470 2162 domos
1485 2132 1593 2163 incen-

124 2183 226 2214 dent?
271 2183 385 2215 GLAu.
408 2184 566 2221 Libenter,
582 2184 658 2226 quid
684 2190 717 2216 tu
733 2185 773 2215 de
790 2185 848 2214 lioc
873 2184 981 2220 sentis,
997 2183 1149 2214 audirem.
1193 2185 1250 2216 So.
1273 2185 1359 2216 Mihi
1374 2186 1499 2227 quidem
1515 2188 1593 2219 nihil

125 2237 188 2268 tale
212 2238 334 2269 videtur
355 2239 510 2280 agendum
538 2250 616 2276 esse,
634 2240 688 2270 sed
714 2239 833 2270 fructus
861 2248 982 2268 annuos
1005 2238 1157 2268 duntaxat
1181 2239 1375 2272 auferendos.
1399 2241 1444 2271 vis
1467 2252 1592 2273 causam

123 2291 224 2322 dicam
239 2291 250 2321 ?
289 2291 401 2323 Guu.
426 2291 594 2333 Equidem.
640 2293 695 2324 So.
721 2292 855 2323 Videtur
869 2291 957 2328 mihi,
970 2291 1060 2322 sicuti
1076 2291 1202 2323 nomina
1217 2293 1284 2325 haec
1299 2294 1362 2324 duo
1377 2301 1461 2330 sunt,
1476 2296 1592 2327 bellum

125 2355 162 2376 ac
185 2345 311 2386 seditio,
325 2346 367 2376 ita
391 2352 424 2377 et
445 2347 509 2377 duo
536 2346 680 2387 quaedam
705 2347 826 2377 duabus
853 2347 978 2376 subesse
1004 2345 1200 2377 differentiis.
1223 2348 1295 2378 dico
1315 2354 1418 2379 autem
1434 2351 1498 2380 duo
1514 2351 1594 2388 haec,

126 2399 211 2429 aliud
239 2400 365 2440 quidem
393 2401 549 2441 proprium
578 2405 611 2431 et
637 2407 818 2441 cognatum,
848 2399 933 2429 aliud
959 2398 1094 2430 alienum
1123 2406 1218 2442 atque
1241 2407 1431 2433 extraneum.
1460 2403 1595 2435 inimici·

126 2452 185 2482 tias
216 2454 323 2494 utique
353 2453 433 2484 inter
462 2454 602 2495 proprios
632 2454 832 2498 seditionem,
863 2456 944 2486 inter
973 2462 1136 2487 extraneos
1165 2455 1279 2486 bellum
1310 2462 1434 2487 vocant.
1479 2457 1595 2489 Gun-

126 2505 221 2536 Haud
246 2507 284 2536 ab
314 2517 345 2537 re
371 2513 429 2543 est,
453 2508 538 2548 quod
567 2507 624 2538 ais.
670 2508 724 2539 So.
747 2508 984 2546 Animadverte,
1013 2510 1156 2551 nunquid
1181 2515 1213 2540 et
1237 2510 1295 2541 hoc
1327 2511 1365 2540 ad
1393 2521 1454 2542 rem
1482 2511 1596 2543 dicam·

127 2560 176 2591 aio
207 2559 353 2602 equidem
382 2560 510 2592 Graecos
539 2571 646 2592 omnes
674 2572 778 2593 secum
809 2564 1004 2605 propinquos
1036 2574 1103 2595 esse
1126 2574 1238 2605 genere
1268 2570 1362 2606 atque
1392 2571 1553 2605 cognatos,
1578 2577 1597 2597 a

125 2615 260 2645 barbaris
301 2620 404 2645 autem
440 2615 577 2645 diversos
610 2620 703 2657 atque
747 2623 921 2648 extraneos.
986 2616 1099 2649 GLAu.
1139 2617 1290 2648 Praeclare
1330 2617 1474 2659 loqueris.
1538 2620 1596 2653 So.

127 2668 282 2704 Quotiens
311 2668 406 2709 igitur
435 2667 538 2700 Graeci
568 2669 714 2700 adversus
740 2671 882 2701 barbaros
914 2671 961 2702 vel
991 2676 1099 2701 contra
1123 2670 1252 2702 Graecos
1281 2671 1400 2702 barbari
1429 2672 1489 2713 ipsi
1516 2685 1597 2715 pug-

125 2722 257 2758 nabunt,
282 2722 397 2753 bellum
422 2733 526 2764 gerere
548 2733 716 2755 asseremus
739 2730 771 2755 et
793 2725 898 2756 hostes
919 2736 986 2756 esse
1010 2730 1130 2761 natura,
1148 2731 1178 2756 et
1202 2726 1256 2756 lias
1279 2725 1455 2757 inimicitias
1480 2718 1596 2758 bellum

126 2776 317 2807 vocabimus.
348 2776 476 2817 quando
492 2787 564 2807 vero
589 2776 691 2808 Graeci
722 2779 866 2809 adversus
892 2779 1019 2810 Gra-cos
1043 2779 1214 2820 insurgent,
1239 2779 1378 2811 dicemus
1404 2791 1457 2810 eos
1485 2787 1596 2812 natura

126 2829 251 2870 quidem
281 2830 397 2861 amicos
435 2841 514 2867 esse,
547 2831 652 2862 morbo
682 2837 785 2863 autern
815 2833 953 2864 laborare
983 2833 1016 2863 in
1054 2833 1113 2864 hoc
1146 2832 1300 2864 Graeciam
1329 2838 1361 2864 ct
1388 2834 1595 2864 seditionibus

127 2882 258 2922 agitari:
283 2889 316 2914 et
342 2883 528 2916 seditionem
551 2885 605 2915 has
628 2885 806 2918 inimicitias
830 2886 1071 2928 appellabimus.
1115 2885 1229 2917 Gun-
1249 2886 1414 2918 Assentior
1436 2888 1596 2928 equidem.

128 2934 183 2967 So.
205 2935 239 2968 Si
254 2936 287 2968 in
301 2937 450 2970 seditiosa
474 2938 602 2971 civitate
619 2939 778 2981 utriusque
802 2941 947 2973 factionis
972 2940 1114 2973 homines
1129 2940 1369 2973 adversariorum
1387 2951 1474 2982 agros
1488 2941 1594 2972 detur-
