1840 3225
173 194 270 245 721]
617 193 690 232 DE
720 193 947 231 LEGIBUS
979 195 1078 233 LIB.
1111 196 1178 233 IV.
1556 199 1632 237 333

166 307 239 329 eum
266 297 445 333 dixerimus.
469 302 601 329 eruntne
630 296 720 328 nobis
746 295 890 328 modeste
915 295 1002 327 dicta
1016 297 1027 327 ?
1073 297 1150 329 Cn.
1173 298 1327 335 Quaenam
1356 299 1444 332 haec?
1488 299 1629 333 Arma«.

167 352 281 389 Vetus,
301 362 322 382 o
336 352 505 393 legislator,
517 350 621 381 fabula
636 350 753 392 passim
768 359 787 380 a
801 350 892 381 nobis
906 349 1013 387 fertur,
1025 356 1118 393 atque
1135 362 1155 382 a
1169 354 1282 384 ceteris
1297 354 1440 385 omnibus
1461 355 1625 386 confirma·

166 413 225 441 tur,
250 406 388 447 poetam,
405 404 530 447 quando
545 404 577 435 in
593 405 695 435 Musae
712 404 835 445 tripode
853 404 954 441 sedet,
968 416 1030 436 non
1043 416 1112 436 esse
1128 407 1244 438 mentis
1259 413 1449 449 compotem,
1465 409 1523 440 sed
1537 411 1627 450 quasi

165 461 286 491 sontem
299 461 404 496 fluere,
417 465 460 496 et,
477 468 670 500 quaecunque
686 458 830 495 influunt,
842 469 969 500 prorsus
989 459 1163 491 effundere.
1186 471 1319 502 cumque
1336 472 1386 493 ars
1405 463 1474 504 ejus
1491 463 1625 495 imitatio

164 514 310 556 quaedam
334 515 377 545 sit
399 519 433 545 et
453 512 625 544 contrarios
650 512 782 543 affectus
808 513 968 544 hominum
984 514 1150 555 exprimat,
1164 525 1248 556 saepe
1265 516 1333 557 cogi
1349 517 1479 558 poetam
1495 518 1554 549 sibi
1565 519 1628 560 ipsi

165 569 319 600 contraria
342 568 460 605 dicere,
486 577 589 608 neque
614 567 714 598 scire:
742 572 842 598 utrum
868 568 934 598 haec
950 578 989 598 an
1005 568 1061 599 illa
1074 579 1148 600 vera
1161 569 1235 600 sint.
1258 570 1430 611 legislatori
1444 577 1546 602 autem
1562 582 1625 604 non

163 623 240 654 licet
263 623 325 654 duo
348 621 490 664 quaedam
517 622 641 653 diversa
653 621 693 652 de
709 632 771 653 uno
786 621 818 651 in
834 621 904 663 lege
921 622 1018 663 loqui,
1031 622 1088 653 sed
1104 633 1199 654 unum
1212 623 1309 654 debet
1323 634 1446 666 semper
1460 627 1623 658 enuntiare

163 678 204 708 de
220 688 292 708 uno.
313 677 347 707 id
362 682 467 707 autem
482 686 521 707 ex
533 676 592 712 his,
609 687 678 718 quae
691 675 785 707 modo
806 675 948 714 dicebas,
973 677 1214 715 animadvertes,
1235 689 1307 709 cum
1331 679 1543 720 sepulcrorum
1562 681 1624 711 alia

161 731 328 767 excedant,
342 731 405 762 alia
418 730 581 768 deficiant,
593 731 658 762 alia
670 731 812 761 medium
829 736 969 768 teneant,
981 732 1151 763 mediocria
1166 737 1201 764 tu
1211 733 1397 774 simpliciter
1412 733 1548 764 laudasti
1564 734 1621 765 fic-

156 785 246 827 rique
261 786 328 816 sola
338 784 473 826 jussisti.
487 795 547 826 ego
562 790 679 829 autem,
695 785 722 816 si
736 795 815 816 uxor
831 786 907 816 mihi
922 785 1078 817 ditissima
1096 793 1191 823 esset,
1200 787 1385 829 juberetque
1402 793 1437 818 ut
1450 798 1520 819 eam
1535 799 1622 830 mag-

158 840 252 870 nifice
266 840 446 881 sepelirem,
461 840 494 870 in
507 839 655 881 poemate
668 839 827 871 excedens
841 841 1019 882 sepulcrum
1032 841 1193 872 laudarem
1206 853 1213 871 ε
1238 851 1358 883 pauper
1381 842 1458 873 item
1472 843 1520 873 vir
1530 849 1624 884 atque

155 903 269 925 avarus
280 894 442 926 deficiens.
458 894 512 936 qui
527 904 600 925 vero
615 894 791 925 mediocres
807 894 933 925 divitias
946 895 1097 936 possidet,
1113 896 1140 926 si
1154 895 1222 937 ipse
1235 906 1360 938 quoque
1375 896 1555 928 moderatus
1570 898 1624 933 sit,

156 948 298 980 medium
323 948 472 979 laudabit.
495 950 550 979 sed
576 949 634 980 tibi
646 959 710 980 non
725 949 770 980 ita
784 948 968 986 dicendum,
984 950 1064 980 sicut
1076 949 1205 981 dicebas
1221 950 1323 986 modo,
1338 956 1374 982 ut
1385 951 1506 982 scilicet
1521 951 1620 983 niedi-

154 1013 229 1035 ocre
251 1004 446 1035 solummodo
469 1003 569 1039 dicas,
590 1002 649 1034 sed
664 1003 739 1045 quid
757 1012 970 1046 quantumque
985 1004 1206 1046 mediocreque
1219 1005 1272 1044 sit,
1289 1005 1519 1046 exponendum.
1534 1006 1626 1037 aliter

154 1068 195 1089 ne
210 1065 304 1101 putes
317 1060 489 1090 orationem
505 1058 684 1100 hujusmodi
696 1059 800 1100 legem
825 1069 907 1090 esse.
950 1059 1031 1091 Cur.
1056 1059 1141 1090 Vera
1155 1059 1303 1100 loqueris.
1349 1059 1486 1090 Aram.
1509 1059 1624 1090 Utrum

154 1113 206 1154 qui
220 1113 342 1155 legibus
355 1112 528 1144 condendis
541 1113 706 1150 incumbit,
721 1113 800 1144 nihil
815 1113 878 1144 tale
894 1113 928 1144 in
948 1113 1052 1154 legum
1067 1113 1194 1145 exordio
1210 1114 1318 1145 dicet?
1338 1113 1395 1144 sed
1409 1114 1526 1150 statim,
1545 1115 1623 1156 quid

151 1167 335 1198 faciundum
349 1167 390 1198 sit
404 1172 437 1198 et
451 1167 525 1208 quid
542 1177 618 1204 non,
634 1173 788 1209 exponet,
814 1167 913 1210 [720]
939 1169 1118 1209 mulctaque
1142 1169 1290 1210 imposita
1305 1169 1343 1199 ad
1362 1169 1453 1199 aliam
1469 1179 1503 1199 se
1518 1169 1624 1210 legem

154 1227 267 1259 vertet,
281 1222 369 1252 nulla
381 1221 502 1252 ratione
516 1221 556 1252 ad
583 1221 808 1252 exhortandum
836 1223 1153 1264 persuadendumque
1184 1223 1304 1253 allata?
1328 1223 1493 1254 afferamus
1517 1230 1623 1254 autem

151 1276 186 1306 in
210 1275 344 1307 medium
356 1275 467 1306 modos
482 1275 633 1306 medendi
651 1275 743 1310 duos.
758 1276 871 1315 quibus
898 1276 952 1307 alii
980 1276 1098 1307 medici
1114 1277 1206 1308 aliter
1234 1287 1344 1308 curare
1369 1285 1599 1309 consueverunt
1613 1288 1622 1306 :

152 1336 188 1360 ut
216 1329 483 1372 quemadmodum
509 1329 599 1370 pueri
628 1328 787 1360 medicum
818 1335 921 1363 orant,
951 1335 986 1360 ut
1011 1332 1106 1360 modo
1134 1332 1268 1370 quodam
1298 1331 1448 1361 facillime
1486 1341 1541 1361 eos
1569 1341 1623 1361 cu—

150 1389 211 1420 ret,
239 1384 285 1415 ita
313 1389 347 1414 et
373 1393 432 1414 nos
461 1383 712 1424 legumlatorem.
736 1381 823 1423 quod
850 1387 886 1412 ut
906 1381 961 1412 fiat
983 1383 1134 1424 apertius,
1174 1393 1279 1414 nonne
1316 1382 1449 1414 dicimus
1473 1383 1623 1425 quosdam

152 1437 294 1469 medicos
315 1447 386 1468 esse
418 1442 452 1468 et
478 1437 632 1478 quosdam
645 1435 839 1467 medicorum
852 1435 1036 1467 ministros?
1061 1446 1140 1477 quos
1153 1436 1250 1467 etiam
1266 1437 1402 1468 medicos
1418 1438 1627 1479 appellamus.

155 1491 234 1523 ΟΜ.
255 1492 310 1523 Sic
338 1492 478 1523 omnino.
523 1491 662 1522 Arnim.
687 1490 761 1522 Sive
778 1490 868 1521 liberi
887 1490 952 1521 sint
974 1501 1030 1522 seu
1045 1491 1139 1530 servi,
1155 1491 1208 1532 qui
1223 1490 1423 1522 dominorum
1435 1491 1536 1533 jussu,
1549 1502 1624 1523 con-

153 1546 355 1582 sideratione,
383 1556 441 1577 usu
465 1550 499 1576 et
523 1545 721 1586 experientia
747 1550 846 1575 artem
857 1544 1064 1586 possideant:
1087 1556 1152 1576 non
1165 1550 1272 1576 autem
1286 1545 1459 1577 secundum
1469 1551 1626 1583 naturam,

153 1601 247 1632 sicuti
268 1601 370 1636 liberi,
399 1600 454 1642 qui
479 1605 512 1630 et
537 1599 602 1641 ipsi
629 1599 674 1630 sic
690 1599 868 1630 didicerunt
883 1606 916 1630 et
930 1610 1002 1631 suos
1018 1599 1099 1631 filios
1112 1600 1290 1631 instruunt?
1314 1610 1354 1631 an
1370 1601 1462 1642 ponis
1476 1601 1540 1632 duo
1556 1601 1624 1632 haec

155 1665 272 1697 genera
285 1654 506 1686 medicorum?
552 1654 630 1686 Cu.
654 1654 740 1691 Quid
771 1653 936 1695 prohibet?
982 1653 1120 1686 Anum.
1140 1654 1228 1686 Num
1251 1655 1347 1696 igitur
1373 1655 1536 1696 intelligis,
1551 1665 1623 1686 cum

153 1711 235 1741 servi
251 1715 285 1741 et
299 1709 387 1740 liberi
401 1710 435 1740 in
448 1709 576 1739 civitate
593 1713 757 1750 aegrotent,
773 1718 879 1739 servos
894 1718 914 1739 a
926 1708 1023 1739 servis
1036 1709 1219 1751 plerumque
1233 1709 1344 1745 curari,
1357 1709 1412 1751 qui
1426 1714 1459 1739 et
1472 1709 1506 1740 in
1522 1709 1624 1740 medi-

155 1774 260 1795 corum
274 1763 408 1794 officinis
422 1768 586 1794 versantur
601 1768 634 1794 et
650 1763 758 1794 omnia
773 1763 936 1795 circuunt?
960 1773 1020 1794 nec
1034 1764 1189 1794 rationem
1204 1764 1298 1794 ullam
1314 1764 1355 1794 de
1372 1764 1503 1804 singulis
1519 1774 1623 1795 servo-

154 1828 223 1849 rum
238 1818 354 1849 morbis
368 1823 422 1849 aut
435 1817 571 1848 reddunt
585 1822 641 1848 aut
655 1817 815 1859 accipiunt
828 1829 835 1847 :
852 1817 909 1849 sed
925 1828 993 1859 quae
1013 1829 1069 1848 usu
1084 1818 1231 1859 prodesse
1245 1818 1399 1854 videntur,
1412 1818 1501 1859 quasi
1515 1823 1625 1849 exacte

155 1872 305 1909 scientes,
328 1878 531 1915 tyrannorum
561 1872 659 1903 instar
680 1872 813 1913 superbe
838 1877 871 1902 et
884 1872 1088 1912 pertinaciter
1102 1872 1268 1913 imperant,
1282 1877 1374 1913 atque
1386 1872 1432 1902 ita
1446 1882 1465 1902 a
1479 1882 1566 1903 servo
1582 1871 1624 1904 ad

155 1936 280 1957 servum
291 1926 458 1957 medentes
470 1925 684 1957 transvolant?
711 1926 743 1956 in
769 1937 831 1968 quo
860 1936 935 1957 sane
952 1925 994 1957 ad
1007 1927 1163 1957 curandos
1177 1932 1365 1968 aegrotantes
1380 1925 1507 1957 domino
1522 1926 1624 1957 facili-

158 1986 255 2011 tatem
282 1985 407 2022 parant.
434 1980 513 2010 liber
539 1984 646 2010 autem
675 1979 817 2010 medicus
845 1980 1013 2012 liberorum
1038 1986 1073 2011 ut
1099 1981 1266 2022 plurimum
1292 1981 1415 2011 morbos
1429 1986 1516 2012 curat
1529 1986 1624 2022 atque

158 2035 347 2070 considerat,
371 2034 417 2064 ita
442 2039 478 2064 ut
494 2044 514 2064 a
532 2034 686 2075 pn‘ncipio
703 2034 798 2065 morbi
815 2040 957 2066 naturam
971 2035 1140 2076 perquirat,
1155 2035 1421 2076 communiterque
1441 2044 1513 2066 cum
1527 2045 1624 2076 aegro-

155 2093 245 2120 tante
268 2094 361 2130 atque
387 2088 458 2130 ejus
484 2088 591 2119 amicis
613 2093 766 2125 versetur,
789 2094 853 2120 tum
877 2089 1032 2121 discendo
1045 2089 1083 2120 ab
1098 2089 1161 2120 illis
1173 2089 1327 2125 nonnihil,
1342 2094 1422 2124 tum,
1437 2089 1538 2130 quoad
1557 2089 1624 2119 fieri

156 2147 276 2185 potest,
291 2143 435 2175 docendo
452 2154 459 2173 ι
483 2153 543 2174 nec
559 2148 652 2174 antea
665 2144 798 2185 imperat
813 2144 982 2186 quicquam
997 2154 1089 2186 quam
1102 2143 1303 2185 persuaserit.
1325 2148 1419 2185 atque
1440 2143 1484 2174 ita
1496 2153 1623 2184 persua-

157 2197 262 2229 dendo
279 2208 413 2239 semper,
429 2203 587 2228 mansuete
604 2198 642 2229 ad
660 2198 825 2229 sanitatem
839 2199 1012 2240 perducere
1037 2203 1224 2240 aegrotantes
1245 2203 1387 2230 conatur.
1411 2202 1479 2228 uter
1510 2197 1623 2228 melior

157 2257 206 2283 est
228 2256 262 2283 et
284 2251 426 2283 medicus
448 2257 481 2282 et
506 2252 710 2283 exercitator?
734 2253 788 2294 qui
814 2253 871 2289 sic,
898 2263 938 2285 an
966 2253 1020 2294 qui
1034 2253 1128 2284 modo
1141 2253 1198 2284 illo
1211 2254 1354 2284 medetur
1367 2259 1460 2294 atque
1475 2252 1624 2283 exercet?

159 2306 215 2347 qui
228 2306 378 2337 videlicet
393 2307 560 2347 dupliciter
576 2307 639 2338 vim
653 2317 745 2337 unam
763 2307 896 2348 perficit,
911 2317 952 2338 an
966 2308 1019 2349 qui
1035 2308 1218 2349 simpliciter
1231 2308 1242 2337 ?
1266 2312 1300 2338 et
1313 2318 1395 2344 eum,
1412 2307 1465 2349 qui
1485 2306 1625 2338 deterior

160 2370 198 2391 ex
221 2360 344 2391 duobus
371 2361 620 2401 atque'atrocior
632 2360 744 2392 modus
755 2366 816 2401 est,
831 2361 1035 2402 exsequitur?
1083 2361 1160 2393 Cm.
1184 2362 1324 2393 Multum
1344 2366 1482 2403 prrestat,
1498 2362 1624 2402 hospes,

160 2415 214 2456 qui
229 2415 288 2445 hoc
303 2414 471 2455 dupliciter
486 2415 616 2455 peragit.
652 2415 790 2446 Arnen.
813 2414 870 2446 vis
893 2426 981 2457 ergo,
994 2416 1112 2457 duplex
1127 2417 1184 2447 hoc
1197 2421 1290 2457 atque
1303 2416 1448 2457 simplex,
1465 2414 1624 2456 quomodo

160 2468 192 2498 in
220 2468 342 2509 legibus
352 2467 490 2498 ferendis
509 2468 574 2504 fiat,
595 2469 854 2500 consideremus?
901 2472 975 2502 Cu.
995 2470 1077 2501 Volo
1093 2470 1250 2511 equidem.
1294 2469 1431 2501 Arnen.
1454 2469 1528 2507 Dic,
1552 2479 1624 2511 age,

161 2533 218 2564 per
233 2522 330 2557 Deos,
345 2531 438 2563 quam
451 2522 530 2563 legis
545 2521 686 2553 conditor
699 2524 832 2564 primam
848 2525 947 2565 legem
963 2524 1137 2556 conscribet
1150 2525 1161 2554 ?
1188 2534 1227 2554 an
1254 2534 1318 2554 non
1343 2524 1514 2554 secundum
1526 2528 1622 2554 natu-

160 2587 225 2608 ram
255 2577 389 2618 primum
412 2575 620 2617 generationis
643 2576 676 2606 in
698 2577 824 2608 civitate
849 2578 1038 2619 principium
1062 2584 1135 2609 ante
1163 2577 1269 2609 omnia
1291 2577 1414 2618 legibus
1435 2577 1621 2608 exornabit?

163 2629 261 2672 [721]
275 2630 353 2662 Cu.
367 2630 477 2661 Plane.
499 2629 638 2661 Arnen.
649 2630 843 2672 Principium
855 2637 957 2663 autem
972 2632 1179 2674 generationis
1192 2632 1335 2663 omnibus
1347 2631 1524 2663 civitatibus
1537 2642 1623 2672 nup-

160 2684 276 2715 tiarum
306 2690 481 2716 conventus
507 2690 602 2726 atque
628 2685 817 2716 communio.
864 2684 940 2716 CLx.
972 2686 1102 2726 Utique.
1147 2685 1285 2716 Aruns.
1308 2685 1413 2722 Quare
1428 2685 1454 2716 si
1465 2685 1625 2727 nuptiales

163 2737 295 2778 primum
322 2739 408 2780 leges
434 2745 600 2780 ponantur,
626 2738 705 2769 bene
731 2739 771 2770 ad
798 2749 920 2771 omnem
948 2740 1107 2771 civitatem
1126 2745 1209 2770 recte
1232 2740 1487 2771 constituendam
1512 2739 1622 2780 positae

164 2791 361 2823 videbuntur.
406 2793 481 2824 CLr.
506 2793 557 2824 Sic
583 2799 631 2823 est
656 2794 795 2824 omnino.
840 2794 979 2825 Anien.
1001 2794 1185 2835 Simplicem
1210 2804 1282 2835 ergo
1307 2794 1441 2835 primum
1468 2793 1621 2827 dicamus,

164 2853 236 2884 quae
260 2845 303 2876 sic
333 2855 366 2876 se
392 2846 494 2877 forsan
521 2846 648 2878 habebit
662 2858 668 2876 :
693 2857 818 2877 uxorem
846 2849 977 2889 quisque
1005 2858 1023 2878 a
1047 2849 1205 2890 trigesimo
1232 2859 1313 2879 anno
1326 2859 1424 2889 usque
1441 2848 1479 2878 ad
1498 2846 1621 2887 trigesi-

165 2907 250 2929 mum
277 2899 418 2940 quintum
447 2900 554 2933 ducat.
575 2902 601 2933 si
628 2912 690 2933 non
720 2901 854 2939 duxerit,
884 2902 1018 2944 pecunia
1047 2903 1210 2935 mulctetur
1235 2908 1328 2945 atque
1345 2901 1509 2936 dedecore.
1525 2910 1621 2942 pecu-
