1840 3225
232 250 309 287 238
803 243 1066 283 PLATONIS
1610 241 1680 292 [19

231 350 341 393 optimi
363 348 481 390 abipso
502 347 591 378 initio
615 357 670 388 pro
693 347 805 378 viribus
827 349 1034 389 gignerentur,
1051 346 1245 387 magistratus
1268 345 1424 387 utriusque
1448 355 1538 376 sexus
1553 345 1674 386 nuptiis

231 404 464 448 praeposuimuS,
490 403 541 444 qui
556 403 637 434 clam
660 402 789 432 sortibus
802 402 983 443 quibusdam
1009 410 1134 441 operam
1157 400 1277 434 darent,
1304 406 1338 430 ut
1362 400 1447 441 pravi
1464 400 1577 440 pravis,
1603 399 1678 429 boni

232 464 340 491 contra
352 458 440 490 bonis
460 457 638 488 mulieribus
649 456 858 491 miscerentur,
886 466 987 497 neque
1012 455 1076 485 ulla
1100 455 1140 485 ob
1164 455 1223 485 hoc
1239 453 1394 485 discordia
1405 454 1544 489 oriretur,
1561 463 1632 483 cum
1645 453 1678 482 in

229 523 394 555 congressu
406 512 508 542 minus
531 520 678 552 prospero
702 511 831 551 quisque
847 510 999 541 fortunam
1020 509 1124 549 potius
1145 508 1184 539 sit
1210 518 1304 549 quam
1319 508 1482 538 consilium
1497 506 1674 548 principum

230 569 416 608 culpaturus.
458 565 512 596 Tr.
532 563 756 595 Recordamur.
801 564 855 595 So.
879 564 1035 594 Praeterea
1060 563 1215 592 sanximus
1248 561 1323 604 [19]
1348 561 1498 592 bonorum
1527 561 1618 591 foetus
1640 559 1675 590 in

228 622 328 664 patria
339 620 466 652 alendos
481 629 560 655 esse,
577 619 705 649 aliorum
719 628 792 648 vero
805 618 883 648 alios
895 617 957 647 alio
970 617 1051 647 clam
1062 615 1242 647 mittendos.
1256 615 1378 646 adultos
1390 614 1516 646 demum
1529 620 1675 654 utrosque

230 675 396 716 diligenter
409 671 659 708 considerandos,
680 678 724 708 ut,
741 672 766 702 si
778 672 829 713 qui
842 672 923 702 inter
938 671 1092 712 relegatos
1105 671 1195 700 bonae
1207 670 1324 700 indolis
1341 669 1413 705 sint,
1427 670 1458 699 in
1475 669 1606 710 patriam
1628 677 1678 697 re-

227 733 376 761 vocentur
388 740 398 767 3
420 728 445 758 si
460 727 512 768 qui
528 737 601 757 vero
612 727 694 757 inter
706 725 892 756 domesticos
905 730 1012 755 contra
1023 724 1186 754 videantur
1202 723 1319 759 affecti,
1333 723 1476 754 similiter
1487 723 1677 763 relegentur.

227 783 281 814 T1.
303 783 353 813 Ita
365 786 513 813 statutum
528 786 585 811 est.
628 780 680 811 So.
702 779 789 810 Num
804 780 877 810 satis
888 779 956 819 jam
971 780 1148 809 hesternam
1163 777 1416 819 disputationem,
1430 782 1580 819 quantum
1591 785 1673 807 com-

225 837 341 880 pendio
356 837 442 873 licet,
458 834 667 866 narravimus?
691 845 731 865 an
753 833 874 875 aliquid
898 833 993 863 etiam
1008 843 1025 863 a
1040 843 1090 863 me
1117 832 1371 874 praetermissum,
1386 842 1404 862 0
1430 831 1530 862 amice
1545 830 1677 864 Timaee,

225 890 377 924 recenseri
392 889 572 920 desideras?
615 889 668 919 Tr.
691 888 779 918 Nihil
795 898 881 918 sane.
902 888 969 918 haec
985 887 1069 917 enim
1083 887 1180 917 ferme
1195 891 1275 921 sunt,
1293 896 1361 926 quae
1378 891 1575 916 tractaveras.
1619 884 1675 914 So.

225 946 344 977 Audite
361 944 520 985 deinceps,
533 954 594 985 quo
609 947 701 984 pacto
715 952 790 983 erga
803 943 894 978 hanc,
908 951 1001 982 quam
1016 940 1246 981 descripsimus,
1259 950 1326 970 rem
1339 940 1496 981 publicam
1507 939 1567 969 sim
1576 937 1672 968 affec-

223 1004 284 1036 tus,
301 998 533 1040 comparatione
558 997 653 1038 plane
675 996 764 1027 vobis
786 995 935 1036 aperiam.
957 993 1219 1035 quemadmodum
1244 994 1270 1023 si
1294 994 1362 1035 quis
1378 993 1527 1023 animalia
1553 991 1674 1022 eximiae

225 1052 464 1096 pulchritudinis
477 1051 618 1087 intuitus,
635 1061 690 1081 seu
704 1050 800 1092 picta,
816 1059 872 1080 seu
885 1049 956 1079 viva
977 1048 1104 1090 quidem
1119 1047 1176 1078 sed
1190 1047 1357 1089 torpentia,
1382 1053 1484 1078 motus
1506 1050 1673 1087 gestusque

222 1107 396 1139 viventium
410 1111 443 1137 et
457 1111 616 1137 certamen
631 1103 758 1146 aliquod
773 1114 878 1136 eorum
892 1109 1032 1145 spectare
1048 1102 1205 1133 desideret
1218 1113 1224 1131 :
1249 1101 1294 1133 sic
1307 1112 1366 1143 ego
1375 1111 1458 1132 nunc
1469 1101 1605 1131 libenter
1617 1099 1677 1130 nli-

223 1173 318 1204 quem
331 1165 508 1192 narrantem
520 1159 670 1195 audirem,
687 1169 748 1200 quo
763 1164 856 1200 pacto
879 1168 971 1199 supra
992 1156 1149 1198 descripta
1163 1156 1274 1187 civitas
1297 1166 1369 1186 cum
1384 1154 1526 1186 finitimis
1540 1153 1675 1185 civitati-

222 1217 281 1248 bus
296 1216 480 1250 decertaret,
494 1213 607 1255 quidve
620 1218 708 1244 tanta
719 1212 789 1254 ejus
798 1211 983 1243 educatione
995 1210 1224 1252 disciplinaque
1237 1210 1367 1251 dignum
1382 1209 1414 1239 in
1427 1209 1510 1240 bello
1519 1208 1570 1239 vel
1583 1217 1672 1248 pace.

223 1275 289 1301 tam
303 1268 438 1300 dicendo
453 1278 546 1310 quam
561 1267 693 1309 agendo,
706 1277 780 1308 erga
792 1266 935 1297 civitates
949 1265 1087 1306 singulas
1101 1264 1338 1294 demonstraret.
1361 1261 1528 1304 Equidem,
1543 1271 1563 1292 ο
1574 1261 1674 1293 Critia

221 1328 255 1355 et
270 1324 498 1358 Hermocrates,
511 1322 589 1352 mihi
605 1321 744 1352 conscius
757 1331 834 1355 sum,
846 1331 911 1350 non
925 1329 1015 1361 posse
1031 1329 1081 1349 me
1096 1329 1165 1348 eam
1177 1319 1285 1349 urbem
1294 1317 1438 1358 virosque
1454 1326 1508 1358 pro
1520 1315 1672 1357 dignitate

221 1378 361 1408 laudare.
373 1386 425 1407 me
441 1375 570 1416 quidem
582 1385 644 1406 non
663 1383 750 1416 posse
765 1373 844 1404 nihil
860 1373 971 1403 mirum
985 1384 993 1411 3
1010 1372 1065 1403 sed
1080 1372 1119 1402 de
1129 1373 1287 1402 veteribus
1296 1381 1418 1413 quoque
1428 1376 1461 1401 et
1473 1369 1563 1411 liujus
1574 1369 1672 1400 seculi

220 1431 322 1474 poetis
345 1431 428 1461 idem
456 1429 597 1460 existimo
612 1440 618 1457 :
644 1438 706 1459 non
732 1437 793 1469 quo
817 1427 977 1468 poeticum
1001 1436 1098 1468 genus
1121 1431 1331 1461 contemnam,
1347 1424 1403 1455 sed
1431 1423 1515 1466 quod
1540 1422 1671 1454 evidens

221 1485 388 1527 unicuique
404 1484 455 1520 sit,
478 1482 661 1513 imitationis
682 1482 835 1513 studiosos
862 1492 899 1512 ea
921 1481 1014 1511 facile
1040 1485 1072 1510 et
1087 1480 1205 1521 optime
1225 1479 1350 1515 imitari,
1378 1479 1410 1509 in
1425 1478 1536 1520 quibus
1557 1477 1674 1508 suerint

220 1539 344 1572 educati
358 1551 367 1578 3
389 1538 494 1569 aliena
507 1547 579 1567 vero
594 1537 747 1578 longeque
766 1536 804 1566 ab
819 1546 925 1566 eorum
949 1534 1134 1565 educatione
1150 1538 1267 1564 remota
1290 1534 1434 1574 operibus
1449 1531 1576 1573 quidem
1591 1530 1670 1561 diffi-

220 1595 291 1630 cile,
316 1593 417 1624 verbis
439 1592 534 1622 etiam
558 1590 715 1621 difficilius
739 1599 841 1631 posse,
867 1594 961 1630 prout
985 1588 1142 1625 convenit,
1168 1588 1318 1617 aemulari.
1340 1586 1493 1627 sophistas
1516 1586 1624 1627 utique
1640 1589 1673 1615 et

219 1647 346 1679 dicendi
360 1651 392 1677 et
405 1646 535 1677 aliarum
550 1645 646 1675 ferme
672 1643 974 1684 praeclasissimarum
997 1641 1110 1672 artium
1125 1642 1242 1683 peritos
1263 1652 1332 1672 esse
1355 1641 1502 1671 arbitror:
1527 1638 1584 1670 sed
1597 1639 1671 1681 quia

219 1702 333 1733 multas
348 1699 487 1742 quotidie
500 1697 642 1730 civitates
658 1701 818 1738 pererrant
830 1707 889 1728 nec
906 1695 1044 1737 proprias
1060 1696 1150 1726 sedes
1164 1696 1243 1726 ullas
1263 1696 1390 1731 habent,
1414 1704 1520 1725 vereor
1534 1703 1575 1724 ne
1590 1703 1669 1724 con—

214 1755 336 1797 jectura
344 1753 478 1796 ‚quidem
492 1752 614 1793 assequi
630 1755 798 1792 nequeant,
814 1761 908 1792 quam
922 1751 1020 1780 multa
1031 1755 1064 1780 et
1075 1750 1180 1791 qualia
1188 1749 1244 1780 viri
1256 1749 1434 1791 philosophi
1446 1753 1540 1789 atque
1553 1747 1671 1783 civiles,

220 1815 285 1840 tam
299 1809 383 1840 bello
399 1818 492 1849 quam
506 1817 596 1848 pace,
612 1816 685 1846 erga
702 1805 841 1847 singulos
856 1805 959 1835 verbis
973 1809 1005 1835 et
1018 1804 1163 1844 operibus
1179 1809 1284 1844 agant.
1299 1803 1366 1833 sola
1381 1802 1474 1843 igitur
1489 1806 1589 1832 vestra
1598 1810 1669 1842 pro-

219 1864 312 1894 fessio
327 1866 480 1904 superest,
494 1866 558 1891 tum
572 1865 682 1891 natura
697 1865 763 1891 tum
789 1859 953 1900 disciplina
969 1858 1180 1901 philosophiae
1204 1858 1278 1900 [20]
1304 1862 1336 1887 et
1352 1867 1452 1887 rerum
1467 1854 1670 1898 gerendarum

221 1917 325 1948 studio
339 1917 473 1958 pollenS.
494 1915 632 1945 Timaeus
647 1913 774 1955 quidem
788 1913 847 1944 iste
865 1923 900 1943 ex
917 1913 1034 1948 Locris,
1050 1922 1120 1953 quae
1137 1912 1208 1942 urbs
1223 1912 1255 1941 in
1270 1910 1364 1941 Italia
1373 1909 1543 1951 justissime
1559 1909 1670 1950 guber-

221 1966 323 2008 natur,
346 1970 511 2001 nobilitate
539 1974 572 1998 et
600 1968 713 2009 opibus
742 1967 1027 2008 praestantissimus,
1057 1965 1184 1996 summis
1213 1965 1443 2006 magistratibus
1459 1969 1491 1993 et
1505 1963 1671 1993 honoribus

220 2026 343 2056 functus
359 2029 416 2060 est,
443 2028 475 2053 et
491 2022 531 2053 ad
547 2032 664 2052 summa
680 2021 771 2052 totius
785 2021 990 2062 philosophiae
1006 2020 1142 2060 fastigia,
1158 2024 1193 2049 ut
1208 2019 1327 2060 opinor,
1343 2016 1493 2048 ascendit.
1539 2015 1670 2048 Critiam

222 2089 346 2120 quoque
362 2077 476 2109 scimus
488 2077 555 2106 haec
572 2081 702 2116 utraque
718 2082 930 2106 consecutum.
953 2074 1164 2105 Hermocratis
1179 2074 1271 2104 etiam
1284 2077 1427 2102 naturam
1437 2070 1670 2102 educationem*

220 2142 281 2174 que
296 2132 344 2162 his
360 2130 513 2165 omnibus,
539 2139 608 2170 quae
624 2129 769 2169 diximus,
791 2129 959 2160 tractandis
975 2139 1041 2159 csse
1066 2126 1342 2162 accommodatam,
1367 2137 1437 2157 cum
1457 2125 1564 2156 multis
1585 2124 1671 2155 testi-

221 2185 334 2217 moniis
349 2194 538 2219 moneamur,
553 2183 693 2213 dubitare
708 2193 770 2213 non
786 2182 869 2213 licet.
885 2186 1073 2223 quapropter
1085 2180 1264 2221 rogantibus
1277 2180 1363 2210 vobis
1374 2179 1439 2210 heri
1450 2179 1490 2209 de
1503 2189 1532 2209 re
1545 2177 1671 2219 publica

220 2238 382 2281 disputari,
398 2237 596 2269 libentissime
612 2237 711 2278 parui,
726 2247 795 2267 cum
812 2236 990 2277 cogitarem,
1007 2235 1089 2276 quod
1107 2234 1221 2265 deinde
1235 2233 1381 2264 instituto
1392 2231 1478 2274 operi
1488 2232 1670 2273 superforet,

219 2305 237 2325 a
253 2292 376 2324 nemine
391 2291 583 2322 commodius
597 2301 689 2331 quam
713 2301 731 2320 a
746 2290 843 2325 vobis,
860 2290 952 2319 modo
975 2289 1088 2325 velitis,
1106 2298 1193 2328 posse
1218 2287 1349 2318 tractari.
1371 2297 1440 2318 cum
1464 2287 1547 2317 enim
1562 2285 1670 2317 civita-

220 2353 282 2378 tem
297 2347 336 2377 ad
353 2345 468 2376 bellum
484 2344 626 2375 idoneam
651 2344 880 2379 constitueritis,
897 2344 953 2373 soli
976 2342 1113 2373 omnium
1140 2351 1203 2377 vos,
1219 2352 1288 2382 quae
1312 2351 1379 2371 eam
1395 2341 1519 2376 decent,
1535 2339 1668 2370 vicissim

219 2401 324 2432 onmia
339 2399 490 2431 tribuetis.
512 2409 583 2430 cum
599 2409 670 2429 vero
684 2398 717 2428 in
734 2397 950 2439 superioribus,
966 2406 1034 2438 quae
1051 2395 1125 2425 mibi
1141 2395 1281 2436 injuncta
1302 2394 1434 2430 fuerant,
1451 2393 1645 2435 perfecissem
1661 2405 1667 2424 :

221 2466 291 2498 quae
306 2454 398 2486 modo
414 2453 515 2490 retuli,
530 2452 618 2483 vobis
633 2452 791 2484 tractanda
809 2451 960 2487 commisi,
986 2460 1039 2480 vos
1063 2455 1164 2480 autem
1189 2449 1345 2479 communi
1367 2459 1519 2480 consensu
1536 2448 1669 2489 impera-

219 2516 283 2540 tum
298 2518 408 2540 munus
424 2511 530 2538 mutuo
547 2507 621 2536 mihi
636 2506 764 2548 parandi
779 2515 861 2536 nunc
877 2514 1050 2535 sermonum
1062 2503 1197 2534 convivii
1208 2503 1377 2544 recepistis.
1389 2512 1448 2543 ego
1459 2501 1550 2544 igitur
1561 2502 1668 2532 adsum

220 2565 259 2595 ad
278 2563 440 2605 promissas
453 2560 560 2602 epulas
577 2561 796 2602 paratissimus.
842 2559 933 2590 Hm.
958 2557 1026 2588 Nos
1041 2568 1166 2599 quoque
1181 2567 1301 2593 omncs,
1316 2567 1335 2587 o
1360 2556 1513 2591 Socrates,
1530 2560 1564 2585 ut
1578 2554 1671 2596 polli-

217 2616 297 2648 citus
312 2621 360 2647 est
374 2616 467 2645 modo
480 2615 626 2652 Timaeus,
641 2615 725 2656 quod
744 2614 848 2655 jubes,
867 2623 920 2654 pro
936 2612 1049 2642 viribus
1064 2622 1284 2653 exsequemur:
1311 2610 1476 2652 praesertim
1499 2619 1569 2640 curn
1585 2608 1671 2639 nulla

218 2669 387 2702 excusandi
401 2669 442 2700 sit
456 2669 544 2705 ratio,
570 2679 631 2710 quo
649 2669 747 2699 minus
770 2668 802 2698 id
819 2668 919 2698 facere
935 2667 1112 2697 debeamus.
1129 2676 1200 2696 nam
1215 2664 1368 2707 praeterito
1384 2664 1448 2699 die,
1463 2673 1546 2702 cum,
1560 2662 1670 2704 dispu-

216 2724 336 2755 tatione
351 2728 487 2764 peracta,
502 2733 572 2753 mox
588 2723 628 2753 ad
644 2722 825 2764 hospitium,
841 2732 903 2763 quo
919 2721 1002 2762 apud
1019 2720 1145 2752 Critiam
1157 2719 1290 2760 suscepti
1306 2727 1422 2754 sumuS,
1436 2717 1615 2752 rediremus,
1638 2722 1671 2747 et

219 2779 299 2809 inter
314 2777 449 2808 eundum
474 2776 570 2817 primo
597 2782 628 2806 et
651 2777 735 2807 domi
761 2786 861 2807 rursus
887 2776 925 2806 de
948 2775 995 2805 liis
1016 2776 1105 2806 rebus
1131 2774 1221 2804 verba
1245 2773 1385 2804 fecimus.
1407 2771 1457 2802 hic
1472 2771 1565 2812 igitur
1579 2770 1669 2801 nobis

223 2836 355 2863 veterem
371 2830 503 2860 narravit
517 2830 671 2860 historiam
688 2842 694 2859 :
720 2841 811 2872 quam
828 2829 931 2866 velim,
947 2839 965 2859 0
981 2827 1092 2869 Critia,
1108 2827 1227 2859 Socrati
1241 2827 1334 2857 modo
1351 2835 1521 2865 recenseas,
1535 2830 1581 2862 ut,
1597 2834 1667 2856 cum

224 2885 389 2925 audiverit,
400 2883 532 2925 judicet,
549 2885 688 2925 nunquid
705 2886 744 2915 ad
761 2895 826 2915 cam
842 2895 918 2920 rem,
934 2894 1025 2924 quam
1042 2893 1098 2913 nos
1113 2880 1238 2923 exsequi
1255 2880 1363 2921 jussit,
1376 2879 1550 2910 conducere
1565 2877 1668 2908 videa·

223 2945 280 2970 tur.
325 2938 403 2970 Cm.
429 2937 618 2969 Faciundum
635 2942 692 2979 cst,
707 2938 732 2969 si
747 2939 790 2969 ita
805 2938 922 2969 Timaeo
946 2947 1068 2978 quoquc
1086 2936 1217 2978 videtur,
1236 2935 1322 2966 tertio
1338 2932 1555 2975 disputationis
1571 2930 1664 2971 hujus
