1840 3225
200 225 280 265 424
791 225 1055 264 PLATONIS
1557 226 1652 277 [916

205 337 384 369 comparare
406 337 501 368 quam
526 327 580 358 ille
604 328 776 369 possideat,
790 330 845 370 qui
860 329 1020 365 liberavit:
1043 328 1097 359 sed
1114 328 1264 369 quicquid
1277 328 1347 369 plus
1360 328 1511 364 habuerit,
1526 328 1653 358 domino

204 380 306 412 detur.
329 382 457 412 libertus
474 388 590 418 autem,
605 383 687 414 sicut
701 389 734 413 et
745 384 911 424 peregrini,
922 385 1006 415 ultra
1019 383 1130 424 viginti
1143 392 1240 413 annos
1252 383 1283 413 in
1294 383 1421 414 civitate
1432 393 1497 413 non
1510 387 1653 419 maneat3

205 435 262 465 sed
285 441 357 476 post
380 435 412 466 id
436 437 601 478 temporis,
625 438 715 473 bonis
738 438 801 468 suis
825 439 975 479 acceptis,
1000 440 1111 475 abeat3
1135 437 1192 467 nisi
1219 436 1347 467 domino
1371 437 1531 477 qnondam
1549 445 1606 466 suo
1621 442 1655 465 et

205 489 438 530 magistratibus
461 491 662 532 persuaserit.
693 492 719 522 si
746 497 849 522 autem
873 492 977 522 liberti
1007 498 1041 522 et
1073 492 1231 532 peregrini
1257 490 1390 531 alicujus
1416 490 1498 521 bona
1524 490 1654 521 tertium

205 553 336 574 censum
359 546 556 581 excesserint,
579 544 741 586 trigesimo
765 546 827 582 die,
850 552 1055 588 posteaquam
1084 546 1143 575 hoc
1164 545 1284 575 factum
1304 545 1573 585 deprehensumve
1603 543 1656 578 sit,

206 598 297 628 rebus
311 599 372 629 suis
387 599 526 640 acceptis
538 599 666 630 recedat
684 611 690 629 ε
714 611 774 630 nec
788 600 853 630 ulla
867 600 924 630 sibi
940 601 1071 631 ulterius
1086 600 1234 630 manendi
1248 599 1382 629 facultas
1393 597 1657 638 amagistratibus

202 652 403 684 concedatur.
427 654 499 684 huic
513 654 577 695 legi
591 655 615 684 si
630 654 699 695 quis
713 664 776 684 non
785 654 1014 695 obtemperasse
1030 654 1253 684 condemnatus
1261 653 1369 688 fuerit,
1387 657 1486 682 morte
1499 652 1656 692 plectatur

205 712 238 737 et
264 707 347 737 bona
361 718 418 738 sua
432 707 465 738 in
480 708 638 749 publicum
654 709 848 749 redigantur.
871 709 936 738 liaec
958 708 1093 738 tribuum
1113 707 1240 749 judices
1256 711 1448 748 cognoscant
1464 717 1470 735 :
1495 705 1554 735 nisi
1568 704 1656 745 prius

204 771 262 801 per
288 761 406 791 vicinos
431 767 463 792 et
487 763 617 793 arbitros
637 763 797 803 litigantes
816 762 975 794 conciliati
996 762 1123 792 suerint·
1144 762 1171 791 si
1197 761 1265 802 quis
1280 761 1395 791 animal
1409 765 1464 790 aut
1478 769 1546 789 rem
1561 758 1655 788 aliam

206 824 295 845 suam
310 825 378 845 esse
388 815 466 846 dicit
478 827 484 845 ε
509 817 564 857 qui
576 816 681 855 habet,
697 816 736 846 ad
749 827 819 846 eum
831 816 955 851 referat,
968 816 1022 856 qui
1034 816 1179 846 vendidit
1190 816 1241 845 vel
1254 815 1390 856 legitime
1403 814 1657 853 sufficienterque

206 868 336 900 donavit
359 870 410 900 vel
436 871 715 911 quomodocunque
744 870 831 900 aliter
856 870 958 900 valide
982 870 1172 910 firmiterque
1197 868 1349 900 tradidit:
1372 873 1405 898 et
1426 867 1552 902 veritas,
1576 865 1601 896 si
1617 864 1659 896 ad

205 923 307 954 civem
329 924 380 954 vel
406 924 490 954 urbis
517 924 652 954 incolam
665 924 721 954 ilie
736 924 857 959 retulit,
872 924 956 953 iutra
976 924 1107 963 triginta
1121 923 1189 953 dies
1204 922 1382 952 inveniatur
1398 933 1404 950 :
1430 921 1478 951 sin
1496 926 1600 950 autem
1616 919 1657 949 ad

205 982 361 1013 externos,
376 978 537 1008 mensibus
551 978 708 1018 quinque:
733 987 863 1018 quorum
886 976 1008 1007 medius
1031 977 1085 1006 ille
1110 976 1151 1006 sit
1165 976 1290 1011 mensis,
1305 975 1340 1005 in
1355 985 1419 1016 quo
1435 974 1474 1004 ab
1489 974 1598 1004 aestivo
1613 974 1659 1004 sol

205 1031 320 1062 circulo
334 1031 375 1061 ad
386 1031 552 1062 hiemalem
563 1032 707 1062 recurrit.
728 1041 926 1072 quaecunque
947 1031 1083 1061 emendo
1103 1029 1334 1070 vendendoque
1358 1033 1599 1063 commutantur,
1624 1028 1659 1058 'm

204 1089 320 1116 statuto
331 1085 390 1115 fori
398 1085 468 1115 loco
476 1090 703 1126 permutentur,
716 1085 820 1115 dando
832 1085 1080 1126 accipiendoque
1092 1085 1175 1115 ultro
1187 1084 1327 1124 citroque
1339 1093 1402 1113 rem
1421 1088 1453 1113 et
1462 1083 1508 1113 rei
1522 1082 1658 1124 pretium

205 1139 304 1176 illico,
321 1149 379 1170 nec
395 1139 510 1170 alicubi
525 1139 610 1170 alibi.
631 1139 721 1170 nulla
744 1149 818 1170 vero
841 1139 959 1180 emptio
975 1138 1177 1180 venditioque
1201 1138 1242 1168 ad
1257 1138 1424 1169 terminum
1438 1137 1504 1168 fiat.
1527 1135 1614 1178 quod
1635 1135 1663 1166 si

207 1194 298 1224 aliter
313 1199 369 1224 aut
383 1194 416 1223 in
431 1194 498 1223 aliis
514 1193 591 1225 locis
607 1194 793 1235 permutatio
807 1193 891 1223 sacta
906 1193 1010 1229 fuerit,
1027 1193 1151 1223 nullum
1171 1193 1212 1222 sit
1233 1192 1405 1223 secundum
1419 1192 1520 1232 legem
1537 1190 1577 1221 de
1591 1190 1663 1231 ipsa

202 1247 368 1288 judicium.
393 1249 449 1278 sed
466 1258 526 1279 nec
546 1249 586 1278 de
611 1248 790 1283 collatione,
814 1258 886 1278 cum
899 1247 1044 1277 nonnulli
1060 1247 1100 1277 ad
1115 1246 1236 1288 aliquid
1251 1247 1330 1277 inter
1343 1256 1377 1277 se
1393 1246 1549 1287 agendum
1563 1255 1662 1286 pecu-

207 1301 290 1332 niam
315 1303 367 1332 vel
389 1302 520 1343 quodvis
546 1302 633 1333 aliud
659 1303 831 1339 conferant,
848 1301 1007 1342 judicium
1031 1301 1194 1333 reddatur.
1217 1300 1372 1337 venditor,
1388 1300 1450 1342 qui
1464 1299 1602 1341 pretium
1616 1299 1663 1330 rei

208 1355 345 1386 venditae
372 1367 436 1387 non
464 1357 568 1387 minus
592 1368 686 1398 quam
710 1357 939 1397 quinquaginta
971 1356 1144 1392 drachmas,
1170 1355 1304 1396 accepit,
1334 1355 1442 1385 decem
1471 1355 1506 1384 in
1534 1354 1663 1385 civitate

209 1409 385 1440 necessario
410 1409 476 1440 dies
494 1415 677 1451 exspectet3
700 1420 760 1440 nec
788 1410 989 1440 diversorium
1013 1409 1085 1450 ejus
1111 1415 1234 1450 emptor
1258 1409 1394 1450 ignoret.
1418 1408 1515 1449 [916]
1538 1408 1571 1438 id
1587 1416 1665 1438 vero

209 1464 404 1504 querelarum
430 1463 705 1505 redditionumque
731 1464 940 1505 legitimarum
966 1464 1075 1503 gratia,
1091 1474 1161 1505 quae
1176 1463 1208 1493 in
1223 1463 1270 1494 his
1286 1463 1469 1504 contingere
1482 1462 1596 1498 solent,
1617 1461 1664 1492 ita

210 1517 277 1547 fieri
302 1518 456 1549 volumus.
477 1518 613 1549 redditio
636 1524 740 1549 autem
756 1518 895 1559 legitima
909 1528 927 1548 a
940 1529 1003 1548 non
1018 1518 1157 1559 legitima
1171 1518 1215 1549 ita
1229 1517 1424 1548 discernitur.
1446 1517 1572 1558 quando
1595 1516 1666 1557 quis

210 1580 333 1602 servum
356 1572 511 1608 vendidit,
537 1573 685 1614 phrenesi
706 1573 757 1603 vel
779 1573 902 1604 calculo
922 1573 972 1602 vel
987 1573 1165 1613 stranguria
1181 1573 1231 1602 vel
1244 1582 1282 1602 eo
1297 1572 1417 1607 morbo,
1433 1581 1524 1612 quem
1539 1580 1662 1601 sacrum

211 1626 386 1666 appellant,
412 1631 466 1657 aut
488 1627 550 1657 alia
569 1628 681 1668 quavis
701 1627 843 1668 plurimis
857 1627 980 1657 occ'ulta
993 1632 1024 1657 et
1038 1627 1132 1667 longa
1147 1631 1179 1657 et
1195 1636 1276 1667 aegre
1291 1625 1423 1656 sanabili
1443 1624 1584 1666 corporis
1596 1624 1663 1654 sive

211 1680 323 1710 mentis
338 1681 524 1721 {egritudine
535 1681 738 1717 laborantem,
750 1681 776 1712 si
787 1680 928 1711 medicus
940 1687 994 1711 aut
1006 1681 1218 1722 gymnasticus
1230 1680 1315 1716 emit,
1330 1679 1464 1710 reddere
1479 1689 1543 1709 non
1554 1678 1664 1709 liceat:

212 1733 269 1765 sed
293 1744 352 1765 nec
377 1735 484 1776 etiam,
509 1736 635 1776 quando
659 1735 803 1766 venditor
827 1736 961 1776 empton’
985 1735 1084 1766 cuivis
1105 1735 1267 1765 veritatem
1283 1733 1474 1776 praedixerit.
1496 1733 1544 1763 sin
1560 1738 1667 1763 autem

212 1788 321 1819 artifex
336 1789 449 1830 aliquis
463 1789 642 1830 hujusmodi
657 1800 756 1820 rerum
770 1789 889 1830 peritus
905 1789 1012 1829 ignaro
1028 1794 1061 1819 et
1074 1789 1146 1819 rudi
1161 1788 1296 1829 cuipiam
1322 1789 1385 1818 tale
1411 1786 1530 1829 aliquid
1555 1787 1666 1818 vendi-

212 1843 279 1874 dit:
303 1838 357 1884 qni
380 1843 466 1879 emit,
491 1844 567 1874 citra
590 1855 645 1875 sex
670 1854 792 1874 menses
814 1844 847 1874 in
873 1843 965 1873 aliis:
990 1843 1022 1873 in
1049 1843 1155 1874 morbo
1176 1852 1250 1873 vero
1277 1851 1364 1873 sacro
1378 1852 1477 1882 usque
1493 1841 1533 1872 ad
1549 1851 1667 1871 annum

212 1897 370 1938 integrum
390 1898 522 1929 reddere
548 1899 657 1940 possit.
674 1898 832 1939 judicium
853 1908 929 1928 vero
950 1898 1058 1928 harum
1082 1908 1185 1928 rerum
1201 1896 1285 1938 apud
1300 1896 1438 1927 medicos
1454 1900 1575 1936 agatur,
1589 1903 1667 1936 quos

212 1952 368 1982 communi
394 1962 548 1983 consensu
570 1953 729 1994 litigantes
755 1951 919 1993 elegerint.
941 1957 974 1982 et
997 1953 1050 1993 qui
1071 1953 1297 1983 condemnatus
1308 1950 1412 1986 fuerit,
1427 1949 1557 1990 duplum
1572 1948 1668 1990 pretii

213 2005 294 2046 ejus,
311 2016 372 2047 quo
388 2006 540 2043 vendidit,
555 2007 688 2047 empton'
703 2007 872 2047 persolvat.
896 2005 979 2047 quod
995 2006 1021 2036 si
1038 2006 1198 2047 imperitus
1223 2004 1367 2046 imperito
1388 2002 1544 2044 vendidit,
1555 2012 1667 2044 quem·

215 2059 381 2091 admodum
411 2060 450 2091 de
473 2061 681 2101 superioribus
703 2062 823 2091 dictum
837 2065 896 2096 cst,
912 2060 1046 2091 redditio
1065 2060 1284 2102 judiciumque
1298 2059 1370 2089 fiat:
1395 2057 1494 2099 etqui
1507 2056 1669 2088 convictus

214 2115 321 2154 suerit,
338 2115 468 2156 simplex
485 2116 621 2156 pretium
636 2115 765 2145 deferat.
788 2114 913 2155 quando
929 2115 996 2155 quis
1009 2114 1201 2145 homicidam
1214 2112 1367 2149 vendidit,
1385 2112 1410 2142 si
1425 2111 1528 2143 sciens
1537 2111 1667 2152 quidem

215 2169 337 2205 scienti,
351 2179 414 2200 non
430 2169 575 2199 reddatur
588 2181 593 2198 :
619 2169 645 2199 si
661 2168 825 2204 nescienti,
841 2174 917 2199 tunc
930 2168 1090 2204 reddatur,
1108 2168 1233 2209 quando
1249 2166 1381 2197 senserit
1396 2171 1535 2206 emptor.
1549 2163 1583 2195 id
1595 2174 1670 2194 vero

212 2223 353 2264 juniores
373 2223 413 2253 de
440 2224 542 2264 legum
567 2222 747 2254 custodibus
760 2222 897 2263 quinque
913 2227 1115 2263 cognoscant.
1138 2232 1175 2252 ac
1189 2221 1216 2251 si
1230 2231 1292 2251 non
1307 2221 1466 2261 ignorasse
1478 2218 1668 2254 invenietur,

217 2278 366 2318 emptoris
390 2277 517 2308 domum
542 2277 642 2318 primo
663 2277 836 2307 secundum
850 2277 954 2317 legem
976 2277 1179 2316 interpretum
1205 2285 1223 2305 a
1237 2274 1368 2315 piaculis
1392 2278 1523 2314 purget:
1549 2272 1668 2304 deinde

217 2332 310 2373 pretii
322 2331 447 2373 triplum
462 2331 509 2362 illi
521 2331 668 2372 deponat.
682 2331 735 2372 qui
747 2331 908 2361 minimum
919 2340 975 2371 pro
988 2330 1138 2369 minimis,
1150 2334 1203 2359 aut
1213 2328 1332 2369 quaevis
1342 2327 1499 2363 animalia,
1513 2332 1545 2357 et
1555 2332 1672 2362 cetera,

220 2396 414 2428 quaecunque
429 2385 519 2422 velit,
535 2390 713 2421 commutat,
726 2394 784 2416 nec
795 2385 906 2415 afferat
920 2394 979 2415 nec
995 2384 1129 2424 accipiat
1144 2382 1352 2413 adulteratum
1361 2382 1541 2423 quicquam,
1551 2381 1673 2421 legem·

218 2451 279 2483 que
304 2441 397 2471 istam
427 2440 594 2481 diligenter
619 2441 772 2471 observet.
796 2439 852 2469 sed
869 2439 939 2469 liuic
953 2448 1074 2479 quoque
1090 2436 1165 2478 legi,
1178 2435 1439 2478 quemadmodum
1454 2435 1575 2476 legibus
1590 2434 1672 2470 aliis,

219 2494 378 2526 exordium
401 2499 614 2536 praeponatur.
636 2493 894 2524 adulterationein
919 2493 1049 2533 quidem
1070 2490 1268 2521 mendacium
1282 2490 1566 2531 deceptionemque
1583 2487 1675 2529 quasi

220 2559 319 2591 genus
327 2559 423 2579 unum
435 2554 546 2589 putare
561 2553 695 2590 oportet.
716 2547 749 2578 in
774 2557 836 2589 quo
858 2557 934 2578 sane
955 2547 1122 2577 multorum
1136 2544 1332 2576 damnandus
1348 2549 1397 2575 est
1412 2553 1525 2579 sermo,
1541 2543 1595 2584 qui
1609 2543 1670 2574 hoc

218 2603 299 2644 ips0,
323 2602 571 2644 quandocunque
597 2607 772 2643 opportune
801 2602 849 2641 fit,
874 2606 960 2632 recte
988 2611 1021 2631 se
1047 2601 1094 2631 uti
1117 2600 1292 2630 affirmant:
1317 2607 1451 2638 cumque
1475 2597 1671 2628 occasionem

222 2657 334 2699 ipsam,
348 2656 401 2687 ubi
416 2664 448 2686 et
460 2656 597 2697 quando,
612 2667 674 2687 non
688 2656 909 2691 determinent,
928 2660 960 2686 et
974 2655 1030 2684 sibi
1044 2660 1077 2685 et
1089 2654 1158 2685 aliis
1173 2654 1232 2684 hoc
1248 2653 1343 2683 verbo
1367 2652 1499 2682 multum
1523 2649 1673 2681 officiunt.

221 2710 300 2751 legis
315 2717 417 2740 autem
432 2711 512 2740 lator
535 2711 577 2740 ita
600 2709 872 2740 indeterminatum
897 2710 980 2740 istud
1006 2719 1068 2739 nou
1091 2708 1238 2739 omittet:
1263 2706 1321 2737 sed
1339 2706 1506 2746 diligenter
1530 2704 1674 2745 pluribus

222 2763 457 2805 paucioribusve
484 2764 627 2795 terminis
650 2764 832 2795 declarabit.
853 2763 939 2805 atqui
963 2768 995 2794 et
1013 2773 1096 2794 nunc
1123 2763 1168 2793 ita
1191 2760 1436 2792 determinetur:
1476 2768 1566 2789 nemo
1600 2757 1672 2789 Diis

222 2817 378 2848 invocatis
405 2818 601 2848 mendacium
623 2818 718 2854 dicat,
742 2823 797 2849 aut
821 2817 970 2858 decipiat,
990 2823 1044 2847 ant
1069 2817 1245 2847 adulterare
1266 2813 1361 2844 verbo
1386 2812 1435 2843 vel
1451 2822 1484 2843 re
1503 2812 1672 2854 quicquam

221 2871 346 2907 audeat,
371 2871 430 2902 nisi
452 2871 526 2901 Dco
551 2872 625 2902 velit
650 2872 723 2903 odio
746 2883 825 2903 csse.
849 2871 946 2914 [917]
971 2871 1021 2903 cui
1048 2870 1172 2912 quidem
1192 2869 1326 2910 primum
1355 2866 1428 2897 odio
1452 2874 1510 2901 est,
1526 2866 1578 2907 qui
1594 2866 1673 2896 falso

217 2925 326 2966 jurans
350 2923 438 2958 Deos
453 2926 540 2967 parvi
560 2926 670 2972 pendit
689 2939 693 2958 :
720 2926 835 2959 deinde
851 2926 905 2968 qui
919 2936 1022 2958 coram
1047 2924 1213 2966 majoribus
1228 2933 1260 2954 se
1276 2921 1431 2954 mentitur.
1453 2920 1582 2962 majores
1597 2929 1674 2951 vero
