1840 3225
212 232 287 271 100
844 228 1112 269 PLATONIS
1583 230 1681 282 [354

208 335 303 366 modo
326 334 520 366 dicendum?
565 333 680 367 anu.
703 332 836 365 Eodem.
879 333 936 366 So.
964 333 1116 375 Nunquid
1141 332 1225 364 oculi
1253 342 1332 374 opus
1357 342 1446 363 suurn
1469 331 1599 374 pulchre
1625 332 1682 364 ali-

208 389 338 430 quando
368 392 558 426 exercerent,
588 388 731 419 virtutem
762 387 920 429 propriam
950 398 1015 418 non
1044 389 1206 424 habentes,
1238 388 1290 417 sed
1324 397 1378 428 pro
1408 386 1521 418 virtute
1551 386 1682 418 vitium?

209 441 325 474 Tana.
351 442 394 473 At
409 443 593 483 quomodo?
617 441 788 473 caecitatem
806 451 939 482 namque
955 441 1084 472 fortasse
1099 451 1156 482 pro
1172 441 1239 471 visu
1255 440 1345 471 dicis.
1391 440 1447 472 So.
1472 440 1684 482 Quaecunque

205 495 329 526 illorum
345 496 386 526 sit
400 497 508 526 virtus.
532 506 603 526 nam
621 495 659 526 ad
678 505 813 536 praesens
836 505 898 525 non
926 495 956 525 id
974 505 1079 536 quaero
1095 507 1101 524 :
1127 495 1180 525 sed
1209 499 1310 525 utrum
1331 493 1456 535 propria
1470 494 1583 524 virtute
1596 498 1681 524 recte

207 560 296 581 suum
325 560 404 591 opus
431 555 606 586 exerceant,
622 549 699 579 vitio
723 560 794 580 vero
822 559 885 579 non
910 554 1003 580 recte.
1047 549 1163 580 Tmu-
1186 548 1270 579 Vera
1297 547 1440 589 loqueris.
1485 547 1539 578 So.
1563 547 1682 578 Nonne

207 608 240 634 et
263 614 361 640 aures,
379 614 434 634 sua
462 603 590 644 privatae
616 603 742 640 virtute,
758 603 836 633 male
860 614 949 634 suum
977 613 1056 644 opus
1082 603 1293 634 exercebunt?
1338 602 1453 633 Trina.
1477 601 1577 633 Male.
1623 602 1683 634 So.

207 656 341 688 Idemne
364 657 514 688 sentimus
531 658 571 688 de
597 657 722 699 reliquis
737 657 903 688 omnibus?
948 657 1064 687 Trina.
1088 657 1189 687 Idem.
1234 657 1290 687 So.
1314 647 1382 698 Age
1406 661 1438 687 et
1451 656 1519 687 haec
1533 660 1683 697 praeterea

211 711 438 752 contemplare.
481 711 580 742 Estne
596 711 708 742 animae
723 711 850 754 aliquod
868 722 962 753 opus,
979 711 1062 752 quod
1080 711 1166 741 nulla
1181 721 1212 741 re
1230 711 1290 741 alia
1304 710 1432 746 faceres,
1449 709 1545 741 veluti
1562 720 1683 749 curare,

208 765 374 805 imperare,
391 765 554 796 consulere
571 771 603 796 et
618 765 678 796 alia
704 765 824 806 generis
848 765 988 806 ejusdem
1003 765 1013 795 ?
1037 766 1180 806 nunquid
1208 766 1275 795 haec
1300 764 1387 796 alteri
1404 764 1444 795 rei
1459 774 1552 805 quarn
1568 764 1681 794 animae

202 817 276 858 jure
303 818 437 849 tribuere
461 829 634 860 possemus,
658 820 894 860 diceremusque
919 820 1017 861 ipsius
1040 820 1164 861 propria
1192 819 1284 850 esse?
1329 819 1443 850 Trina.
1467 817 1555 848 Nulli
1582 816 1683 848 alteri.

208 871 263 902 So.
281 871 366 909 Quid
385 877 488 903 autem
505 873 605 913 ipsum
622 873 724 904 vivere
739 874 750 904 ?
774 884 812 904 an
828 884 891 904 non
908 875 1020 904 animae
1036 885 1116 915 opus
1131 884 1198 904 esse
1215 873 1377 904 dicemus?
1398 872 1514 902 Trina.
1529 871 1682 902 {Maxime-

207 925 264 956 So.
288 925 339 955 An
368 937 430 956 non
458 932 490 957 et
513 927 659 958 virtutem
687 929 844 968 quandam
872 927 982 958 aniruae
999 938 1066 958 csse
1083 926 1240 958 dicimus?
1284 926 1398 956 Tum.
1422 925 1578 956 Dicimus.
1622 924 1680 957 So.

204 977 363 1021 Nunquid
390 979 494 1011 anima
519 982 720 1022 quandoque,
748 992 767 1011 o
792 980 1036 1022 Thrasymacheg
1060 981 1184 1022 propria
1210 980 1324 1011 virtute
1346 979 1478 1021 privata,
1504 989 1598 1020 opera
1623 989 1680 1009 sua

205 1032 287 1063 bene
311 1033 474 1074 explebit?
499 1034 547 1064 vel
572 1034 659 1064 nullo
687 1035 780 1065 modo
809 1035 948 1075 poterit?
993 1035 1107 1064 Turta.
1131 1033 1205 1064 Non
1230 1033 1355 1074 poterit.
1399 1033 1455 1064 So.
1480 1032 1618 1064 Necesse
1633 1037 1682 1063 est

174 1112 175 1118 ,
206 1086 301 1127 igitur
327 1086 438 1117 malam
463 1088 596 1118 animam
621 1088 701 1118 male
727 1088 877 1128 imperare
901 1092 995 1128 atque
1020 1097 1138 1126 curare,
1161 1087 1274 1117 bonam
1300 1097 1373 1118 vero
1398 1087 1465 1118 haec
1481 1086 1584 1117 omnia
1599 1087 1681 1117 bene

205 1139 319 1171 facere.
365 1139 480 1171 Trina.
503 1140 655 1172 Necesse.
700 1141 755 1171 So.
778 1141 1038 1172 Concessimusne
1061 1141 1204 1171 virtutem
1225 1140 1337 1171 animae
1355 1140 1511 1182 justitiam
1535 1150 1614 1176 esse,
1631 1140 1680 1170 in-

201 1192 355 1233 justitiam
386 1193 523 1225 vitium?
568 1195 684 1225 TrraA.
718 1195 949 1227 Concessimus.
995 1196 1051 1227 So.
1085 1196 1177 1227 Justa
1208 1205 1280 1236 ergo
1311 1195 1415 1226 anima
1438 1195 1605 1236 justusque
1635 1195 1681 1225 vir

204 1247 286 1276 bene
301 1247 396 1283 vivet,
414 1247 548 1288 injustus
575 1254 678 1279 autem
705 1249 795 1281 male.
841 1249 956 1280 THnA.
980 1248 1030 1279 Ita
1058 1250 1228 1280 secundum
1255 1249 1405 1279 rationem
1437 1254 1520 1279 tuam
1538 1254 1681 1291 apparet.

207 1299 306 1342 [354]
332 1302 387 1332 So.
412 1302 475 1339 Qui
502 1308 605 1333 autem
632 1304 712 1334 bene
738 1303 828 1341 vivit,
843 1304 951 1334 beatus
966 1308 1013 1334 est
1040 1309 1072 1334 et
1096 1304 1192 1334 felix:
1219 1303 1273 1344 qui
1291 1303 1382 1339 male,
1398 1307 1518 1335 contra.
1562 1302 1677 1334 Tum.

206 1353 352 1390 Quidni?
385 1356 441 1386 So.
465 1355 679 1397 lgitui·justus
693 1357 768 1387 felix
784 1362 841 1393 est,
860 1357 996 1398 injustus
1012 1357 1114 1388 miser.
1147 1358 1262 1388 TrinA.
1285 1357 1365 1388 Sint.
1394 1357 1448 1388 So.
1473 1357 1517 1388 At
1534 1358 1678 1388 miserum

204 1417 272 1438 esse
297 1418 360 1439 non
385 1410 522 1449 prodest,
540 1411 667 1451 prodest
691 1416 793 1441 autem
821 1422 887 1442 esse
904 1411 1037 1443 felicem.
1082 1412 1195 1444 Tnnx.
1219 1412 1332 1442 Procul
1350 1411 1459 1443 dubio.
1504 1411 1560 1443 So.
1585 1411 1678 1442 Nun-

204 1471 297 1502 quam
326 1462 431 1503 igitur,
457 1473 474 1493 ο
500 1464 591 1494 beate
619 1464 864 1506 Thrasymache,
902 1465 1130 1496 conducibilius
1156 1465 1213 1496 erit
1238 1464 1392 1506 injustitia
1424 1475 1516 1506 quam
1541 1464 1676 1506 justitia.

203 1514 318 1545 THRA.
354 1515 413 1545 His
442 1516 542 1557 epulis
579 1522 729 1548 crassatus
758 1518 851 1549 fueris
893 1519 925 1549 in
963 1519 1142 1561 Diunysiis,
1169 1530 1186 1550 ο
1216 1518 1369 1550 Socrates,
1426 1519 1483 1549 So.
1516 1518 1614 1559 Apud
1646 1524 1678 1549 te

205 1568 333 1609 quidem
363 1570 498 1607 comedi,
515 1570 760 1613 Thmsymache,
776 1578 941 1614 postquam
959 1573 1061 1603 mitior
1078 1573 1151 1604 mihi
1178 1573 1308 1604 effectus
1335 1583 1368 1604 es
1395 1572 1593 1614 difficilisque
1608 1583 1677 1605 esse

204 1623 344 1652 cessasti.
388 1622 464 1653 Non
481 1628 584 1654 tamen
609 1625 735 1656 abunde
757 1625 841 1656 vesci
868 1625 1025 1667 contigit:
1050 1632 1143 1667 atque
1168 1626 1199 1657 id
1226 1636 1295 1657 mea
1319 1625 1445 1668 quidem
1461 1636 1555 1657 causa
1570 1626 1677 1667 potius

205 1685 298 1716 quam
326 1681 388 1709 tua.
413 1687 484 1707 nam
511 1679 774 1718 quemadmodum
792 1679 955 1720 epularum
982 1679 1135 1710 avidiores
1152 1679 1293 1710 homines
1309 1679 1606 1720 incontinentesquc
1629 1689 1677 1710 ra-

205 1728 299 1768 piunt
328 1740 449 1771 semper
479 1732 691 1773 quodcunque
716 1733 747 1762 in
774 1734 919 1764 convivio
945 1734 1144 1775 superfertur,
1175 1738 1362 1775 gustantque
1391 1733 1481 1769 illud,
1508 1739 1678 1774 antequam

203 1776 357 1822 prioribus
371 1784 503 1825 dapibus
520 1785 594 1816 satis
610 1791 774 1817 vescantur
790 1798 796 1817 :
820 1787 865 1817 ita
880 1792 912 1818 et
926 1786 1007 1827 ipse,
1026 1792 1059 1817 ut
1075 1786 1149 1817 mihi
1165 1787 1282 1823 videor,
1299 1786 1477 1827 priusquam
1492 1787 1677 1823 invenirem,

204 1837 290 1876 quod
309 1837 465 1879 principio
481 1839 541 1869 suit
565 1841 773 1881 propositum,
788 1841 864 1882 quid
881 1841 984 1881 ipsum
1001 1841 1147 1872 videlicet
1159 1843 1278 1882 justum
1295 1841 1346 1878 sit,
1362 1852 1400 1872 eo
1417 1842 1620 1882 praetermisso
1636 1843 1677 1873 ad

203 1889 463 1922 considerandum
481 1903 530 1923 me
556 1894 689 1931 contuli,
705 1900 806 1925 utrum
825 1895 958 1936 pravitas
974 1895 1013 1926 sit
1039 1900 1072 1926 et
1096 1896 1232 1932 inscitia,
1248 1896 1312 1926 sive
1337 1895 1489 1936 sapientia
1505 1896 1675 1938 virtusque.

201 1942 252 1973 Ac
270 1949 424 1984 postremo
442 1945 601 1978 incidente
618 1948 758 1979 oratione
782 1949 846 1989 illa,
861 1959 931 1990 quae
948 1950 1103 1980 asserebat
1117 1949 1392 1981 conducibiliorem
1410 1949 1593 1991 injustitiam
1609 1961 1678 1982 esse

203 2007 296 2037 quam
309 1997 477 2039 justitiam,
492 2010 555 2030 non
573 2011 622 2032 me
647 2003 802 2039 continui,
820 2004 896 2044 quin
922 2004 960 2033 ab
987 2003 1040 2034 illo
1057 2005 1095 2034 ad
1124 2004 1183 2034 hoc
1200 2004 1431 2035 descenderem.
1477 2004 1679 2046 Quapropter

203 2051 278 2080 mihi
293 2051 322 2080 in
340 2054 505 2092 praesentia
517 2064 553 2084 ex
567 2055 624 2085 hac
641 2056 853 2096 disputatione
869 2057 1036 2098 contingit,
1050 2063 1085 2088 ut
1100 2058 1175 2088 nihil
1190 2059 1299 2089 norim.
1317 2058 1443 2099 quando
1460 2058 1542 2089 enim
1554 2058 1676 2100 justum

203 2104 279 2144 qnid
304 2105 342 2135 sit
365 2106 485 2145 ignore,
502 2108 588 2138 nullo
613 2115 705 2149 pacto
723 2111 830 2147 sciam,
847 2111 982 2142 virtusne
1000 2112 1040 2142 sit
1063 2122 1101 2142 an
1122 2118 1242 2150 contra,
1259 2117 1352 2153 atque
1369 2117 1470 2143 utrum
1485 2112 1541 2154 qui
1557 2112 1588 2143 id
1606 2123 1677 2154 pos-

207 2157 300 2194 sidet,
317 2158 481 2207 beatusqsit
496 2161 543 2191 vel
561 2172 621 2192 non
640 2163 759 2194 beatus.

771 2344 998 2395 LIBER
1042 2346 1113 2397 Π.

202 2503 299 2546 [357]
325 2505 404 2536 11,το
422 2516 490 2537 cum
508 2506 665 2549 dixissem,
682 2518 699 2539 a
724 2509 938 2550 disputatione
961 2511 1122 2542 liberatum
1140 2523 1187 2544 nie
1211 2523 1278 2545 csse
1294 2513 1441 2555 putabam
1458 2524 1466 2546 ε
1491 2524 1595 2546 verum
1610 2515 1673 2547 hoc

200 2559 382 2598 prooemium
411 2559 481 2590 suit.
528 2559 650 2592 Glauco
676 2561 758 2592 enim
784 2568 816 2593 et
832 2573 952 2604 semper
975 2564 1050 2595 alias
1067 2566 1110 2596 vir
1126 2572 1207 2598 ccrtc
1233 2568 1272 2597 ad
1301 2568 1405 2599 omnia
1429 2567 1623 2604 fortissimus,
1639 2574 1671 2600 et

201 2616 277 2642 tunc
303 2612 429 2652 quidem
457 2613 682 2656 Tiirasyinaclri
711 2621 857 2657 tanquam
888 2618 1051 2659 defatigati
1079 2622 1311 2652 concessionem
1339 2632 1402 2652 non
1430 2621 1590 2662 suscepit3
1614 2622 1669 2652 sed

201 2663 280 2693 dixit
296 2676 302 2694 ε
323 2664 350 2695 O
368 2666 521 2703 Socrates,
540 2673 652 2705 utrum,
665 2670 755 2700 nobis
773 2671 957 2711 persuasisse
974 2673 1068 2703 videri
1085 2674 1187 2714 cupis,
1199 2685 1238 2705 an
1254 2685 1357 2706 revera
1374 2675 1569 2716 persuadere,
1583 2676 1670 2716 quod

201 2717 328 2747 omnino
348 2724 472 2758 pitu-stet
492 2721 613 2761 justum
629 2733 695 2753 esse
711 2734 803 2765 quam
825 2724 975 2765 injustum
991 2726 1001 2756 ?
1047 2727 1102 2758 So.
1127 2727 1194 2769 Ego
1211 2729 1350 2770 quidem,
1367 2729 1392 2759 si
1409 2729 1440 2759 in
1457 2739 1524 2760 inea
1540 2729 1670 2770 optione

200 2776 292 2805 esset,
310 2781 412 2802 revera
431 2776 614 2814 persuadere
639 2777 773 2807 mallem.
819 2777 892 2808 GM
901 2789 933 2809 υ.
959 2779 1092 2811 Minime
1110 2782 1196 2818 sacis,
1214 2783 1298 2823 quod
1315 2783 1369 2813 vis.
1393 2782 1444 2814 dic
1462 2793 1564 2823 porro,
1581 2784 1671 2815 vide-

199 2828 287 2855 turne
305 2825 359 2854 tibi
378 2826 558 2867 hujusmodi
581 2829 699 2870 aliquid
717 2842 784 2862 esse
801 2832 927 2872 bonum,
943 2834 1026 2873 quud
1045 2834 1170 2875 quidem
1188 2836 1383 2877 eligeremus,
1399 2836 1483 2866 haud
1500 2842 1582 2868 certe
1599 2847 1669 2878 quae

197 2888 234 2908 cx
250 2889 287 2909 co
304 2886 473 2922 sequantur
485 2883 660 2925 cupientcS,
673 2886 726 2917 scd
741 2886 840 2928 ipsum
855 2886 951 2928 gratia
965 2887 1063 2929 ipsius
1077 2890 1237 2921 amantes?
1254 2890 1517 2932 quemadmodum
1533 2891 1669 2932 gaudere
