1840 3225
139 217 235 268 298]
663 218 881 257 Hippias
915 218 1110 257 Maso&
1549 220 1598 256 77

139 319 224 352 ΗΠ».
247 319 299 356 Sic
315 325 372 352 est.
417 321 475 353 So,
498 320 622 363 Itaque,
637 320 663 352 si
680 320 842 362 pulchrum
859 321 933 352 boni
949 331 1041 353 causa
1058 326 1116 358 est,
1133 332 1149 352 a
1167 322 1294 363 pulchro
1312 322 1346 352 tit
1361 323 1476 353 bonum
1492 334 1498 353 :
1517 327 1549 353 ct
1560 322 1600 353 ob

139 373 221 405 hanc
236 384 380 412 causamf
392 380 426 405 ut
442 375 573 412 videtur,
589 375 785 416 prudentiam
802 374 925 416 aliaque
941 375 1071 416 pulchra
1087 376 1190 406 onmia
1212 381 1408 418 exoptamus,
1423 376 1496 418 quia
1511 387 1604 417 opus,

141 428 227 470 quod
243 439 281 459 ex
296 429 344 460 his
360 429 511 471 gignitur,
525 428 558 459 id
575 434 623 459 est
639 429 768 469 bonum,
784 429 998 470 exoptandum
1013 435 1072 460 est.
1098 431 1179 460 unde
1196 441 1251 471 per
1265 440 1313 465 ea,
1329 441 1400 471 quze
1415 430 1602 465 invenimus,

140 482 304 523 pulchrum
320 484 360 514 ad
377 483 491 514 bonum
508 483 608 513 ideam
627 482 722 524 patris
737 482 899 523 cujusdam
916 483 1029 513 habere
1046 483 1178 514 videtur.
1204 483 1286 515 Hir».
1309 484 1449 514 Omnino
1464 483 1603 524 quidem.

141 535 288 576 praeclare
302 537 384 568 enim
400 536 544 578 loqueris.
569 537 624 568 So.
642 535 728 567 Num
739 541 772 567 ct
783 537 842 567 hoc
855 537 1014 577 praeclare,
1024 537 1109 577 quod
1122 547 1224 578 neque
1239 541 1326 578 pater
1338 537 1420 567 filius
1432 542 1490 574 est,
1499 548 1602 578 neque

140 588 222 620 filius
235 589 368 621 vicissim
383 591 494 631 pater?
522 590 602 621 Hm.
619 589 661 621 Et
674 591 747 621 hoc.
771 590 827 622 So.
844 589 1010 620 Enimvero
1026 600 1085 621 nec
1101 600 1195 621 causa
1209 591 1355 621 effectum
1370 596 1428 631 est,
1438 601 1496 621 nec
1508 591 1604 622 effec-

141 646 208 673 tum
223 653 328 676 causa.
371 643 452 676 Hm.
478 644 562 675 Vera
577 644 725 685 loqueris.
768 643 824 674 So.
850 643 911 674 Per
925 643 1048 680 Jovem,
1064 654 1083 674 o
1110 645 1155 675 vir
1178 644 1308 685 optime,
1321 655 1423 685 neque
1440 645 1603 685 pulchrum

141 696 258 727 bonum
273 702 332 734 est,
347 707 449 738 neque
465 698 580 728 bonum
598 697 772 739 pulchrum.
797 707 836 728 an
854 697 908 727 tibi
924 708 960 728 ex
977 697 1036 734 his,
1052 708 1122 738 quae
1138 698 1223 728 dicta
1238 703 1322 735 sunt,
1338 698 1402 728 fieri
1416 709 1504 739 posse
1518 698 1604 728 vide-

140 749 212 780 tur?
234 749 316 781 Hu‘.
339 750 414 782 Non
429 752 516 787 mihi,
531 762 594 782 non
611 762 667 793 per
681 751 808 783 Jovem.
839 750 893 781 So.
911 751 1023 782 Placet
1038 751 1129 782 nobis
1145 751 1241 788 istud,
1255 757 1287 782 et
1303 762 1436 782 asserere
1451 751 1606 785 volumus,

137 804 224 845 quod
241 814 343 845 neque
359 805 521 846 pulchrum
546 806 662 836 bonum
690 816 792 847 neque
816 806 930 836 bonum
955 805 1143 846 pulchrum?
1190 805 1272 837 Hm.
1297 805 1384 842 Non,
1409 816 1464 846 per
1479 806 1606 841 Jovem,

139 866 204 887 non
220 858 295 888 mihi
311 859 428 900 placet.
474 860 530 891 So.
555 860 615 891 Per
628 860 751 897 Jovem,
768 860 845 890 milii
860 870 999 901 quoque,
1015 870 1034 890 o
1050 860 1181 901 Hippia,
1197 860 1273 890 nihil
1289 860 1389 890 minus
1405 871 1441 890 ex
1458 860 1515 896 liis,
1533 871 1603 900 quae

139 910 226 942 dicta
240 919 324 950 sunt,
342 913 456 954 placet.
502 914 584 945 Hua.
608 913 657 944 Ita
673 924 748 944 sane
765 914 898 945 videtur.
942 914 998 945 So.
1023 913 1117 944 Haud
1134 913 1267 955 amplius
1279 913 1371 954 igitur
1382 924 1480 944 sermo
1494 913 1557 950 ille,
1572 918 1606 943 ut

139 975 244 1007 supra,
260 967 401 1008 egregius
416 978 483 998 esse
499 968 631 1005 videtur,
648 979 710 1009 quo
724 969 755 998 id
770 968 931 1009 pulchrum
945 968 1148 1004 asserebatur,
1159 968 1243 1009 quod
1255 967 1454 998 conducibile
1465 967 1604 1007 utileque

136 1024 170 1050 et
186 1024 296 1060 potens
311 1022 350 1051 ad
368 1022 483 1053 bonum
499 1022 627 1063 aliquod
645 1022 854 1053 efficiendum.
879 1022 985 1059 immo,
1002 1022 1029 1052 si
1047 1021 1192 1062 possibile
1208 1026 1267 1058 est,
1284 1021 1444 1052 absurdior
1454 1020 1602 1062 judican-

141 1073 200 1103 dus
216 1084 308 1114 quam
325 1075 496 1116 superiores
518 1076 577 1111 illi,
599 1076 712 1117 quibus
736 1076 885 1117 virginem
913 1081 945 1107 et
967 1075 1102 1116 singula,
1125 1086 1195 1116 quae
1211 1086 1303 1116 supra
1318 1075 1520 1114 narravimus,
1538 1075 1605 1116 pul-

140 1126 248 1158 chrum
265 1128 365 1169 ipsum
392 1130 660 1171 nuncupabaniuS.
708 1129 790 1162 Hm.
815 1129 969 1171 Apparet.
1016 1129 1072 1161 SO.
1095 1129 1263 1171 Equidem,
1287 1140 1304 1159 o
1322 1123 1455 1170 Hippia,
1471 1140 1533 1169 quo
1558 1141 1606 1159 me

142 1187 257 1212 vertam
284 1183 389 1214 nescio
404 1196 411 1214 :
436 1185 546 1215 haesito
569 1185 651 1215 enim
669 1190 702 1216 et
716 1185 850 1225 ambigO.
874 1189 907 1215 tu
931 1195 1002 1215 vero
1017 1194 1092 1214 num
1109 1184 1188 1214 forte
1204 1184 1278 1224 quid
1296 1183 1390 1214 habes
1406 1183 1416 1213 ?
1462 1183 1544 1213 Hm.
1568 1183 1605 1212 Iu

142 1236 308 1275 praesentia
331 1237 480 1269 minime:
506 1238 574 1277 sed,
599 1244 636 1269 ut
659 1238 736 1269 alias
757 1237 835 1278 dixi,
859 1237 886 1268 si
910 1248 1030 1268 mecum
1055 1237 1311 1273 animadvertero,
1336 1236 1533 1267 inventurum
1559 1247 1606 1267 me

141 1288 262 1330 aliquid
277 1297 361 1321 certo
377 1291 452 1324 scio.
495 1292 552 1324 So.
576 1292 621 1322 At
637 1292 744 1323 videor
759 1292 835 1322 mihi
851 1292 891 1322 ob
910 1291 1107 1332 intelligendi
1119 1292 1277 1322 ardentem
1294 1291 1473 1322 aviditatem
1491 1301 1605 1321 moram

142 1346 226 1373 tuam
253 1354 450 1386 nequaquam
474 1345 670 1379 toleraturus.
716 1347 778 1378 Sed
805 1357 893 1388 ecce,
918 1357 1003 1378 nunc
1029 1346 1113 1376 aliud
1141 1345 1291 1387 quiddam
1321 1345 1396 1375 mihi
1424 1346 1454 1375 in
1472 1351 1607 1375 mentem

143 1397 241 1429 vcnit.
285 1399 439 1440 Attende,
461 1400 602 1437 obsecro,
626 1406 728 1432 utrum
753 1401 838 1442 quod
865 1410 922 1431 nos
947 1400 1096 1439 delectat,
1121 1398 1204 1441 (non
1230 1399 1270 1429 de
1293 1398 1433 1440 qualibet
1449 1399 1608 1439 voluptate

143 1450 265 1494 loquor,
279 1454 333 1485 sed
351 1455 390 1485 de
404 1454 472 1492 illa,
495 1466 565 1496 quae
581 1466 635 1497 per
660 1455 757 1486 visum
780 1461 874 1497 atque
897 1453 1058 1495 auditum)
1081 1458 1196 1488 utrum,
1220 1453 1358 1494 inquam,
1381 1452 1443 1483 tale
1459 1452 1610 1494 quiddam

146 1505 308 1546 pulchrum
324 1507 367 1538 sit
391 1510 581 1540 vocandum.
604 1520 675 1540 nam
690 1520 753 1551 quo
773 1515 867 1552 pacto
882 1519 1054 1551 repugnare
1078 1518 1253 1549 possumuS,
1280 1506 1377 1549 [293]
1402 1517 1471 1537 cum
1489 1506 1610 1547 pulchri

144 1559 287 1591 homines
301 1562 438 1603 variique
461 1568 641 1605 apparatus,
656 1563 787 1606 picturae
814 1569 846 1595 et
861 1563 1010 1605 figmenta
1026 1561 1168 1604 pulchra,
1183 1561 1342 1591 intuentes
1356 1571 1413 1591 nos
1429 1560 1587 1590 delectent
1600 1560 1610 1589 ?

144 1620 255 1646 cantus
270 1626 397 1658 quoque
421 1617 541 1658 pulchri
566 1624 598 1648 et
620 1629 713 1650 voces
737 1619 942 1659 universaque
964 1617 1094 1658 musica,
1117 1625 1272 1647 sermones
1295 1620 1327 1645 et
1343 1614 1611 1646 confabulationes

144 1669 286 1702 similiter
300 1681 357 1701 nos
372 1671 510 1702 afficiant
523 1672 534 1702 ?
579 1671 781 1714 Quapropter
796 1672 822 1703 si
838 1671 951 1702 audaci
973 1670 1019 1701 illi
1036 1669 1251 1711 pertinacique
1273 1668 1393 1699 homini
1408 1668 1611 1708 respondere-

145 1734 226 1764 mus,
243 1724 406 1766 pulchrum
422 1736 501 1763 esse,
525 1726 611 1767 quod
635 1737 692 1768 per
713 1727 813 1757 visum
829 1726 1035 1766 auditumque
1062 1724 1212 1760 delectat,
1229 1733 1334 1753 nonne
1359 1722 1521 1753 audaciam
1545 1722 1613 1763 ejus

143 1780 399 1820 reprimeremus?
423 1780 498 1821 quid
525 1780 641 1821 putas?
687 1779 768 1811 H1P.
793 1779 890 1810 Nunc
914 1779 1000 1814 mihi,
1022 1789 1041 1808 o
1065 1778 1220 1813 Socrates,
1236 1777 1312 1818 quid
1330 1777 1430 1818 ipsum
1448 1776 1610 1818 pulchrum

145 1833 198 1871 sit,
223 1833 299 1865 scite
325 1833 443 1864 dictum
471 1834 606 1865 videtur.
651 1834 708 1865 So.
732 1834 819 1871 Quid
850 1843 922 1864 vero
937 1833 947 1863 ?
972 1832 1076 1862 studia
1106 1831 1236 1872 pulchra
1266 1841 1302 1861 ac
1335 1831 1419 1872 leges
1448 1835 1611 1872 propterea

147 1887 276 1930 pulchra
291 1888 443 1926 dicemus,
458 1889 543 1930 quod
561 1899 615 1930 per
630 1888 729 1919 visum
751 1888 956 1928 auditumque
967 1885 1110 1927 jucunda
1127 1885 1201 1921 sint,
1225 1894 1266 1915 an
1282 1884 1344 1915 alia
1357 1885 1491 1932 quadam
1507 1884 1612 1925 specie

144 1943 324 1974 contineri?
369 1942 452 1974 Hir.
476 1943 555 1973 Haec
570 1943 614 1973 ita
628 1942 719 1979 sorte,
733 1953 751 1973 ο
767 1942 921 1978 Socrates,
933 1940 991 1971 etsi
1004 1939 1162 1970 hominem
1174 1938 1283 1969 latent.
1328 1938 1385 1970 So.
1410 1937 1471 1968 Per
1482 1936 1613 1974 Canem,

148 2008 167 2028 o
183 1997 316 2039 Hippia,
333 2007 396 2027 non
413 1996 512 2033 illum,
529 2007 622 2038 quem
647 2007 706 2038 ego
731 1996 862 2027 maxime
885 1994 1024 2027 omnium
1053 2004 1182 2031 vererer,
1207 1992 1354 2035 quotiens
1376 1991 1536 2023 delirarem
1560 1997 1615 2022 aut

147 2050 266 2092 aliquid
291 2051 394 2082 dicere
419 2050 591 2092 profiterer,
617 2062 686 2082 cum
701 2051 788 2081 -nihil
813 2051 960 2082 dicerem.
1005 2048 1087 2080 Hir.
1111 2049 1215 2085 Quem
1230 2046 1331 2079 dicis?
1378 2047 1434 2078 So.
1457 2046 1613 2077 Socratem

148 2104 352 2146 Sophronisci
367 2104 477 2141 filium,
493 2105 548 2147 qui
563 2105 662 2136 nihilo
678 2105 776 2147 magis
792 2104 867 2135 mihi
882 2104 1082 2138 concederet,
1101 2107 1135 2132 ut
1150 2102 1216 2132 haec
1232 2101 1408 2132 indiscussa
1423 2100 1514 2131 facile
1526 2099 1614 2141 judi-

145 2169 260 2200 carem,
283 2169 375 2200 quam
392 2164 426 2190 ut
441 2159 519 2190 scire
535 2165 689 2201 putarem,
713 2170 783 2201 quae
807 2159 923 2191 nescio.
970 2158 1053 2189 ΗΠ».
1076 2156 1178 2199 Atqui
1201 2156 1278 2187 mihi
1293 2166 1431 2197 quoque,
1450 2161 1614 2196 postquam

146 2212 214 2254 ipse
230 2212 347 2253 dixisti,
361 2212 445 2244 aliud
469 2213 619 2254 quiddam
636 2214 680 2255 id,
704 2214 789 2255 quod
817 2214 858 2244 ad
882 2213 966 2255 leges
989 2212 1114 2249 attinet,
1137 2221 1204 2242 esse
1220 2211 1354 2241 videtur.
1397 2210 1453 2241 So.
1478 2209 1614 2246 Quiesce

144 2265 353 2308 aliquantum,
370 2278 389 2297 o
405 2266 539 2308 Hippia.
563 2278 634 2298 nam
649 2267 682 2298 in
698 2268 831 2298 eandem
847 2267 929 2298 circa
944 2266 1108 2308 pulchrum
1122 2264 1355 2306 ambiguitatem
1367 2263 1513 2294 incidisse
1528 2262 1614 2292 vide·

149 2330 228 2356 mur,
253 2321 286 2351 in
313 2331 406 2362 quam
434 2321 528 2362 paulo
555 2326 641 2359 ante,
669 2322 745 2352 dum
769 2327 913 2363 putamus
936 2320 1088 2363 quiddam
1103 2319 1178 2350 certi
1194 2328 1251 2349 nos
1265 2318 1390 2348 habere.
1433 2316 1515 2347 Hrn.
1540 2317 1613 2353 Quo

151 2378 246 2415 pacto
270 2374 305 2404 id
321 2374 378 2411 ais,
393 2372 557 2406 Socrates?
603 2375 657 2406 So.
682 2375 797 2407 Dicam
813 2376 972 2417 equidem,
997 2374 1083 2416 quod
1107 2373 1180 2404 mihi
1198 2373 1330 2409 videtur,
1348 2377 1394 2413 ut,
1410 2372 1436 2402 si
1452 2371 1528 2413 quid
1551 2369 1616 2401 veri

149 2428 236 2464 dico,
253 2427 464 2470 inspiciamus.
487 2429 554 2460 haec
576 2429 728 2470 profect0,
745 2439 815 2471 quae
831 2430 869 2460 ad
885 2429 989 2461 studia
1012 2428 1158 2470 legesque
1175 2426 1342 2469 pertinent,
1358 2426 1436 2456 sorte
1452 2435 1515 2455 non
1531 2430 1618 2455 extra

153 2492 278 2513 sensum
295 2482 422 2512 videndi
438 2487 470 2513 et
491 2483 640 2514 audiendi
656 2484 787 2515 existere
813 2483 1000 2515 viderentur.
1046 2483 1163 2514 Verum
1180 2481 1385 2511 sustineamus
1402 2481 1484 2509 hunc
1501 2489 1615 2508 sermo-

153 2547 236 2573 nem,
252 2536 308 2578 qui
323 2536 443 2576 asserit,
454 2538 539 2577 quod
555 2537 603 2568 his
618 2538 757 2569 sensibus
773 2543 891 2579 gratum
909 2544 967 2574 cst,
983 2548 1050 2568 esse
1067 2536 1242 2578 pulchrum,
1259 2545 1315 2565 nec
1333 2534 1416 2574 leges
1431 2533 1460 2563 in
1478 2532 1614 2563 medium

152 2590 373 2632 producamus.
421 2589 467 2620 At
490 2590 515 2620 si
537 2591 606 2631 quis
633 2601 690 2621 nos
716 2591 895 2632 interroget,
919 2591 983 2622 sive
1007 2591 1034 2621 is
1051 2600 1142 2632 quem
1167 2588 1268 2624 retuli,
1286 2588 1348 2618 sive
1363 2587 1463 2628 quivis
1478 2587 1568 2621 alius,
1586 2586 1617 2615 iu

152 2645 237 2675 bunc
251 2644 376 2674 modum
393 2655 399 2673 ε
426 2643 526 2681 Quid,
543 2656 561 2674 o
578 2644 697 2686 Hippia
720 2654 814 2687 atque
829 2646 983 2681 Socrates,
998 2645 1030 2675 id
1048 2645 1199 2674 duntaxat
1211 2642 1399 2683 jucundum,
1416 2641 1500 2682 quod
1519 2641 1617 2670 sensi-

152 2697 210 2728 bus
226 2698 348 2728 duobus
375 2697 555 2739 percipitur,
573 2698 734 2739 pulchrum
760 2710 826 2730 esse
842 2699 997 2729 censetis?
1022 2708 1092 2738 qua:
1111 2707 1180 2727 vero
1207 2702 1326 2727 ceteros
1340 2705 1449 2725 sensus
1464 2694 1615 2724 suavitate

152 2751 357 2792 perfundunt,
372 2751 471 2788 cibos,
484 2757 588 2793 potus,
603 2750 734 2783 Veneris
746 2757 832 2782 actus
845 2752 968 2792 aliaque
985 2749 1176 2791 lmjumnodi,
1192 2748 1317 2790 pulchra
1328 2758 1393 2778 esse
1410 2758 1472 2777 non
1485 2746 1589 2776 dicitis
1603 2746 1613 2774 Ρ

157 2804 208 2834 An
220 2804 298 2835 forte
311 2815 412 2847 neque
424 2805 527 2836 dulcia
540 2806 619 2842 liaec,
633 2816 734 2846 neque
750 2806 783 2836 in
799 2805 951 2841 sensibus,
964 2810 1168 2846 praeterquam
1183 2803 1214 2832 in
1231 2802 1387 2832 audiendo
1404 2801 1614 2840 videndoque.

155 2859 348 2900 voluptatem
376 2859 512 2901 aliquam
544 2859 659 2900 ponitis
673 2859 682 2889 ?
706 2860 795 2900 quid,
825 2860 965 2901 inquam,
996 2870 1014 2889 o
1046 2857 1174 2898 Hippia,
1205 2854 1484 2897 respondebimus?
1533 2853 1614 2883 Ilii·-

154 2911 288 2953 Magnas
303 2923 427 2955 quoque
444 2913 544 2945 inesse
561 2913 628 2944 aliis
645 2913 784 2945 sensibus
801 2913 976 2954 voluptates
993 2911 1209 2943 assentiemur.
1253 2910 1307 2943 So.
1331 2909 1393 2940 Sed
1409 2908 1475 2947 illc,
1489 2908 1559 2943 Qua
1574 2906 1611 2935 {lc
