1840 3225
207 223 307 270 982]
784 219 1068 261 EPINOMIS.
1596 222 1677 259 455

205 327 288 358 bene
303 328 343 359 de
358 327 432 360 Diis
447 333 542 370 atque
558 327 686 359 Deabus
702 327 850 369 loquaris,
895 327 1033 358 Arum«.
1057 326 1109 358 Sic
1125 326 1196 364 erit,
1211 326 1237 356 si
1261 325 1352 356 Deus
1365 324 1434 366 ipse
1459 333 1517 354 nos
1540 323 1679 354 duxerit.

203 387 235 413 et
249 382 418 414 dummodo
432 394 555 415 mecum
569 392 650 420 ores,
666 381 873 414 dubitandum
885 392 951 412 non
975 387 1035 412 est.
1080 381 1156 412 Cu.
1180 381 1383 422 Pro‘sequaris
1409 390 1495 421 ergo.
1541 378 1680 408 Arum«.

205 436 368 478 Principio
384 437 524 469 Deorum
539 437 784 478 animaliumque
800 435 995 477 progeniem,
1012 435 1162 476 quoniam
1188 435 1268 465 male
1297 433 1431 475 majores
1456 433 1555 464 nostri
1578 433 1618 463 de
1642 432 1684 462 iis

203 490 413 527 tradiderunt,
429 502 513 522 nunc
528 491 643 521 melius
657 490 855 521 tractandam
865 490 911 520 ita
925 489 1084 530 suscipere
1097 498 1200 529 operae
1213 488 1349 529 pretium
1361 494 1421 524 est,
1435 493 1472 518 ut
1486 486 1681 529 superiorem

207 544 358 576 adversus
386 546 500 587 impios
521 545 766 585 disputationem
794 554 813 575 a
838 544 931 574 nobis
956 543 1097 574 habitam
1117 553 1321 579 resumamus,
1347 553 1410 583 qua
1434 541 1586 572 assen'tur
1611 551 1682 571 esse

206 599 308 635 Deos,
324 609 491 640 rerumque
516 599 668 635 omnium,
693 598 903 629 maximarum
923 597 1014 628 simul
1039 602 1073 628 et
1093 597 1306 633 minimarum,
1331 606 1440 627 curam
1465 596 1592 632 habere,
1622 605 1682 626 nec

204 654 352 694 precibus
367 654 439 684 ullis
454 654 700 694 muneribusque
718 657 832 693 praeter
841 651 963 694 justum
979 651 1107 692 placari.
1131 651 1381 682 recordaminine
1397 652 1464 681 haec
1476 650 1562 681 dicta
1571 660 1653 685 esse,
1663 660 1683 679 o

204 708 333 739 Clinia?
356 708 499 749 profecto
513 708 558 738 ita
568 712 644 738 tunc
658 706 837 748 accepistis,
853 711 888 737 ut
901 706 1084 737 meminisse
1099 706 1252 743 debeatis,
1268 706 1445 747 praesertim
1461 705 1535 746 quia
1545 705 1682 735 maxime

203 772 277 792 vera
299 772 368 792 esse
383 762 536 793 constitit.
559 762 701 792 omnium
717 771 791 792 vero
806 761 979 792 maximum
1001 761 1082 791 illud
1103 760 1247 791 habitum
1270 766 1330 800 est,
1356 759 1569 801 antiquiorem
1594 758 1682 789 omni

203 826 333 857 corpore
360 826 488 847 omnem
512 816 649 847 animam
679 826 761 847 esse.
782 826 860 846 num
883 815 1119 846 recordamini?
1149 815 1202 846 vel
1225 815 1362 845 maxime
1387 814 1421 844 id
1445 813 1585 855 quidem.
1607 823 1682 843 nam

204 871 289 912 quod
304 870 432 907 melius,
449 871 483 901 id
499 877 531 901 et
546 871 718 912 antiquius,
735 876 830 911 atque
847 869 933 911 quod
946 869 1085 900 divinius
1097 875 1157 905 est,
1184 869 1218 899 id
1248 869 1395 899 inferiore
1409 878 1446 899 ac
1459 867 1569 899 viliore
1595 868 1684 909 prius

203 930 272 955 est:
290 930 322 955 et
337 925 483 956 similiter
497 925 559 956 dux
575 926 670 956 ducto
683 930 716 955 et
731 925 881 966 princeps
897 924 1042 965 subjecto
1058 928 1171 954 natura
1181 924 1281 965 prius.
1302 923 1335 954 id
1356 923 1453 964 igitur
1468 923 1682 958 admittamus,

205 980 344 1011 animam
358 990 487 1021 corpore
503 980 717 1021 antiquiorem
731 989 812 1010 esse.
841 979 927 1020 quod
942 979 968 1009 si
982 978 1028 1009 ita
1043 989 1076 1009 se
1092 979 1199 1015 habet,
1215 978 1352 1019 p1imum
1368 977 1458 1019 primi
1485 977 1519 1008 in
1549 986 1683 1018 genera-

203 1035 289 1065 tione
303 1035 500 1065 verisimilius
511 1034 655 1076 profecto
670 1034 886 1075 principatum
901 1033 1127 1074 exordiumque
1143 1043 1212 1064 esse
1227 1033 1384 1063 credetur.
1398 1032 1495 1074 [981]
1514 1042 1608 1073 quare
1623 1041 1681 1073 po-

204 1098 316 1119 namus
331 1088 545 1130 principatum
555 1089 808 1130 principiumque
816 1088 965 1129 principii
980 1087 1146 1118 decentius
1161 1098 1194 1118 se
1209 1087 1336 1123 habere,
1353 1093 1387 1117 et
1401 1087 1444 1117 sic
1464 1086 1637 1117 rectissime
1650 1087 1683 1117 in

204 1142 391 1184 sapientiam
408 1142 448 1173 de
462 1142 605 1174 Deorum
621 1143 825 1184 generatione
839 1152 896 1173 nos
909 1142 1046 1183 ingredi.
1071 1141 1147 1172 CL1.
1163 1142 1320 1172 Maneant
1331 1142 1395 1172 ista
1406 1152 1463 1182 pro
1475 1141 1621 1171 humanis
1635 1141 1685 1171 vi-

203 1197 290 1227 ribus
301 1197 461 1227 affirmata.
486 1197 622 1228 Arnim.
636 1197 705 1238 Age
721 1197 829 1238 igitur,
847 1207 954 1227 nonne
966 1196 1128 1227 verissime
1141 1196 1255 1226 animal
1267 1195 1441 1226 secundum
1453 1200 1596 1226 naturam
1609 1202 1683 1226 tunc

203 1251 403 1289 affirmamus,
420 1262 490 1283 curn
508 1262 572 1283 una
595 1252 708 1283 animae
734 1251 938 1293 corporisque
958 1251 1142 1282 constitutio
1163 1261 1257 1281 unam
1285 1261 1342 1281 suo
1367 1260 1521 1281 concursu
1549 1250 1684 1280 formam

205 1306 311 1346 parit?
357 1306 433 1340 Cn.
457 1306 573 1337 Recte.
618 1306 758 1337 Arnim.
780 1306 909 1337 Animal
923 1316 997 1347 ergo
1013 1305 1192 1348 hujusmodi
1207 1304 1331 1346 aliquid
1344 1304 1458 1335 merito
1472 1310 1686 1345 nuncupatur.

205 1361 283 1392 Cn.
307 1360 415 1391 Certe.
458 1360 599 1392 Arnim.
623 1361 732 1392 Solida
748 1371 821 1392 vero
835 1371 967 1402 corpora
981 1361 1120 1401 quinque
1137 1360 1362 1391 convenienter
1377 1359 1482 1390 dicere
1505 1370 1683 1401 possumus,

205 1424 244 1445 ex
275 1415 390 1456 quibus
417 1416 628 1457 pulcherrima
657 1416 841 1457 optimaque
872 1416 1043 1456 finguntur.
1067 1415 1201 1445 alterum
1227 1419 1334 1445 autem
1364 1424 1464 1455 genus
1501 1414 1685 1445 universum

206 1479 303 1501 unam
325 1470 468 1512 possidet
493 1470 637 1500 formam.
660 1480 723 1501 non
749 1470 836 1500 enim
863 1474 912 1500 est
940 1469 1026 1500 aliud
1052 1469 1234 1510 quicquam,
1264 1468 1349 1510 quod
1370 1469 1591 1509 incorporeum
1614 1478 1685 1498 esse

206 1529 315 1566 queat,
333 1532 366 1555 et
381 1525 510 1555 omnino
525 1525 641 1556 coloris
657 1535 780 1565 expers,
798 1530 886 1555 extra
902 1524 1133 1554 divinissimum
1150 1523 1231 1554 illud
1248 1534 1358 1565 genus,
1373 1523 1407 1553 in
1423 1534 1483 1564 quo
1495 1528 1545 1553 est
1569 1523 1685 1554 anima.

207 1578 296 1620 cujus
312 1579 423 1620 generi
434 1580 494 1610 soli
519 1579 637 1621 fingere
663 1579 883 1620 fabricareque
905 1579 1073 1609 convenit:
1101 1579 1226 1620 corpori
1252 1588 1327 1609 vero
1352 1578 1440 1619 fingi,
1473 1577 1560 1619 gigni
1590 1583 1685 1619 atque

209 1633 310 1665 oculis
325 1633 421 1664 cerni.
444 1634 500 1664 sed
520 1634 633 1665 animae
651 1634 769 1674 generi,
794 1639 830 1664 ut
852 1634 967 1664 iterum
991 1638 1182 1675 repetamus,
1209 1633 1367 1669 convenit,
1384 1638 1420 1663 ut
1446 1632 1602 1663 invisibile
1632 1633 1685 1667 sit,

208 1688 399 1729 cognitionis
415 1699 555 1729 compos,
571 1688 786 1729 intelligibile,
802 1687 961 1719 memoriae
977 1687 1170 1728 rationisque
1185 1687 1218 1717 in
1233 1687 1309 1728 ipsis
1324 1687 1496 1728 imparibus
1521 1687 1686 1728 paribusve

207 1743 520 1773 transmutationibus
536 1743 708 1784 particeps.
732 1742 790 1772 sed
803 1752 876 1773 cum
891 1742 1031 1782 quinque
1058 1741 1123 1772 sint
1146 1751 1287 1782 corpora,
1310 1741 1404 1782 ignis,
1432 1751 1526 1783 aqua,
1555 1741 1685 1771 tertium

208 1796 273 1832 aer,
289 1802 437 1838 quartum
453 1803 545 1833 terra,
562 1797 708 1838 quintum
732 1798 851 1827 aether:
879 1797 992 1827 horum
1017 1795 1247 1837 principatibus
1264 1797 1365 1826 mulla
1392 1795 1537 1836 variaque
1563 1795 1686 1836 singula

207 1850 358 1882 animalia
373 1851 597 1892 producuntur.
619 1852 703 1893 quod
725 1852 757 1882 in
781 1861 846 1882 uno
866 1851 911 1882 sic
937 1850 1059 1881 discere
1083 1861 1261 1891 possumus.
1300 1860 1454 1891 ponamus
1468 1849 1555 1880 enim
1586 1849 1685 1890 primo

208 1911 367 1937 terrenum
381 1906 564 1937 animalium
581 1917 680 1947 genus
693 1916 761 1936 esse
776 1906 929 1941 homines,
940 1905 1088 1936 animalia
1111 1905 1288 1947 multipeda
1312 1904 1508 1945 pedibusque
1534 1904 1686 1938 carentia,

208 1961 407 2001 progressiva
424 1961 517 1991 simul
530 1966 562 1991 et
574 1960 699 1991 stabilia
710 1960 933 2001 radicibusque
957 1970 1112 1990 connexa.
1137 1970 1235 1990 unum
1256 1964 1363 1990 autem
1378 1958 1411 1988 id
1433 1958 1550 1999 ubique
1576 1958 1686 1988 existi-

212 2014 373 2051 maudum,
402 2021 447 2051 ut,
473 2015 615 2055 quamvis
641 2014 746 2046 onmia
776 2024 812 2044 ex
845 2014 990 2044 omnibus
1018 2023 1185 2055 corporum
1212 2013 1381 2053 generibus
1410 2013 1484 2049 sint,
1514 2012 1686 2053 plurimum

210 2076 317 2100 tamen
333 2069 367 2099 in
381 2069 440 2100 hoc
452 2075 541 2099 terrae
562 2069 736 2109 solidaeque
755 2074 875 2099 natura:
895 2068 984 2100 insit.
1007 2067 1139 2098 alterum
1160 2067 1345 2098 animalium
1361 2077 1460 2108 genus
1490 2066 1686 2108 ponendum,

213 2123 296 2165 quod
314 2123 411 2154 etiam
422 2123 562 2165 gignitur
575 2123 724 2164 cernique
739 2128 853 2164 potest,
870 2127 903 2153 et
916 2122 999 2163 ignis
1022 2122 1190 2163 plurimum
1213 2122 1365 2162 possidet,
1392 2127 1480 2152 terrae
1499 2131 1625 2162 quoque
1654 2126 1687 2151 et

210 2177 292 2210 aeris
308 2182 544 2218 ceterorumque
559 2177 697 2208 omnium
714 2187 826 2219 parvas
840 2177 1012 2219 particulas
1026 2176 1118 2207 habel
1132 2186 1140 2207 ε
1166 2176 1315 2217 variaque
1331 2176 1446 2207 iccirco
1462 2176 1536 2206 hinc
1561 2175 1689 2206 omnino

212 2232 363 2264 animalia
388 2238 422 2264 et
435 2231 572 2263 visibilia
584 2232 671 2274 gigni
687 2232 872 2264 dicendum.
888 2232 956 2262 haec
972 2231 1110 2265 coelcstia
1125 2236 1275 2273 putamus
1286 2230 1435 2261 animalia
1446 2240 1527 2265 esse,
1544 2229 1687 2260 divinum

212 2292 367 2318 astrorum
382 2297 493 2328 genus,
510 2296 638 2328 corpore
663 2286 873 2328 pulcherrimo
889 2286 1057 2327 animaque
1072 2286 1254 2316 beatissima
1270 2293 1303 2315 et
1327 2285 1445 2326 optima
1470 2283 1687 2315 constitutum.

212 2339 261 2370 his
280 2341 390 2382 utique
406 2340 595 2372 animalibus
610 2352 628 2372 e
655 2340 778 2372 duabus
807 2341 944 2371 sortibus
968 2340 1101 2371 alteram
1121 2339 1320 2370 tribuendam
1348 2344 1506 2379 putamus.
1528 2347 1602 2368 narn
1631 2343 1687 2368 aut

211 2394 329 2435 absque
345 2395 483 2436 pernicie
499 2395 686 2426 immortalia
703 2405 826 2436 prorsus
853 2401 948 2437 atque
967 2395 1076 2425 divina
1105 2393 1285 2424 necessario
1309 2392 1436 2433 singula
1464 2396 1538 2422 sunt
1550 2402 1560 2429 3
1585 2390 1684 2432 [982]

213 2454 268 2479 aut
282 2448 381 2479 vitam
396 2449 572 2490 longaevam
587 2455 696 2491 agunt,
726 2449 860 2490 singulis
886 2449 966 2480 adeo
993 2448 1213 2484 sufficientem,
1243 2453 1280 2477 ut
1304 2447 1444 2487 longiore
1469 2456 1533 2476 non
1561 2451 1688 2486 egeant.

214 2504 292 2539 haec,
305 2503 445 2544 inquam,
463 2502 524 2534 duo
539 2512 610 2533 esse
632 2503 813 2534 animalium
830 2513 947 2544 genera
970 2503 1157 2544 cogitemus.
1179 2511 1350 2543 rursusque
1375 2500 1528 2536 dicamus,
1553 2505 1686 2541 utraque

215 2556 352 2588 visibilia
378 2567 470 2588 esse:
497 2567 628 2598 quorum
655 2557 787 2588 alterum
814 2568 851 2588 ex
876 2558 950 2599 igne
973 2563 1088 2593 totum,
1117 2567 1154 2588 ex
1182 2562 1265 2587 terra
1289 2556 1420 2586 alterum
1449 2554 1608 2585 videatur.
1631 2554 1687 2584 sed

214 2616 376 2643 terrenum
391 2611 518 2653 quidem
535 2611 653 2652 absque
668 2611 790 2648 ordine,
806 2612 935 2654 igneum
949 2622 1024 2642 vero
1039 2611 1123 2642 onmi
1139 2611 1259 2641 ordinis
1273 2609 1394 2640 ratione
1421 2614 1574 2639 movetur.
1602 2607 1686 2649 quod

216 2666 333 2707 absque
349 2665 457 2697 ordine
472 2666 580 2701 fertur,
595 2675 706 2696 amens
728 2676 795 2697 esse
820 2667 997 2708 putandum
1021 2671 1091 2696 est:
1121 2664 1207 2706 quod
1231 2665 1418 2706 plerumque
1443 2663 1577 2702 faciunt,
1601 2671 1687 2703 quae-

214 2730 339 2762 cunque
355 2720 439 2762 apud
455 2730 512 2750 nos
529 2720 676 2750 animalia
691 2726 774 2751 sunt.
797 2721 881 2761 quod
895 2725 1002 2751 autem
1017 2719 1129 2750 ordine
1144 2710 1179 2750 iu
1208 2720 1288 2750 coelo
1311 2717 1516 2759 progreditur,
1540 2717 1572 2747 id
1597 2726 1687 2746 men-

211 2779 277 2805 tem
297 2774 410 2805 habere
437 2774 626 2805 sufficienter
653 2784 691 2804 eo
724 2774 859 2815 vestigio
888 2774 1133 2810 demonstratur,
1161 2772 1247 2813 quod
1277 2783 1332 2813 per
1361 2771 1473 2802 eadem
1503 2780 1627 2811 semper
1654 2776 1687 2799 et

215 2828 355 2860 similiter
369 2828 590 2870 proficiscitur,
607 2827 735 2869 agitque
751 2836 783 2858 et
798 2828 914 2869 patitur
930 2828 1052 2858 eadem.
1075 2827 1188 2858 animae
1218 2837 1292 2857 vero
1314 2826 1513 2857 intellectum
1545 2823 1689 2854 habentis

213 2883 387 2914 necessitas
401 2883 542 2914 omnium
556 2882 782 2913 necessitatum
801 2883 937 2913 maxima
952 2887 1010 2912 est.
1034 2881 1155 2912 ducens
1170 2881 1267 2916 enim,
1284 2880 1339 2911 sed
1366 2889 1430 2910 non
1455 2878 1550 2908 ducta
1571 2876 1686 2918 guber-

215 2941 279 2969 nat.
317 2936 444 2978 quando
475 2943 580 2972 autem
614 2937 730 2975 anima,
758 2947 828 2977 quae
864 2947 913 2968 res
940 2937 1058 2978 optima
1084 2940 1143 2973 est,
1171 2934 1302 2968 consilio
1329 2933 1500 2965 secundum
1530 2931 1683 2973 optimum
