1840 3225
198 252 296 302 385]
761 251 1123 291 DEMonocus
1582 253 1660 291 515

194 359 327 396 uterque
355 355 540 393 declarabit,
567 355 765 387 manifestum
790 361 838 387 est
861 356 947 397 quod
971 357 1025 397 qui
1049 356 1134 397 prior
1148 355 1243 393 dicet,
1260 355 1354 387 etiam
1369 355 1452 397 prior
1468 354 1655 386 declarabit.

194 408 302 445 Quare
328 413 363 439 ut
386 409 440 450 qui
458 409 552 440 illum
577 409 678 440 solum
702 409 833 445 audivit,
850 419 912 440 non
925 409 1156 450 quodammodo
1172 415 1355 450 cognoscat,
1374 409 1440 439 ficri
1455 419 1518 439 non
1535 413 1651 450 potest.

192 461 262 503 Ego
276 462 393 504 itaque,
409 473 509 504 quum
523 463 608 504 ipsos
625 462 774 499 audirem,
789 463 996 504 ambigebam,
1013 468 1045 494 et
1056 463 1196 504 judicare
1212 474 1274 493 non
1291 468 1442 503 poteram.
1487 462 1554 493 Alii
1569 463 1654 494 enim

191 521 364 556 praesentes
375 517 525 548 dicebant
535 518 671 558 primum
679 527 753 547 vera
768 517 886 549 dicere.
933 517 982 547 Tu
995 517 1091 558 igitur
1104 517 1206 558 siquid
1223 517 1330 552 habes,
1344 527 1391 546 uie
1405 517 1436 546 in
1448 517 1495 546 his
1507 517 1654 557 adjuves,

192 574 299 600 utrum
323 580 386 602 uno
413 570 539 602 dicente
561 570 707 611 cognosci
729 576 834 612 potest
848 571 925 612 quid
942 571 1038 607 dicat,
1055 576 1109 601 aut
1121 569 1357 601 contradicente
1375 580 1455 611 opus
1467 575 1526 605 est,
1543 571 1568 600 si
1584 571 1656 612 quis

191 633 381 665 cognoscere
396 624 492 655 debet
504 635 543 655 an
557 630 644 656 recte
660 624 746 656 dicat
760 637 766 654 :
792 630 847 656 aut
861 625 968 656 ambos
984 624 1092 655 audire
1103 624 1313 655 necessarium
1326 634 1391 654 non
1418 630 1476 654 est.
1503 629 1556 654 aut
1579 635 1660 665 quo-

191 678 285 709 modo
301 679 433 710 censes?
480 678 593 720 Nuper
605 679 772 710 accusabat
788 679 858 720 quis
874 679 1031 709 hominem
1044 677 1214 719 quendam,
1227 677 1312 719 quod
1324 677 1353 708 ei
1366 677 1535 718 pecuniam
1547 683 1658 708 mutuo

191 732 266 762 dare
280 742 344 763 non
358 732 521 768 voluisset,
537 742 640 772 neque
655 733 784 762 credere
799 744 805 761 :
831 738 865 762 et
876 733 930 762 ille
946 742 1042 772 quem
1056 733 1235 772 accusabat,
1245 742 1278 762 se
1292 731 1493 762 defendebat.
1537 730 1657 762 Verum

192 785 274 816 alius
294 785 422 826 quidam
448 796 485 815 ex
515 786 721 826 praesentibus
744 786 957 826 interrogabit
983 791 1206 821 accusatorem,
1224 791 1329 816 utrum
1344 785 1370 816 is
1384 785 1511 827 quidem
1528 785 1581 826 qui
1597 785 1659 826 ipsi

187 849 256 870 non
270 839 468 875 credidisset,
484 849 586 880 neque
602 840 772 880 pecuniam
789 845 896 870 mutuo
913 839 1064 876 (ledisset,
1080 845 1245 880 peccasset
1259 851 1266 870 2
1312 839 1360 869 Tu
1375 849 1460 874 vero,
1474 838 1587 879 inquit,
1601 839 1657 879 qui

190 903 256 924 non
280 893 464 934 persuasisti
488 893 551 934 ipsi
573 898 607 923 ut
629 893 687 924 tibi
710 898 819 924 mutuo
837 894 936 929 daret,
951 903 1015 924 non
1031 893 1197 935 peccasti?
1221 894 1271 924 hic
1295 903 1379 929 veru,
1397 893 1483 930 Quid
1500 893 1658 933 peccavi?

192 947 284 979 dixit.
329 947 411 978 Uter
429 957 501 977 vero
531 947 652 989 (inquit
674 948 748 989 ille)
770 958 901 989 peccare
926 948 985 978 tibi
1008 948 1157 979 videtur?
1182 948 1237 989 qui
1259 959 1322 978 non
1344 947 1520 988 assequitur
1535 957 1573 977 ca
1588 957 1658 988 quae

190 1001 300 1037 voluit,
313 1006 368 1031 aut
379 1001 434 1042 qui
448 1001 647 1042 assequitur?
694 1002 758 1038 Qui
772 1012 835 1032 11011
852 1002 1039 1044 assequitur,
1056 1003 1146 1033 dixit.
1172 1002 1289 1033 Nonne
1306 1008 1338 1032 tu
1355 1001 1496 1042 quidem,
1515 1000 1655 1042 (inquit)

191 1064 256 1086 non
279 1061 468 1096 assequutus
493 1067 538 1092 es,
568 1066 666 1097 quum
691 1061 801 1087 mutuo
827 1056 971 1098 accipere
999 1057 1127 1087 velles?
1153 1056 1205 1086 ille
1232 1067 1306 1086 vero
1322 1067 1416 1096 quum
1432 1066 1498 1086 non
1515 1055 1660 1085 amittere

191 1109 299 1146 vellet,
315 1116 503 1151 assequutus
519 1116 567 1141 est
581 1111 592 1140 ?
638 1110 740 1140 Etiam
758 1121 765 1139 :
791 1100 910 1152 (dixit)
927 1116 958 1140 at
969 1121 1028 1151 ego
1041 1111 1115 1152 quid
1125 1111 1266 1151 peccavi,
1277 1110 1304 1141 si
1316 1110 1370 1140 ille
1383 1109 1460 1139 1111111
1471 1119 1535 1139 11011
1547 1108 1637 1139 dedit
1649 1109 1659 1138 ?

191 1163 226 1194 Si
254 1163 381 1205 quidem
407 1166 538 1206 petebas
563 1165 602 1195 ab
628 1164 696 1205 ipso
723 1164 862 1206 (iuquit)
891 1175 927 1196 ca
953 1165 1066 1205 quibus
1094 1175 1159 1195 non
1185 1175 1266 1206 opus
1283 1169 1358 1200 crat,
1376 1163 1533 1204 quomodo
1547 1169 1579 1194 te
1594 1173 1657 1193 non

191 1227 342 1258 peccasse
357 1218 475 1260 putas?
501 1220 557 1249 ille
574 1229 647 1250 vero
661 1219 715 1259 qui
730 1229 795 1248 non
810 1218 922 1255 amisit,
937 1225 1023 1249 recte
1040 1219 1136 1249 fecit:
1162 1219 1188 1249 si
1216 1229 1288 1249 vero
1315 1228 1354 1249 ea
1368 1217 1480 1259 quibus
1495 1228 1575 1258 opus
1592 1223 1662 1247 erat

191 1271 231 1302 ab
245 1272 316 1313 ipso
331 1273 475 1315 petebas,
489 1274 556 1304 haec
567 1284 631 1303 non
645 1279 843 1314 assequutus,
856 1273 1013 1314 quomodo
1026 1283 1091 1303 non
1100 1273 1280 1303 necessario
1293 1273 1431 1314 peccasti
1443 1272 1453 1301 ?
1500 1271 1656 1302 Fortassis

192 1325 308 1368 (dixit)
331 1332 363 1358 at
373 1328 428 1358 ille
443 1327 602 1368 quomodo
617 1338 681 1358 non
699 1327 854 1368 peccavit,
870 1328 925 1368 qui
943 1327 1018 1357 1111111
1033 1338 1099 1357 11011
1116 1327 1274 1358 credidit?
1321 1325 1486 1366 Nunquid,
1502 1325 1618 1366 inquit,
1636 1325 1661 1355 si

193 1391 266 1411 cum
289 1381 359 1422 ipso
383 1382 580 1423 colloquutus
606 1392 693 1412 esses
717 1382 806 1412 velut
825 1382 988 1417 convenit,
1004 1381 1224 1412 nihilomnino
1240 1381 1433 1422 peccasses?
1480 1379 1554 1410 Non
1569 1379 1661 1419 equi-

192 1435 276 1465 dem.
322 1434 418 1466 Nunc
433 1441 535 1466 autem
551 1446 615 1466 non
628 1436 716 1465 velut
732 1435 881 1466 convenit
897 1445 968 1465 cum
978 1435 1049 1475 ipso
1061 1435 1262 1475 colloquutus
1277 1445 1324 1465 es.
1369 1435 1421 1464 Ita
1435 1433 1556 1469 videor,
1571 1432 1664 1463 dixit.

192 1488 225 1519 Si
240 1489 336 1529 igitur
352 1494 382 1519 te
396 1500 460 1519 non
475 1500 547 1521 cum
561 1491 630 1531 ipso
643 1499 737 1530 prout
751 1490 901 1520 convenit
916 1497 1040 1530 agente,
1056 1499 1120 1520 non
1136 1499 1298 1530 persuasus
1315 1494 1374 1525 est,
1391 1487 1549 1528 quomodo
1573 1486 1661 1528 juste

192 1542 296 1584 ipsum
324 1554 471 1574 accusare
498 1544 639 1585 poteris?
685 1544 762 1574 Non
784 1554 913 1585 possum
937 1543 1055 1574 dicere.
1100 1543 1214 1584 Neque
1237 1543 1343 1574 dicere
1367 1547 1460 1583 potes
1476 1542 1560 1583 quod
1578 1541 1662 1571 male

193 1597 356 1628 utentibus
380 1598 609 1629 attendendum
632 1609 696 1629 non
723 1603 771 1628 est
787 1598 798 1628 ἓ
847 1598 914 1628 Imo
939 1597 1031 1628 valde
1047 1596 1161 1639 (dixit)
1177 1599 1235 1627 1100
1252 1607 1391 1638 possum.
1436 1595 1483 1626 At
1496 1605 1602 1625 nonne
1617 1594 1664 1635 hi,

192 1651 307 1692 inquit,
332 1652 387 1692 qui
412 1662 474 1683 non
498 1659 591 1693 prout
615 1653 763 1684 convenit
779 1653 1009 1693 colloquuntur,
1026 1652 1109 1682 male
1124 1651 1170 1681 uti
1185 1652 1240 1682 tibi
1256 1651 1403 1681 videntur
1420 1651 1431 1681 ?
1477 1649 1562 1679 Mihi
1575 1658 1664 1685 sane,

193 1705 285 1737 dixit.
330 1707 416 1743 Quid
443 1707 541 1748 igitur
567 1707 720 1748 peccavit,
737 1706 764 1736 si
778 1706 835 1736 tibi
850 1706 930 1736 male
947 1705 1047 1736 utenti
1063 1715 1127 1735 non
1143 1704 1281 1735 attendit
1296 1705 1306 1734 ?
1354 1703 1456 1739 Nihil,
1472 1709 1507 1733 ut
1519 1706 1664 1743 apparet,

193 1759 284 1791 dixit.
331 1761 416 1797 Quid
432 1761 525 1801 igitur
538 1761 678 1797 tandem,
695 1761 810 1802 inquit,
826 1760 968 1790 homines
984 1760 1023 1790 ob
1039 1760 1110 1790 talia
1128 1760 1206 1790 alter
1221 1759 1352 1789 alterum
1366 1762 1517 1788 accusant
1533 1757 1543 1787 ?
1569 1762 1599 1786 et
1615 1756 1666 1786 his

193 1813 325 1855 quidem
339 1815 396 1856 qui
408 1816 447 1845 ab
462 1816 540 1856 ipsis
553 1816 694 1855 persuasi
707 1826 770 1846 non
783 1820 866 1850 sunt,
882 1825 920 1845 eo
936 1814 1022 1856 quod
1034 1815 1172 1856 persuasi
1190 1824 1251 1844 non
1269 1818 1352 1849 sunt,
1364 1816 1570 1842 succensent:
1588 1810 1648 1840 sibi

193 1867 272 1909 ipsis
287 1873 403 1905 autern,
418 1879 455 1899 co
469 1868 554 1909 quod
568 1879 633 1899 non
649 1874 880 1910 persuaserunt,
896 1868 976 1898 nihil
993 1868 1121 1898 omnino
1147 1868 1305 1908 imputant
1319 1868 1329 1897 ?
1376 1866 1417 1896 Et
1441 1865 1519 1896 alius
1533 1865 1661 1905 quidam

197 1921 294 1963 [385]
320 1922 373 1962 qui
389 1922 526 1962 adesset,
537 1924 646 1960 Quum
661 1924 741 1964 quis,
756 1923 871 1964 inquit,
886 1922 990 1963 aliquo
1006 1924 1086 1952 bene
1104 1933 1176 1952 usus
1190 1922 1294 1957 fuerit,
1310 1926 1341 1951 et
1357 1931 1450 1961 opem
1473 1919 1540 1961 ejus
1552 1929 1658 1948 sense-

194 1976 247 2011 rit,
274 1975 390 2006 deinde
415 1977 557 2007 similiter
581 1977 651 2018 ipso
679 1977 727 2008 uti
751 1977 892 2017 cupiens,
920 1977 977 2006 1100
996 1986 1061 2006 11011
1084 1981 1268 2016 assequutus
1289 1975 1395 2010 fuerit,
1418 1973 1575 2015 quomodo
1597 1982 1664 2002 non

197 2029 309 2060 merito
330 2030 404 2060 talis
431 2032 670 2061 succensuerit?
717 2030 832 2061 Nonne
855 2030 995 2071 (inquit)
1018 2030 1046 2060 is
1069 2040 1160 2070 quem
1187 2030 1331 2059 similiter
1346 2030 1415 2069 ipso
1431 2029 1477 2058 uti
1494 2027 1591 2068 cupit,
1607 2032 1664 2056 aut

196 2083 277 2114 bene
302 2084 370 2125 ipso
394 2085 443 2115 uti
462 2090 578 2125 potest,
603 2090 733 2115 autnon
751 2088 855 2126 potest
872 2084 882 2114 ?
930 2084 982 2119 Et,
1001 2084 1027 2114 si
1043 2083 1171 2124 quidem
1185 2094 1248 2114 non
1263 2088 1380 2124 potest,
1398 2082 1557 2123 quomodo
1573 2085 1659 2110 recte

197 2138 363 2178 cupiverit,
386 2139 463 2169 dum
486 2139 575 2180 cupit
596 2139 634 2169 ab
656 2139 728 2180 ipso
753 2138 787 2168 id
810 2139 893 2179 quod
909 2148 972 2168 non
988 2138 1116 2178 potest?
1164 2138 1198 2168 Si
1214 2148 1284 2167 vero
1301 2141 1418 2178 potest,
1434 2134 1593 2176 quomodo
1608 2133 1664 2164 tali

195 2192 315 2222 homini
343 2202 407 2223 non
431 2193 607 2233 persuasit?
632 2199 685 2223 aut
701 2193 860 2233 quomodo
876 2192 953 2222 talia
967 2192 1110 2222 dicentes
1124 2198 1210 2222 recte
1226 2191 1358 2221 dicunt?
1403 2189 1449 2220 At
1464 2200 1519 2230 per
1543 2189 1659 2220 Jovem

197 2245 237 2276 ob
259 2247 319 2277 hoc
343 2256 488 2277 accusare
518 2252 653 2288 oportet,
677 2247 797 2287 inquit:
823 2257 884 2287 quo
908 2252 941 2277 et
958 2246 1007 2277 1110
1023 2245 1062 2277 de
1079 2253 1192 2277 caetcro
1208 2245 1322 2275 melius
1336 2244 1406 2284 ipso
1419 2249 1538 2279 utatur,
1557 2249 1588 2272 et
1605 2242 1661 2272 alii

198 2300 304 2335 amici,
319 2306 486 2341 postquam
501 2307 701 2332 accusantem
716 2302 818 2342 ipsum
835 2301 1022 2331 audiverint.
1068 2299 1188 2330 Melius
1204 2309 1312 2329 usuros
1327 2307 1393 2327 esse
1410 2296 1550 2338 (inquit)
1570 2301 1661 2336 putas

199 2354 332 2395 aliquos,
355 2355 430 2384 dum
458 2355 590 2385 audiunt
614 2361 698 2385 recte
714 2352 878 2386 dicentem
899 2360 932 2385 et
947 2354 1141 2394 cupientem,
1159 2363 1199 2383 an
1215 2353 1288 2382 dum
1304 2349 1512 2392 peccantem?
1561 2349 1664 2379 Recte

198 2407 369 2443 dicentem,
384 2408 498 2449 inquit.
543 2409 587 2439 At
601 2409 656 2439 ille
671 2419 735 2439 non
749 2415 836 2439 recte
854 2418 970 2449 cupere
988 2408 1045 2439 tibi
1061 2407 1225 2438 videbatur
1239 2406 1250 2436 ?
1297 2405 1415 2440 Etiam,
1436 2403 1550 2445 inquit.
1576 2404 1665 2440 Quo-

199 2462 292 2493 modo
308 2462 400 2503 igitur
420 2463 460 2493 ob
478 2461 552 2493 talia
568 2468 769 2494 accusantem
784 2463 957 2499 audientes,
972 2462 1087 2493 melius
1101 2462 1170 2502 ipso
1187 2460 1336 2491 utentur?
1382 2458 1481 2488 Nullo
1499 2457 1602 2493 modo,
1616 2458 1662 2487 in-

199 2517 279 2559 quit.
323 2517 396 2553 Qua
419 2517 515 2558 igitur
541 2517 581 2547 de
606 2527 701 2548 causa
726 2518 795 2558 quis
821 2517 861 2547 ob
885 2516 960 2547 talia
984 2516 1134 2547 accusat?
1179 2514 1327 2545 Invenire
1342 2522 1374 2543 se
1390 2522 1451 2542 non
1467 2521 1561 2553 posse
1577 2510 1668 2541 dixit.

200 2571 338 2608 Quidam
365 2571 532 2602 accusabat
559 2572 693 2602 hominis
717 2571 934 2607 stoliditatem,
961 2570 1047 2611 quod
1074 2570 1137 2601 cito
1167 2574 1201 2600 et
1229 2569 1389 2610 quibusvis
1416 2565 1592 2597 hominibus
1615 2565 1668 2606 qui

199 2624 321 2667 aliquid
348 2624 501 2661 dicerent,
531 2626 684 2656 crederet.
730 2625 863 2656 Civibus
890 2626 976 2656 enim
1003 2630 1036 2655 et
1061 2624 1279 2659 familiaribus,
1310 2622 1364 2653 ubi
1395 2619 1518 2661 aliquid
1545 2619 1667 2654 dicunt,

199 2679 326 2710 credere
353 2688 408 2719 par
429 2684 497 2708 est:
523 2679 637 2709 talibus
662 2685 765 2709 autem
791 2679 980 2715 hominibus,
997 2689 1074 2719 quos
1088 2688 1193 2719 neque
1211 2677 1300 2713 vidit,
1314 2685 1418 2716 neque
1437 2674 1556 2705 audivit
1571 2673 1669 2714 prius,

199 2732 340 2769 credere,
368 2738 402 2763 et
422 2733 492 2768 hoc,
518 2742 582 2763 non
604 2733 814 2774 ignorantem,
837 2733 991 2774 plurimos
1012 2733 1155 2763 homines
1171 2741 1240 2762 esse
1256 2729 1436 2762 temerarios
1450 2734 1482 2758 et
1495 2726 1667 2767 improbos,

199 2786 382 2818 stoliditatis
407 2786 530 2827 signum
557 2796 621 2817 11011
649 2797 777 2828 parvum
803 2797 882 2818 esse.
927 2787 969 2817 Et
984 2796 1025 2816 ex
1040 2787 1247 2827 praesentibus
1261 2783 1388 2825 quidam
1406 2782 1494 2817 dixit,
1512 2781 1580 2820 Ego
1596 2788 1668 2808 vero

202 2839 350 2881 putabam
377 2846 421 2877 te,
448 2841 545 2871 etiam
569 2851 643 2871 eum
666 2841 719 2881 qui
747 2841 810 2872 cito
823 2841 966 2882 quemvis
979 2841 1168 2882 perciperet,
1186 2840 1284 2869 multo
1298 2837 1398 2880 pluris
1411 2833 1587 2866 faciendum
1601 2841 1669 2862 esse

201 2899 322 2934 putare,
352 2903 446 2934 quam
468 2905 539 2925 eum
565 2894 618 2936 qui
645 2895 740 2926 tarde.
784 2894 941 2936 Equidem
961 2895 991 2925 id
1008 2900 1096 2936 puto,
1119 2894 1198 2925 dixit
1212 2893 1278 2924 ille.
1323 2889 1411 2928 Quid
1426 2889 1520 2929 igitur
1531 2895 1675 2930 accusas,

201 2947 315 2988 inquit,
330 2947 355 2978 si
368 2948 430 2979 cito
446 2949 543 2980 etiam
555 2949 718 2990 quibusvis
733 2959 805 2980 vera
818 2948 995 2981 dicentibus
1021 2949 1123 2980 credit
1137 2948 1148 2978 .²
1195 2948 1239 2978 At
1262 2957 1326 2977 non
1340 2945 1380 2975 ob
1395 2944 1454 2973 boc
1469 2950 1582 2972 accuso
1608 2939 1672 2979 (111·
