1840 3225
201 200 280 236 284
791 193 1056 232 PLATONIS
1557 200 1654 250 [120

201 305 266 331 tem
281 299 462 341 magnitudo
479 297 586 329 decies
601 297 701 328 stadia
722 297 843 333 decem,
861 303 1039 329 cunctarum
1059 307 1132 327 vero
1150 298 1275 329 sortium
1294 298 1389 329 millia
1404 300 1577 341 sexaginta.
1601 301 1657 332 sed

202 354 384 396 eorum,qui
403 358 522 384 montes
536 358 569 383 et
584 352 645 383 alia
660 352 728 384 loca
743 352 901 388 colebant,
917 362 1062 383 numerus
1078 352 1219 383 infinitus
1235 364 1242 382 τ
1268 362 1323 394 per
1338 353 1409 384 loca
1425 363 1496 385 vero
1512 358 1545 385 et
1559 364 1658 396 pagos

202 409 235 439 in
250 407 434 449 hujusmodi
450 412 546 438 sortes
563 407 734 438 secundum
756 407 854 437 duces
875 406 1030 437 distributi
1055 412 1144 436 erant
1157 407 1274 438 cuncti.
1297 407 1390 448 igitur
1404 407 1577 441 institutum
1592 414 1659 440 emt

201 463 313 493 ducem
329 462 362 493 in
385 461 499 493 bellum
516 461 628 492 inferre
653 467 770 493 sextam
787 472 891 493 currus
913 460 1092 492 bellicosam
1116 466 1247 502 partem,
1263 461 1303 492 ad
1320 462 1417 493 millia
1439 472 1583 494 curruum
1603 463 1661 495 de·

204 526 285 552 cem,
300 526 397 557 equos
412 516 490 547 duos
506 520 538 546 et
562 516 684 558 equites
698 527 704 545 ε
721 525 886 557 rursusque
898 515 1022 556 jugales
1037 525 1135 556 equos
1155 516 1272 557 absque
1289 516 1379 557 bigis,
1394 516 1449 547 ubi
1463 522 1544 548 esset
1558 522 1591 548 et
1605 517 1662 559 qui

201 578 297 610 parvo
313 570 416 611 clipeo
432 570 569 600 munitus
584 570 800 607 descenderet,
815 575 849 601 et
863 570 915 611 qui
933 570 1038 600 ambos
1054 569 1182 600 habenis
1198 570 1330 601 vicissim
1346 575 1467 611 regeret
1481 580 1590 612 equos.
1612 581 1661 602 ar-

204 624 336 665 migeros
352 625 426 655 item
443 625 533 662 duos,
549 629 581 656 et
603 624 776 665 sagittarios
790 629 822 655 et
836 623 1007 655 funditores
1030 628 1177 666 utrosque
1193 624 1293 662 duos;
1309 624 1386 655 levis
1405 629 1564 656 armatura
1580 623 1662 656 mili-

198 685 262 720 tes,
273 679 413 721 jactores
429 678 567 720 lapidum
578 679 829 720 jaculatoresque
851 684 911 709 tres
933 683 1097 720 utrosque:
1119 685 1228 709 nautas
1244 684 1388 720 quatuor,
1402 679 1442 710 ad
1457 679 1660 711 ducentarum

200 733 396 775 milliumque
414 732 539 764 navium
566 732 838 774 complementum.
862 734 920 763 hac
942 733 1051 774 itaque
1072 733 1236 764 rationein
1260 733 1345 774 regia
1365 733 1492 764 civitate
1507 738 1596 764 erant
1615 743 1662 764 res

200 787 324 819 bellica:
341 792 532 829 praeparatae.
557 787 743 827 reliquarum
756 797 827 817 vero
843 797 954 818 novem
972 787 1092 818 urbium
1109 791 1275 828 app-aratus
1291 787 1363 818 alibi
1378 787 1456 818 alius
1471 792 1558 818 erat:
1582 797 1661 829 qua-

200 852 267 872 rum
294 852 393 872 rerum
420 840 567 882 prolixior
590 841 669 871 foret
694 841 837 872 narratio.
885 842 1086 882 Magistratus
1112 847 1215 872 autem
1243 842 1437 882 honoresque
1463 842 1508 873 sic
1532 847 1620 874 erant
1645 853 1664 874 a

201 896 356 938 principio
370 895 518 926 instituti.
539 895 753 936 unusquisque
771 896 878 926 decern
904 906 1009 936 regum
1027 896 1246 936 jurisdictione
1268 896 1370 926 suain
1396 896 1521 937 propria
1534 896 1662 928 civitate

198 951 378 981 hominibus
395 949 596 991 plurimisque
613 949 734 989 legibus
760 949 991 990 dominabatur,
1007 949 1219 990 puniebatque
1243 960 1298 990 pro
1315 949 1438 980 arbitrio
1454 960 1661 991 unumquem-

200 1015 274 1045 que,
292 1015 328 1035 ac
350 1010 448 1035 morte
473 1004 653 1036 damnabat.
675 1004 838 1044 imperium
864 1003 1004 1044 profecto
1032 1009 1064 1034 et
1087 1003 1265 1034 communio
1292 1003 1372 1035 inter
1393 1004 1464 1035 illos
1489 1005 1662 1036 secundum

199 1059 344 1100 Neptuni
372 1058 517 1089 mandata
532 1058 758 1099 dirigebantur,
776 1058 1038 1099 quemadmodum
1064 1058 1148 1099 leges
1172 1058 1233 1089 illis
1258 1064 1291 1089 et
1315 1059 1411 1089 literae
1434 1058 1665 1098 nuntiabant,a

203 1113 368 1155 majoribus
384 1113 415 1143 in
433 1113 578 1143 columna
593 1113 728 1154 quadam
745 1123 781 1143 ex
799 1112 977 1143 aurichalco
1000 1113 1082 1144 circa
1104 1114 1242 1144 medium
1263 1113 1372 1144 insulae
1388 1114 1419 1144 in
1438 1113 1555 1155 templo
1570 1113 1663 1156 Nep-

200 1167 271 1197 tuni
296 1167 396 1208 ipsius
425 1167 596 1208 inscriptae.
619 1166 665 1197 illi
691 1166 785 1207 igitur
810 1166 921 1207 quinto
949 1176 1074 1208 quoque
1097 1177 1192 1202 annu,
1215 1166 1370 1198 interdum
1393 1172 1425 1198 et
1443 1172 1531 1198 sexto
1545 1167 1665 1200 alterne

201 1226 357 1252 transacto
375 1221 654 1262 congregabantur,
671 1228 731 1251 tarn
750 1220 817 1261 pari
833 1230 926 1261 quarn
941 1220 1050 1261 impari
1067 1231 1187 1262 aequam
1202 1226 1321 1262 partem
1337 1220 1569 1252 distribuentes.
1589 1231 1665 1252 con-

202 1275 323 1316 gregati
342 1286 414 1306 vero
437 1276 477 1306 de
502 1274 636 1316 publicis
659 1275 750 1306 rebus
778 1275 1017 1306 deliberabant:
1035 1275 1243 1317 diligentique
1268 1275 1411 1306 examine
1433 1274 1624 1316 judicantes,
1640 1276 1667 1307 si

204 1329 308 1371 quain
322 1340 356 1359 re
372 1329 591 1371 praevan'catus
607 1329 675 1370 quis
691 1334 783 1365 esset,
799 1329 1000 1361 damnabant.
1023 1339 1093 1361 curn
1110 1330 1204 1370 igitur
1219 1328 1464 1370 foretjudiciurn
1479 1329 1663 1366 ineundum,

205 1382 262 1412 tali
279 1394 310 1413 se
324 1383 387 1413 fide
404 1383 537 1414 invicem
554 1383 801 1424 adstringebant.
825 1393 895 1414 narn
917 1394 988 1415 curn
1015 1389 1120 1414 essent
1134 1383 1166 1414 in
1183 1383 1299 1424 templo
1323 1383 1468 1424 Neptuni
1482 1384 1601 1416 dimissi
1616 1395 1666 1416 so-

202 1436 323 1477 lutique
338 1436 431 1477 tauri,
447 1447 582 1467 seorsum
607 1437 644 1468 ab
663 1437 730 1467 aliis
745 1438 805 1478 ipsi
821 1438 931 1469 decem
952 1438 1108 1469 vovebant
1132 1438 1216 1473 Deo,
1234 1443 1348 1479 gratam
1374 1438 1420 1468 illi
1440 1438 1610 1476 victimam,
1630 1450 1664 1470 se

201 1490 270 1521 sine
286 1490 365 1521 ferro
393 1496 548 1532 capturos.
572 1491 656 1521 unde
683 1491 777 1532 lignis
793 1496 826 1522 et
853 1492 974 1533 laqueis
1000 1493 1202 1523 venabantur.
1226 1497 1259 1527 et
1280 1502 1500 1534 quemcunque
1515 1501 1665 1535 ceperant

202 1549 335 1582 taurum,
349 1545 388 1576 ad
405 1545 579 1576 columnam
595 1551 736 1581 tractum,
748 1545 778 1575 in
795 1546 864 1586 ejus
880 1547 1032 1577 columnae
1048 1547 1178 1582 vertice,
1195 1546 1239 1576 uti
1254 1546 1375 1587 scriptis
1389 1552 1456 1578 erat
1471 1548 1662 1584 mandatum,

202 1599 341 1639 protinus
351 1598 549 1641 jugulabant.
573 1600 715 1630 exstabat
735 1605 838 1630 autem
854 1600 888 1630 in
910 1602 1055 1631 columna
1073 1606 1181 1641 praeter
1197 1601 1282 1641 leges
1295 1599 1506 1641 juramentum
1521 1611 1663 1632 exsecra-

202 1652 475 1694 tioque,terribilia
491 1652 552 1692 his,
568 1653 621 1694 qui
637 1663 700 1683 non
716 1659 872 1694 parerent,
889 1653 1074 1694 imprecans·
1097 1654 1222 1695 quando
1239 1654 1356 1695 itaque,
1372 1655 1529 1686 sacrificiis
1541 1655 1582 1686 de
1597 1666 1664 1686 mo-

201 1717 235 1737 re
251 1707 378 1747 paratis,
394 1707 548 1748 expiaturi
559 1707 623 1749 jam
648 1708 812 1738 crematuri
828 1713 915 1738 eraut
938 1708 1059 1748 singula
1087 1708 1165 1738 tauri
1193 1708 1340 1749 membra,
1358 1707 1455 1750 [120]
1473 1719 1509 1741 ex
1533 1709 1662 1751 impleto

203 1765 319 1791 cratere
336 1766 455 1802 guttam
471 1761 630 1802 sanguinis
654 1772 708 1802 per
726 1761 865 1802 singulos
885 1762 1121 1793 diffundebant:
1139 1762 1259 1803 reliqua
1274 1762 1392 1793 dabant
1405 1763 1484 1803 igni,
1500 1763 1665 1794 lustrantes

203 1814 390 1846 columnam.
435 1814 494 1846 His
510 1815 647 1857 denique
663 1815 751 1851 actis,
765 1815 877 1857 phialis
892 1816 993 1847 aureis
1009 1817 1187 1847 haurientes
1209 1826 1247 1847 ex
1264 1821 1381 1848 cratere
1398 1822 1429 1848 et
1443 1827 1537 1858 super
1555 1817 1662 1858 ignem

203 1867 349 1904 libantes,
369 1869 570 1911 jurejurando
592 1868 777 1911 interposito
802 1869 1023 1911 promittebant
1042 1869 1239 1910 judicaturos
1254 1879 1286 1900 se
1311 1870 1482 1901 secundum
1499 1869 1663 1911 inscriptas

204 1922 359 1952 columnae
376 1922 472 1963 leges,
490 1923 718 1964 puniturosque
744 1933 810 1964 eos,
826 1924 879 1965 qui
894 1929 987 1954 antea
1013 1923 1242 1964 deliquissent:
1260 1929 1407 1965 praeterea
1423 1923 1580 1955 literarum
1593 1924 1664 1956 illa-

203 1985 271 2006 rum
287 1986 424 2007 normam
441 1981 554 2017 sponte
570 1988 728 2019 nunquam
747 1987 778 2008 se
803 1982 1056 2018 transgressuros.
1079 1977 1237 2008 addebant
1261 1987 1364 2019 neque
1382 1982 1492 2018 praeter
1507 1977 1601 2019 patris
1613 1978 1663 2020 ip-

203 2029 265 2060 sius
280 2030 365 2071 leges
381 2030 430 2061 vel
448 2029 652 2071 imperaturos
668 2042 699 2062 se
725 2041 862 2072 unquam
878 2032 929 2063 vel
956 2032 1122 2073 imperanti
1144 2031 1337 2063 obedituros.
1358 2032 1425 2063 haec
1449 2032 1664 2074 unusquisque

202 2081 324 2113 illorum
342 2083 399 2114 sibi
415 2083 474 2124 ipsi
492 2085 685 2125 posterisque
709 2090 863 2125 precatus,
880 2085 1051 2126 bibensque
1067 2091 1100 2116 et
1128 2085 1263 2116 offe-rens
1286 2085 1361 2117 Deo
1378 2085 1528 2127 phialam,
1544 2086 1584 2117 ad
1599 2096 1662 2118 coe-

204 2146 276 2167 nam
292 2146 325 2167 se
343 2142 374 2167 et
389 2138 561 2168 necessaria
589 2139 801 2169 convertebat.
825 2144 855 2169 et
873 2139 1064 2170 adventante
1092 2147 1194 2175 nocte,
1212 2140 1346 2180 igneque
1363 2139 1555 2171 victimarum
1567 2139 1662 2171 ferme

202 2189 368 2228 exstincto,
383 2190 498 2231 singuli
512 2190 667 2221 caelestem
691 2192 794 2222 colore
820 2198 852 2222 et
867 2203 958 2233 quam
984 2193 1217 2233 pulcherrimam
1241 2193 1343 2224 induti
1366 2199 1495 2231 vestem,
1509 2203 1546 2225 ac
1561 2203 1659 2235 penes

203 2243 319 2274 hostias
336 2244 490 2275 ambustas
515 2245 601 2275 humi
615 2246 772 2282 sedentes,
789 2251 951 2287 totumque
980 2256 1036 2287 per
1060 2254 1184 2278 noctem
1210 2247 1312 2288 ignem
1339 2248 1372 2278 in
1387 2247 1479 2278 sacris
1494 2257 1660 2279 accensum

205 2298 683 2340 exstinguentes,judicabantur
697 2299 788 2330 simul
810 2305 842 2330 et
862 2300 1057 2342 judicabant,
1075 2301 1098 2332 si
1114 2301 1185 2342 quis
1198 2311 1303 2332 eorum
1320 2301 1497 2343 quempiam
1512 2307 1660 2343 tauquam

202 2351 308 2392 legum
325 2357 580 2394 transgressorem
595 2354 812 2386 accusavisset.
837 2359 1002 2397 postquam
1017 2366 1088 2386 vero
1110 2355 1329 2398 judicaverant
1357 2354 1486 2397 diesque
1502 2355 1661 2397 illuxerat,

203 2406 236 2436 in
253 2415 346 2436 aurea
363 2406 467 2438 tabula
484 2408 653 2439 sententias
678 2408 906 2449 insculpentes,
920 2419 974 2441 eas
998 2420 1061 2441 una
1083 2420 1153 2441 cum
1168 2409 1316 2446 vestibus,
1333 2415 1534 2441 monumenta
1557 2409 1660 2442 future

204 2459 349 2500 posteris,
365 2461 610 2502 suspendebant.
654 2462 754 2503 Leges
782 2468 885 2493 autem
910 2470 941 2493 ct
967 2463 1035 2494 aliae
1063 2465 1167 2494 multae
1195 2464 1276 2495 circa
1292 2473 1378 2495 sacra
1405 2474 1513 2505 regum
1528 2464 1660 2506 pmpriae

202 2513 407 2554 singulorum,
424 2517 477 2546 sed
494 2516 541 2546 hae
567 2516 732 2558 praecipuae
749 2528 756 2546 ε
782 2527 821 2548 ne
847 2527 982 2558 unquam
1009 2518 1066 2549 sibi
1092 2519 1171 2550 inter
1196 2529 1228 2549 se
1244 2518 1361 2549 bellum
1388 2517 1548 2555 inferrent,
1563 2517 1657 2550 immo

204 2574 416 2599 succurrerent
432 2579 550 2606 omnes,
565 2571 590 2600 si
607 2570 676 2612 quis
693 2571 799 2612 aliqua
813 2571 847 2602 in
867 2572 992 2602 civitate
1019 2573 1157 2613 ipsorum
1174 2583 1272 2614 genus
1286 2572 1402 2613 regium
1418 2571 1588 2613 exstirpare
1603 2580 1658 2613 ag-

203 2620 392 2660 grederetur.
418 2627 491 2654 tuuc
518 2625 642 2656 demum
659 2626 874 2663 communiter,
890 2626 1152 2668 quemadmodum
1177 2627 1364 2668 superiores,
1379 2625 1605 2657 deliberassent
1618 2625 1659 2658 de

203 2673 286 2704 bello
313 2675 414 2716 deque
442 2678 550 2708 ceteris
580 2679 766 2716 actionibus,
792 2679 916 2721 imperii
941 2681 992 2722 jus
1026 2681 1186 2712 AtlantIco
1212 2680 1320 2722 generi
1349 2679 1536 2711 tribuebant.
1564 2679 1659 2711 eaedis

201 2733 306 2758 autem
323 2730 535 2762 auctoritatem
551 2731 696 2764 adversus
712 2734 846 2776 aliquem
859 2741 1061 2776 cognatorum
1078 2736 1141 2777 regi
1157 2745 1220 2766 non
1236 2733 1464 2772 concedebant,
1479 2733 1540 2766 nisi
1555 2734 1657 2775 plures

202 2791 241 2811 ex
254 2782 363 2814 decem
379 2794 470 2825 quarn
498 2786 636 2827 quiuque
653 2787 685 2818 in
711 2787 841 2820 eandem
864 2789 1049 2820 sententiam
1074 2788 1302 2821 convenissent.
1342 2787 1449 2818 Talem
1467 2787 1571 2829 itaque
1588 2793 1655 2818 tan-

202 2840 327 2877 tamque
343 2838 525 2878 potentiam,
540 2851 609 2880 quac
628 2841 656 2871 in
674 2841 735 2873 illis
761 2848 834 2874 tuuc
850 2848 915 2873 erat
942 2842 1032 2883 locis,
1047 2843 1136 2874 Deus
1161 2849 1245 2874 certo
1260 2843 1393 2882 quodam
1409 2841 1517 2873 ordine
1532 2842 1570 2873 ad
1589 2841 1656 2874 haec

197 2899 300 2921 rursus
313 2891 381 2923 loca
397 2891 539 2930 deduxit,
558 2894 610 2924 tali
624 2895 768 2936 quadum,
783 2902 817 2928 ut
833 2897 937 2935 fertur,
963 2898 1126 2930 occasione
1140 2909 1147 2928 :
1170 2897 1269 2929 multa
1285 2907 1356 2930 sanc
1380 2906 1434 2937 per
1450 2896 1564 2933 secula,
1576 2905 1659 2938 quo·
