1840 3225
190 240 267 277 506
646 234 912 275 PLATONIS
964 234 1206 273 DIALOGI.
1557 239 1653 290 [370

194 343 222 374 is
237 343 291 385 qui
307 353 376 374 cum
394 353 434 374 eo
447 342 634 374 necessitate
647 342 752 383 aliqua
766 347 798 372 et
813 342 963 373 societate
978 342 1188 384 conjungitur,
1202 343 1296 383 longe
1311 342 1453 373 miserior
1467 348 1526 374 est.
1568 345 1650 377 Tum

192 408 264 439 ego,
292 397 388 434 Quod
413 397 442 427 si
461 396 622 438 (inquam)
646 396 801 432 Axioche,
829 396 909 426 hanc
931 396 1094 427 scientiam
1118 406 1188 436 quae
1210 396 1309 426 libero
1325 396 1451 427 homine
1465 396 1649 438 dignissima

189 456 248 487 est,
273 451 413 481 omnium
428 451 560 481 maxime
577 450 820 480 abominandam
834 454 867 480 et
880 449 1097 480 detestabilem
1114 449 1236 485 statuis,
1253 449 1369 491 ecquid
1385 449 1423 480 de
1438 451 1559 481 caeteris
1575 452 1648 483 vitae

188 504 341 534 institutis
356 504 600 535 existimabimus
613 504 624 534 ?
647 514 754 535 nonne
765 503 837 534 illas
851 503 945 544 plane
958 504 1123 544 fugiendas
1135 504 1145 533 ?
1184 502 1304 534 Audivi
1315 509 1468 545 praeterea
1481 504 1648 537 Prodicum

186 557 356 598 aliquando
382 558 551 594 dicentem,
575 558 715 588 Mortem
740 567 841 598 neque
867 557 908 587 ad
934 557 1022 588 vivos
1047 567 1151 598 neque
1178 557 1219 587 ad
1234 563 1373 588 mortuos
1385 558 1542 599 pertinere
1557 559 1646 600 quic-

188 621 293 652 quam.
337 610 519 652 Ecquonam
544 621 617 642 vero
640 611 761 653 (inquit
781 610 962 653 Axiochus)
986 611 1103 641 modo?
1149 610 1417 652 Quandoquidem
1437 610 1598 654 (inquam)
1613 613 1648 643 in

187 664 275 695 vivos
296 665 415 695 nullam
437 665 534 696 habet
559 675 639 696 mors
663 670 866 706 potestatem,
892 670 925 695 at
951 665 1063 695 mortui
1079 675 1143 695 non
1165 670 1248 696 sunt.
1270 665 1316 695 ita
1341 675 1442 706 neque
1458 665 1498 695 ad
1513 671 1544 696 te
1559 676 1644 697 nunc

187 727 270 749 mors
285 718 421 759 pertinet
438 719 517 760 (non
531 718 615 750 enim
629 724 766 750 mortuus
783 718 833 760 es)
848 729 965 760 neque,
981 729 1077 760 quum
1092 724 1229 749 mortuus
1243 718 1353 754 fueris,
1366 719 1405 749 ad
1419 724 1452 749 te
1466 718 1650 760 pertinebit.

186 782 250 802 non
266 772 350 803 enim
366 773 502 814 amplius
516 773 588 803 eris.
631 772 740 803 Inanis
756 783 829 813 ergo
844 778 892 802 est
904 774 1004 808 dolor,
1022 772 1197 803 Axiochum
1217 773 1257 803 de
1276 782 1315 802 ea
1328 782 1361 802 re
1378 782 1450 813 quae
1466 772 1647 803 Axiochum

187 835 290 866 neque
307 827 435 867 attingit
448 837 549 867 neque
565 826 700 867 attinget
715 836 862 866 unquam,
878 827 985 866 lugere
1000 838 1006 855 :
1032 830 1065 856 et
1089 825 1222 866 perinde
1237 831 1287 856 est
1301 825 1367 856 acsi
1381 826 1453 866 quis
1474 826 1515 856 de
1534 826 1645 868 Scylla

184 884 218 910 et
232 879 391 910 Centauro
406 881 538 916 doleret,
556 880 609 921 qui
625 880 664 910 ad
681 886 712 909 te
734 880 791 910 hoc
804 884 945 920 tempore
956 879 1034 909 nihil
1049 880 1220 920 pertinent,
1236 889 1339 920 neque
1353 879 1385 910 in
1397 884 1555 920 posterum
1573 891 1649 921 per-

183 932 338 965 tinebunt.
357 939 455 964 metus
471 933 555 965 enim
569 933 608 963 ad
624 943 678 964 eas
693 943 740 964 res
754 943 829 963 sane
844 933 982 964 refertur
996 943 1064 973 quae
1081 942 1189 963 revera
1209 933 1346 963 existunt
1361 944 1368 962 :
1394 943 1498 963 verum
1527 933 1568 964 ad
1591 944 1646 965 eas

184 996 254 1026 quae
285 986 370 1017 nullo
399 987 493 1017 modo
519 987 668 1024 existunt,
696 986 751 1027 qui
774 987 891 1027 poterit
919 985 1078 1028 pertinere
1096 985 1106 1015 ?
1152 985 1233 1017 Haec
1265 991 1298 1017 tu
1327 986 1476 1017 nimirum
1506 987 1645 1028 (inquit)

184 1039 309 1070 erudita
331 1046 426 1081 atque
442 1041 611 1082 exquisita,
625 1041 670 1071 mi
699 1041 856 1077 Socrates,
872 1040 1032 1082 depromis
1048 1051 1085 1071 ex
1103 1041 1226 1081 garrula
1240 1040 1296 1071 illa
1309 1046 1376 1071 arte
1392 1051 1463 1081 quae
1479 1041 1647 1072 subtilibus

184 1094 447 1125 conclusiunculis
461 1106 544 1126 nunc
560 1095 703 1136 specioSa
717 1099 776 1125 est.
798 1093 903 1136 (illinc
928 1094 1013 1124 enim
1037 1099 1187 1135 petuntur
1212 1103 1307 1135 nugae
1319 1094 1514 1135 ineptiasque
1533 1094 1644 1125 verbo-

182 1156 252 1177 rum
266 1147 306 1178 ad
317 1148 567 1179 adolescentium
583 1148 704 1179 animos
725 1147 897 1179 eludendos
921 1147 1125 1189 comparatae)
1149 1153 1181 1178 at
1197 1158 1246 1177 me
1266 1147 1346 1178 illud
1374 1148 1462 1188 angit
1477 1153 1571 1189 atque
1587 1158 1646 1179 ex·

182 1201 302 1232 cruciat
326 1202 410 1243 quod
439 1203 512 1233 vitae
539 1202 712 1233 commodis
739 1201 891 1233 destituar
907 1214 913 1231 :
939 1208 1032 1243 atque
1057 1207 1125 1232 utut
1137 1201 1378 1243 probabiliorem
1396 1202 1454 1232 hac
1470 1202 1644 1233 orationem

182 1256 354 1296 crepueris,
391 1257 547 1292 Socrates,
584 1256 635 1287 hic
670 1267 718 1286 me
748 1266 872 1297 semper
902 1256 1066 1297 scrupulus
1092 1256 1165 1286 urit,
1220 1255 1317 1286 Mens
1341 1256 1425 1286 enim
1455 1255 1646 1296 gravioribus
1692 1252 1697 1256 ’

182 1309 426 1350 cogitationibus
447 1310 608 1346 distracta,
632 1315 751 1340 ornatae
773 1310 920 1340 orationis
943 1309 1109 1350 splendore
1135 1309 1265 1340 minime
1287 1310 1432 1350 capitur:
1456 1320 1561 1351 neque
1576 1310 1644 1342 haec

179 1363 251 1404 ipsa
265 1364 394 1405 quidem
408 1364 524 1394 eodem
540 1364 631 1405 quasi
646 1365 754 1395 colore
770 1369 845 1405 apta
859 1369 933 1395 sunt
948 1363 1031 1394 inter
1046 1374 1090 1400 se,
1107 1364 1230 1405 sibique
1255 1368 1399 1407 constant
1413 1375 1420 1393 t
1445 1363 1502 1394 sed
1527 1369 1645 1404 quanto

181 1418 283 1459 magis
298 1418 339 1448 ad
355 1419 599 1449 ostentationem
615 1423 822 1459 ornatumque
839 1418 988 1449 orationis
1000 1423 1072 1448 sunt
1087 1419 1269 1459 composita,
1288 1422 1375 1448 tanto
1390 1417 1516 1459 longius
1531 1417 1646 1449 absunt

180 1482 199 1502 a
223 1472 366 1503 veritate.
410 1473 516 1503 Morbi
538 1483 611 1503 vero
636 1472 760 1502 illarum
787 1472 1112 1502 conclusiuncularum
1127 1471 1289 1511 decipulas
1304 1471 1384 1501 ferre
1398 1477 1572 1511 nequeunt,
1585 1472 1643 1502 sed

178 1525 212 1556 iu
242 1526 281 1556 iis
307 1526 431 1557 demum
458 1526 663 1567 acquiescunt
690 1536 761 1567 quae
792 1526 831 1556 ad
862 1525 1000 1556 animum
1028 1536 1127 1566 usque
1155 1530 1288 1566 possunt
1314 1530 1490 1566 penetrare.
1534 1525 1639 1566 Atqui

178 1578 345 1621 (inquam)
358 1581 401 1612 mi
413 1580 566 1616 Axioche,
581 1591 642 1611 non
659 1580 882 1611 animadvertis
893 1584 925 1610 te
936 1579 1153 1620 imprudenter
1164 1578 1249 1620 loqui
1259 1579 1446 1620 pugnantia,
1457 1579 1532 1610 dum
1539 1580 1640 1610 malo-

179 1643 250 1663 rum
262 1644 389 1665 sensum
404 1645 476 1666 cum
492 1635 643 1665 bonorum
660 1634 835 1675 privatione
850 1633 1012 1675 conjungis
1027 1645 1034 1662 ;
1058 1644 1117 1663 nec
1130 1633 1190 1664 tibi
1205 1633 1237 1663 in
1254 1639 1391 1664 mentem
1407 1633 1505 1669 venit,
1519 1638 1551 1664 te
1566 1638 1639 1675 post
1661 1656 1664 1658 v

177 1693 310 1718 mortem
325 1689 446 1719 nullum
462 1690 557 1730 plane
573 1689 720 1720 futurum.
743 1688 915 1719 contrarius
939 1687 1036 1729 [370]
1061 1687 1144 1718 enim
1160 1687 1315 1717 malorum
1327 1697 1517 1718 sensuseum
1531 1687 1639 1718 dolore

179 1741 274 1772 afficit
291 1743 345 1783 qui
360 1742 449 1773 bonis
463 1743 599 1784 privatur
614 1754 620 1772 :
645 1751 677 1773 at
698 1742 732 1773 in
753 1752 826 1772 eum
840 1742 896 1782 qui
909 1751 972 1772 non
984 1747 1044 1777 est,
1059 1741 1148 1772 nulla
1163 1740 1333 1782 cujuslibet
1344 1741 1391 1772 rei
1408 1740 1520 1772 cadere
1535 1746 1641 1782 potest

177 1795 324 1836 privatim
359 1796 399 1827 In
425 1807 463 1827 eo
490 1797 586 1838 igitur
613 1796 667 1838 qui
689 1796 809 1826 nullum
839 1795 958 1826 doloris
979 1795 1143 1826 habiturus
1170 1799 1219 1825 est
1242 1805 1380 1832 sensum,
1397 1795 1451 1835 qui
1465 1805 1534 1826 esse
1549 1794 1638 1826 dolor·

176 1854 282 1890 potest
294 1850 316 1882 ?.
329 1860 401 1881 nam
425 1851 451 1881 si
479 1857 512 1881 tu
535 1850 636 1887 initio,
665 1850 824 1887 Axioche,
849 1860 950 1883 rerum
974 1849 1169 1890 ignoratione
1197 1859 1322 1879 sensum
1347 1849 1508 1889 quendam
1523 1849 1642 1879 doloris

176 1913 241 1934 non
269 1905 439 1945 posuisses,
462 1910 593 1935 mortem
620 1904 763 1945 profecto
786 1914 946 1945 nunquam
960 1903 1203 1934 reformidasses.
1226 1914 1309 1933 nunc
1323 1907 1355 1933 te
1372 1903 1438 1943 ipse
1455 1902 1486 1932 in
1502 1912 1636 1933 errorem

175 1956 326 1997 impellis,
353 1958 430 1989 dum
455 1958 511 1989 illa
533 1963 566 1989 te
591 1958 740 1999 cogitatio
767 1962 958 1994 consternat,
984 1967 1026 1987 ne
1050 1956 1154 1988 animo
1177 1956 1358 1987 destituaris
1374 1967 1381 1987 ε
1407 1966 1502 1997 quum
1517 1956 1638 1987 interea

176 2010 339 2043 existimas
364 2013 529 2044 te*·'sensus
554 2011 624 2054 ejus
651 2011 706 2052 qui
722 2012 906 2043 interiturus
921 2016 981 2048 est,
997 2021 1124 2042 sensum
1139 2020 1209 2042 esse
1224 2011 1414 2041 habiturum.
1458 2010 1532 2042 Jam
1546 2019 1638 2047 vero,

176 2070 291 2105 praeter
304 2066 371 2097 haec
387 2067 482 2097 etiam
496 2066 602 2096 multae
618 2070 691 2096 suut
705 2066 862 2107 praeclarae
879 2065 1047 2106 solidaeque
1063 2064 1197 2095 rationes
1212 2064 1253 2095 ad
1267 2064 1362 2095 animi
1372 2064 1637 2095 immortalitatem

174 2118 376 2158 probandam.
401 2131 503 2161 neque
527 2119 610 2150 enim
635 2120 777 2160 profecto
797 2125 909 2150 natura
933 2120 1069 2150 humana
1083 2118 1124 2149 ad
1139 2124 1261 2149 tantam
1274 2129 1306 2149 se
1318 2128 1420 2149 rerum
1436 2117 1634 2148 molitionem

174 2181 313 2212 unquam
335 2173 509 2208 extulisset,
535 2178 570 2203 ut
595 2173 713 2209 beluas,
730 2173 762 2203 in
779 2173 891 2214 quibus
906 2178 1012 2203 tamen
1028 2172 1159 2214 majores
1174 2172 1281 2202 insunt
1297 2172 1388 2208 vires,
1404 2176 1630 2206 contemneret,

175 2225 272 2256 maria
295 2225 442 2257 definiret
467 2232 560 2267 atque
584 2231 774 2267 penetraret,
794 2227 887 2257 urbes
898 2226 1063 2262 conderet,
1081 2225 1269 2266 respublicas
1285 2225 1502 2261 constitueret,
1519 2225 1633 2255 coelum

174 2278 358 2320 suspiceret,
375 2281 597 2321 stellarumque
610 2290 716 2310 cursus
732 2279 906 2320 disparibus
920 2280 1003 2310 inter
1013 2290 1046 2309 se
1056 2279 1192 2309 motibus
1201 2283 1392 2314 constantes,
1404 2277 1635 2309 vicissitudines

176 2332 295 2363 dierum
313 2338 406 2374 atque
420 2335 570 2369 noctium,
587 2335 911 2374 commutationesque
928 2339 1103 2373 temporum
1116 2332 1358 2373 quadripertitos
1371 2332 1410 2362 ad
1421 2331 1634 2362 maturitatem

174 2386 307 2428 frugum,
323 2392 356 2417 et
370 2387 411 2418 ad
425 2388 865 2429 temperationemvcorporum
880 2392 981 2428 aptas,
998 2396 1168 2426 eorumque
1183 2387 1325 2416 omnium
1350 2386 1576 2418 moderatorem
1599 2391 1634 2416 et

172 2440 288 2471 ducem
302 2442 400 2471 solem
410 2442 590 2482 lunamque,
604 2441 781 2472 accretione
793 2446 826 2472 et
836 2440 1044 2471 diminutione
1055 2439 1195 2474 luminis,
1207 2439 1295 2480 quasi
1306 2438 1456 2470 fastorum
1466 2443 1630 2470 notantem

173 2494 253 2532 dies,
268 2500 377 2526 ventos
392 2495 468 2525 item
484 2503 517 2526 et
530 2495 795 2536 imbrium->lapsus
810 2499 842 2525 et
854 2495 1001 2535 impetus,
1018 2499 1181 2534 vastosque
1193 2493 1352 2523 turbinum
1364 2493 1517 2524 vortices:
1543 2502 1631 2522 mun-

172 2549 204 2578 di
229 2548 366 2589 denique
390 2549 506 2580 variam
531 2549 788 2580 constitutionem
809 2547 1008 2590 sempiternis
1023 2546 1210 2588 quibusdam
1227 2546 1440 2576 fundamentis
1455 2545 1608 2576 firmatam
1623 2556 1630 2574 z

173 2612 237 2632 non
265 2603 343 2638 haec,
372 2603 513 2643 inquam,
543 2603 648 2633 omnia
677 2603 890 2643 perspexisset
919 2612 1019 2643 genus
1053 2601 1231 2635 humanum,
1263 2599 1324 2629 nisi
1353 2598 1494 2629 divinum
1521 2608 1633 2629 revera

174 2654 325 2697 quiddam
337 2656 370 2687 iu
385 2656 484 2697 ipsius
497 2656 601 2687 animo
611 2656 741 2692 inesset,
757 2656 848 2697 cujus
862 2655 1017 2686 beneficio
1034 2659 1082 2685 tot
1107 2659 1327 2692 tantarumque
1350 2662 1455 2683 rerum
1478 2651 1631 2692 cognitio-

172 2720 247 2741 nem
263 2710 444 2751 firmamque
462 2710 701 2751 intelligentiam
716 2710 827 2740 fuisset
839 2710 1031 2750 complexus.
1061 2707 1173 2748 Itaque
1184 2717 1249 2737 non
1262 2705 1302 2736 ad
1317 2711 1456 2741 mortem,
1468 2705 1628 2742 Axioche‚

173 2764 230 2794 sed
256 2764 295 2794 ad
323 2774 423 2794 veram
451 2764 714 2794 immortalitatem
742 2764 936 2803 commigras,
952 2762 1024 2792 dum
1041 2772 1081 2792 ex
1096 2762 1152 2791 llac
1172 2761 1238 2791 vita
1253 2759 1399 2790 excedis:
1423 2768 1526 2799 neque
1540 2758 1632 2789 bonis

175 2817 358 2854 destituere,
371 2817 427 2847 sed
437 2827 541 2847 veram
553 2818 810 2859 purissimamque
826 2818 948 2847 illorum
960 2815 1190 2857 possessionem
1200 2813 1316 2844 adibis:
1342 2822 1443 2853 neque
1454 2812 1631 2854 voluptates

177 2871 300 2902 mortali
313 2871 434 2912 corpori
450 2871 626 2911 permixtas,
640 2872 694 2902 sed
712 2871 751 2901 ab
762 2871 905 2902 omnibus
917 2869 1078 2902 doloribus
1090 2869 1245 2898 immunes
1256 2877 1291 2898 ac
1304 2866 1417 2897 liberas
1427 2875 1632 2907 consequere.

178 2925 283 2964 Quum
308 2924 391 2956 enim
417 2935 458 2956 ex
474 2925 531 2956 hoc
548 2935 669 2957 carcere
687 2925 797 2967 hisque
815 2924 949 2957 vinculis
964 2922 1146 2959 evolaveris,
1163 2927 1226 2953 tum
1243 2931 1280 2953 eo
1295 2920 1459 2962 pervenies
1475 2919 1527 2951 ubi
1543 2919 1632 2951 nulla
