1840 3225
141 236 237 286 366]
583 236 654 273 DE
688 234 994 274 REPUBLICA
1030 238 1128 276 LIB.
1162 239 1211 276 ΙΙ.
1545 242 1619 280 105

138 351 195 373 nos
212 341 251 372 ab
267 339 339 381 illis,
355 350 426 382 quae
443 339 504 372 illic
521 338 601 370 mala
617 344 701 375 sunt,
719 339 861 370 liberent.
890 340 1047 371 sacrificiis
1064 347 1166 372 autem
1193 341 1404 382 praetermissis
1428 341 1532 383 gravia
1557 352 1613 372 nos

135 399 272 426 manent.
319 394 397 425 Haec
413 394 527 429 omnia,
545 404 563 424 o
580 393 735 429 Socrates,
753 394 826 424 talia
842 403 878 423 ac
895 399 981 424 tanta
997 395 1037 425 de
1054 395 1173 425 virtutis
1191 395 1320 436 vitiique
1335 395 1482 436 praemiis,
1506 399 1609 437 quoad

139 447 227 478 Deos
241 454 273 479 et
290 448 430 479 homines
447 447 592 488 pertinet,
609 447 753 478 dicimus.
798 447 885 485 Quid
910 453 1055 489 putamus
1079 454 1201 479 acturos
1222 449 1288 480 lraec
1305 449 1468 480 audientes
1491 450 1610 481 animos

132 511 238 533 eorum
251 501 416 542 juvenum,
444 501 496 542 qui
514 500 641 531 solertes
659 501 786 542 ingenio
805 507 886 537 sunt,
904 507 935 532 et
951 502 989 531 ad
1008 502 1113 532 onmia
1127 503 1212 533 dicta
1228 505 1391 534 commode
1407 504 1609 545 celeriterque

132 555 274 587 conversi
291 566 327 585 ex
344 565 376 585 se
392 554 466 595 ipsis
482 553 651 585 deliberare
668 559 810 595 possunt,
835 554 935 596 qualis
959 554 1072 596 aliquis
1097 555 1232 585 existens
1256 561 1286 585 et
1307 567 1452 597 quorsum
1478 557 1609 587 tendens

133 619 226 649 quam
243 609 359 650 optime
375 609 467 638 vitam
485 607 581 648 agat?
627 608 882 639 Consentaneum
899 614 958 643 est,
971 607 1121 648 juvenem
1138 608 1230 639 talem
1248 608 1376 639 Pindari
1405 610 1480 640 illud
1504 611 1607 641 animo

130 663 252 693 volvere
268 672 276 693 :
314 661 424 693 Utrum
437 661 570 702 justitiae
587 661 795 692 conscendam
813 661 876 692 alta
893 662 1019 701 moenia,
1037 672 1076 691 an
1093 661 1236 703 obliquas
1261 663 1326 692 doli
1353 663 1418 693 vias
1440 664 1606 704 ingrediar,

130 725 241 758 meque
256 715 299 746 ita
314 715 447 746 fulciens
462 715 556 745 vitam
573 725 662 756 agam
677 716 688 745 ?
728 715 773 745 Ea
789 715 883 752 enim,
900 725 970 756 quae
986 715 1071 746 dicta
1086 720 1171 756 sunt,
1197 716 1271 746 mihi
1287 717 1427 757 quidem,
1454 717 1480 747 si
1500 717 1607 758 justus

127 769 198 810 sim,
212 779 274 799 nou
291 774 393 799 tamen
410 779 590 810 appaream,
606 768 682 798 nibil
700 769 846 809 prodesse
859 769 983 805 dicunt,
1001 769 1119 800 labores
1135 775 1238 800 autem
1253 775 1285 800 et
1298 781 1404 811 peenas
1416 776 1515 801 certas
1527 782 1606 803 esse.

126 823 243 864 injusto
259 833 342 859 vero,
359 823 539 864 opinionem
552 822 683 863 justitiae
699 828 857 863 assecuto,
875 822 938 853 vita
953 822 1059 853 divina
1077 824 1185 854 adesse
1201 824 1325 856 dicitur.
1366 824 1482 855 Nonne
1498 825 1606 866 igitur,

126 883 290 919 postquam
307 876 493 907 existimatio
509 877 576 907 haee
588 877 732 918 justitiae,
749 883 782 906 ut
798 877 956 918 sapientes
974 878 1111 914 tradunt,
1139 879 1300 909 veritatem
1327 879 1413 919 cogit
1434 889 1470 910 ac
1495 879 1604 919 violat,

122 937 154 962 et
169 931 208 962 ad
226 930 450 962 beatitudinem
475 938 522 961 est
546 931 721 973 praecipna:
748 931 787 962 ad
809 943 878 962 eam
895 932 1023 962 omnino
1041 932 1231 962 tendendum
1249 933 1319 962 est?
1344 933 1479 963 Induere
1496 933 1602 975 itaque

123 985 288 1026 imaginem
305 984 584 1026 oportetjustitiae,
600 990 632 1015 et
646 986 803 1026 quandam
821 996 883 1026 prae
900 996 932 1016 se
948 985 1025 1016 serre
1043 985 1164 1016 virtutis
1180 986 1461 1022 adumbrationem,
1479 997 1495 1016 a
1513 992 1600 1027 tergo

125 1049 197 1070 vero
212 1038 295 1068 illam
312 1038 461 1079 sapientis
479 1038 656 1070 Archilochi
675 1039 801 1080 vulpem
818 1044 950 1070 astutam
968 1050 1004 1070 ac
1022 1040 1132 1070 variam
1151 1041 1282 1072 trabere.
1329 1040 1375 1072 At
1390 1041 1503 1071 dixerit
1522 1041 1600 1072 forte

122 1091 278 1133 quispiam
293 1093 376 1122 haud
392 1091 484 1122 facile
505 1102 584 1128 esse,
597 1098 635 1122 ut
650 1092 748 1122 malus
765 1092 833 1133 quis
850 1103 971 1133 semper
997 1092 1104 1124 lateat.
1150 1092 1218 1123 Nos
1243 1104 1314 1123 vero
1342 1094 1600 1134 respondebimus

121 1145 196 1177 nihil
215 1156 358 1187 maguum
375 1156 441 1176 esse
456 1145 559 1177 facile.
583 1152 796 1177 verumtamen
813 1147 838 1176 si
854 1146 936 1176 beati
953 1156 1020 1176 esse
1038 1146 1191 1182 volumus,
1219 1147 1275 1177 hac
1292 1147 1428 1176 eundum
1454 1149 1600 1188 est,‘qua

117 1199 271 1229 rationum
288 1199 420 1240 vestigia
435 1200 566 1231 ducunt.
590 1200 707 1230 etenim
724 1205 759 1230 ut
774 1205 878 1230 nostra
893 1199 1077 1240 improbitas
1093 1199 1216 1231 occulta
1234 1207 1424 1240 permaneat,
1452 1200 1599 1241 conjura·

118 1253 218 1283 tiones
234 1253 460 1294 societatesque
475 1253 636 1284 inibimus.
661 1254 776 1285 adsunt
791 1254 867 1294 quin
883 1254 976 1284 etiam
995 1253 1206 1295 persuasionis
1222 1253 1370 1294 magistri,
1397 1254 1451 1294 qui
1473 1254 1598 1295 sapien-

118 1307 190 1337 tiam
204 1307 466 1338 concionatoriam
478 1306 705 1348 etjudicialem
724 1308 851 1338 tradunt
869 1319 876 1337 :
901 1318 938 1338 ex
954 1307 1067 1348 quibus
1079 1308 1189 1348 partim
1204 1308 1471 1347 persuadebimus,
1485 1308 1594 1348 partim

117 1370 277 1400 cogemus,
304 1365 339 1390 ut
361 1360 436 1390 dum
461 1361 550 1391 nobis
575 1361 665 1401 plura
683 1371 871 1402 arrogamus,
889 1371 997 1401 poenas
1018 1360 1144 1391 minime
1160 1360 1383 1401 persolvamus.
1428 1362 1489 1392 Sed
1507 1361 1597 1392 Deos

117 1415 243 1455 quidem
259 1424 362 1456 neque
378 1414 472 1445 latere
489 1425 590 1456 neque
607 1425 718 1455 cogere
736 1414 884 1456 possibile
898 1420 955 1446 est.
1003 1414 1121 1444 Verum
1149 1415 1174 1444 si
1202 1425 1265 1444 non
1289 1420 1362 1444 sunt
1387 1414 1434 1445 vel
1462 1416 1596 1445 humana

116 1478 178 1498 non
195 1474 315 1505 curant,
331 1469 414 1499 haud
432 1469 521 1499 nobis
536 1469 706 1499 curandum
723 1475 782 1503 est,
813 1473 846 1498 ut
867 1478 920 1498 eos
948 1468 1109 1498 lateamus.
1135 1468 1181 1497 sin
1206 1472 1309 1498 autem
1340 1473 1414 1498 sunt
1434 1474 1466 1499 et
1485 1473 1596 1499 curant

116 1523 263 1559 humana,
279 1533 336 1553 nos
350 1533 412 1553 non
427 1523 554 1553 aliunde
567 1522 600 1553 id
619 1523 762 1552 novimus
780 1521 828 1552 vel
846 1522 989 1552 audimus
1005 1531 1098 1562 quam
1116 1532 1152 1552 ex
1169 1522 1335 1552 multorum
1353 1522 1545 1553 sermonibus
1561 1528 1594 1552 et

116 1586 152 1606 ex
180 1576 282 1617 poe'tis
307 1576 523 1618 genealogiam
539 1576 676 1618 ipsorum
699 1577 918 1607 scribentibus.
942 1576 1034 1606 iidem
1053 1586 1123 1605 vero
1139 1575 1201 1616 ipsi
1217 1575 1382 1616 perhibent
1397 1586 1488 1617 posse
1505 1575 1595 1605 Deos

117 1630 273 1670 precibus,
289 1630 381 1661 sacris
395 1634 427 1660 et
443 1629 622 1660 muneribus
634 1629 730 1660 flecti.
753 1629 868 1671 quibus
879 1629 926 1659 vel
942 1634 1106 1670 utrumque
1117 1628 1306 1659 credendum
1320 1634 1366 1659 est
1376 1629 1423 1659 vel
1437 1636 1592 1660 neutrum.

116 1684 142 1714 si
158 1683 200 1714 ita
217 1684 418 1720 credendum,
429 1689 462 1714 et
471 1683 588 1724 injuste
600 1684 769 1724 agendum,
783 1689 876 1724 atque
890 1694 926 1713 ex
940 1683 1008 1723 ipsa
1019 1683 1128 1724 rapina
1138 1681 1211 1712 Diis
1223 1683 1473 1713 sacrificandum.
1491 1682 1589 1724 [366]

111 1736 189 1776 justi
205 1737 287 1767 enim
303 1736 328 1767 si
343 1737 450 1772 simus,
466 1737 554 1767 illaesi
570 1747 588 1767 a
604 1736 676 1767 Diis
690 1737 822 1768 erimus:
849 1737 904 1768 sed
920 1742 1068 1778 quaestus,
1097 1737 1151 1777 qui
1175 1747 1228 1776 per
1252 1735 1438 1777 injustitiam
1463 1746 1591 1777 compa·

114 1795 228 1830 rantur,
253 1800 444 1832 respuemus.
478 1790 584 1832 injusti
612 1797 715 1822 autern
743 1790 869 1821 divitias
896 1791 1083 1831 parabimus,
1101 1791 1330 1831 sceleribusque
1361 1790 1490 1831 patratis
1517 1789 1589 1820 illos

115 1844 258 1884 precibus
284 1844 445 1876 flectentes
470 1855 488 1876 a
514 1856 606 1886 poena
629 1845 838 1876 liberabimur.
883 1845 945 1875 Sed
969 1845 1052 1875 enirn
1076 1845 1162 1885 apud
1187 1845 1301 1875 inferos
1325 1854 1431 1885 poenas
1446 1844 1589 1873 dabimus

114 1908 231 1934 eorum,
247 1908 317 1939 quae
334 1898 383 1929 hic
400 1899 516 1940 injuste
543 1899 797 1934 commiserimus,
825 1899 874 1929 vel
899 1909 957 1929 nos
980 1899 1027 1929 vel
1053 1898 1120 1929 nati
1146 1904 1300 1929 natorum.
1346 1900 1403 1934 At,
1430 1909 1448 1927 o
1476 1898 1590 1936 amice,

114 1951 217 1983 dicere
232 1953 366 1993 quadam
381 1953 502 1983 ratione
518 1953 624 1983 licebit
637 1966 643 1983 ε
670 1963 822 1994 supremae
837 1963 894 1994 pro
909 1953 1046 1994 peccatis
1062 1951 1234 1983 commissis
1249 1952 1443 1993 expiationes
1457 1952 1588 1982 multum

112 2011 255 2045 possunt,
270 2006 504 2048 exorabilesque
520 2006 575 2037 Dii
591 2011 675 2043 sunt,
692 2012 726 2037 ut
743 2007 882 2037 maximas
896 2007 1040 2038 civitates
1056 2006 1176 2038 dicunt.
1201 2012 1233 2036 et
1249 2006 1387 2037 Deorum
1402 2006 1468 2045 filii,
1483 2006 1588 2047 po'etae

113 2059 337 2101 prophetatque
353 2060 506 2098 Deorum,
522 2062 588 2092 haec
605 2062 648 2092 ita
664 2072 697 2092 se
723 2061 836 2092 habere
864 2066 1026 2092 testantur.
1071 2060 1156 2103 Ergo
1182 2071 1253 2102 quae
1275 2059 1354 2090 ratio
1381 2060 1508 2090 ulterius
1530 2070 1587 2090 nos

111 2112 254 2154 inducet,
280 2119 315 2144 ut
331 2124 392 2155 prae
408 2125 527 2145 summa
543 2103 697 2154 injustitia
709 2115 863 2157 justitiam
881 2115 1050 2157 eligamus:
1076 2115 1345 2156 quandoquidem,
1367 2114 1390 2144 si
1405 2113 1589 2154 injustitiam

112 2167 169 2198 sub
186 2168 360 2199 adulterina
381 2170 485 2210 specie
511 2171 681 2200 honestatis
709 2170 979 2206 occultaverimus,
1009 2175 1041 2201 et
1068 2170 1152 2211 apud
1178 2168 1267 2200 Deos
1291 2174 1322 2199 et
1337 2168 1422 2209 apud
1447 2168 1588 2199 homines

110 2221 216 2252 omnia
230 2223 319 2252 nobis
335 2223 374 2253 ad
392 2227 497 2253 votum
513 2224 695 2264 succedent,
713 2230 745 2254 ct
772 2224 948 2255 viventibus
970 2229 1001 2254 et
1026 2223 1195 2260 defuncfis,
1219 2223 1482 2265 quemadmodum
1507 2222 1587 2252 niol-

111 2279 210 2305 torum
224 2276 505 2319 excellentiamque
521 2277 654 2308 virorum
671 2283 801 2309 testatur
816 2278 939 2309 oratio?
975 2277 1022 2308 Ex
1040 2278 1184 2308 omnibus
1193 2277 1261 2315 jam
1278 2277 1383 2317 dictis,
1399 2286 1417 2306 o
1433 2275 1588 2314 Socrates,

110 2329 180 2369 quis
194 2330 361 2361 crediderit
376 2341 445 2361 eum
462 2331 620 2362 hominem
632 2331 787 2372 justitiam
804 2337 1005 2367 servaturum,
1018 2332 1068 2362 cui
1085 2331 1125 2361 sit
1141 2331 1244 2372 aliqua
1261 2330 1305 2360 vis
1319 2335 1372 2360 aut
1387 2329 1519 2359 fortunae
1532 2333 1587 2358 aut

110 2392 206 2423 opum
219 2389 272 2414 aut
287 2385 423 2425 corporis
438 2390 492 2415 aut
508 2387 627 2426 generis
641 2387 651 2416 ?
664 2396 700 2417 ac
716 2397 779 2416 non
796 2386 903 2428 potius
919 2386 1120 2426 subrisurum,
1143 2385 1169 2416 si
1182 2384 1300 2415 laudari
1322 2393 1390 2414 eam
1406 2383 1561 2413 audiverit
1575 2383 1586 2412 ?

111 2435 196 2472 Quin
210 2437 303 2468 immo
314 2438 414 2479 siquis
421 2439 498 2469 falsa
508 2440 665 2480 ostendat,
675 2449 745 2481 quae
761 2439 909 2480 diximus,
921 2443 1066 2481 recteque
1082 2438 1164 2469 norit
1173 2437 1328 2478 justitiam
1339 2436 1492 2476 optimum
1505 2445 1585 2474 esse,

111 2491 308 2521 vehementer
323 2492 463 2532 ignoscet
479 2503 581 2534 neque
596 2494 745 2525 irascetur
760 2493 897 2535 injustis,
912 2504 982 2525 cum
998 2492 1168 2533 intelligat,
1183 2491 1240 2522 nisi
1253 2491 1322 2532 quis
1333 2489 1439 2520 divina
1449 2490 1584 2530 quadarn

111 2549 220 2575 natura
235 2544 430 2586 iniquitatem
447 2547 548 2577 oderit
566 2547 614 2577 vel
631 2548 771 2579 doctrina
788 2547 972 2579 abstinuerit
988 2548 1027 2577 ab
1043 2545 1208 2586 injustitia,
1232 2545 1387 2575 neminem
1404 2553 1458 2574 sua
1474 2549 1586 2585 sponte

109 2607 178 2628 esse
189 2597 322 2640 justum,
340 2600 394 2630 sed
413 2611 475 2641 prae
492 2601 657 2632 timiditate
672 2602 720 2632 vel
732 2607 893 2633 senectute
906 2601 954 2632 vel
968 2601 1027 2631 alia
1040 2600 1175 2641 quadam
1189 2598 1400 2629 imbecillitate
1414 2597 1587 2638 vituperare

110 2650 305 2692 injustitiam,
322 2663 392 2684 cum
408 2664 475 2699 eam
493 2656 620 2696 exsequi
638 2662 783 2697 nequeat.
829 2656 925 2693 Quod
942 2655 1068 2697 quidem
1086 2653 1160 2684 satis
1188 2664 1225 2684 ex
1247 2662 1285 2683 eo
1311 2656 1411 2692 patet,
1436 2651 1583 2692 quoniam

112 2709 146 2734 ut
161 2706 292 2745 primum
315 2707 384 2748 quis
403 2714 586 2748 potestatem
602 2709 736 2750 adeptus
751 2715 810 2746 est,
827 2709 943 2750 primus
960 2719 1014 2750 pro
1032 2707 1147 2738 viribus
1163 2706 1229 2748 agit
1253 2704 1390 2746 injuste;
1414 2705 1585 2745 horumque

109 2758 244 2789 omnium
261 2759 322 2790 alia
338 2760 423 2791 nulla
436 2765 484 2792 est
497 2772 601 2798 causa,
617 2773 710 2803 quarn
726 2773 774 2800 ea,
789 2764 872 2794 unde
889 2763 956 2794 haec
970 2761 1070 2792 omnis
1085 2760 1185 2791 oratio
1213 2759 1286 2790 mihi
1313 2763 1344 2789 et
1369 2758 1453 2792 huic,
1480 2768 1498 2787 ο
1524 2757 1586 2787 So-

109 2816 220 2848 crates,
235 2813 396 2844 adversum
415 2819 444 2845 te
460 2815 601 2857 profecta
616 2822 682 2847 est:
708 2817 855 2858 quoniam
872 2827 909 2848 ex
926 2817 1027 2856 vobis,
1049 2825 1068 2845 o
1083 2814 1211 2845 mirifice
1227 2813 1381 2848 Socrates,
1404 2811 1586 2852 quicunque

111 2864 220 2896 laudes
231 2866 362 2906 justitiae
388 2868 630 2910 profiteminis‘a
656 2870 766 2912 priscis
792 2871 854 2902 illis
880 2871 1024 2902 heroibus
1048 2868 1248 2909 incipientes,
1274 2867 1314 2897 de
1340 2866 1454 2907 quibus
1481 2863 1586 2904 aliqua

113 2922 212 2948 exstat
227 2921 375 2951 memoria
392 2933 490 2965 usque
506 2924 544 2954 ad
561 2931 680 2955 nostros
699 2926 850 2967 nomines,
876 2925 981 2956 nullus
1005 2932 1139 2964 unquam
1163 2921 1252 2952 aliter
1275 2919 1413 2950 laudavit
1431 2916 1587 2957 justitiam

204 2971 294 3003 Pae.
315 2974 368 3006 Tr.
862 2979 911 3010 11.
1331 2982 1334 2985 ’
1470 2970 1499 3001 0
