1840 3225
208 204 255 242 12
813 199 1080 239 PLAT0N1s
1604 203 1676 255 [32

203 313 301 350 utque
318 305 489 350 voluptatis
512 304 613 348 primo
641 313 739 346 genus
762 303 865 345 ipsum
891 302 1158 345 investigavimus,
1174 303 1217 335 sic
1244 309 1276 334 et
1299 303 1360 335 ista
1374 304 1458 336 circa
1471 304 1555 336 illam
1573 304 1674 347 primo

206 372 291 394 nunc
307 361 511 404 inquiremus.
535 369 672 392 seorsum
690 363 794 389 tamen
818 367 836 388 a
860 358 968 389 dolore
986 357 1178 399 voluptatem
1203 357 1392 390 sufficienter
1415 359 1590 391 examinare
1615 370 1680 391 non

206 426 383 458 possumus.
428 415 517 447 Pno.
544 414 578 444 Si
604 414 663 444 hac
689 413 893 454 gradiendum
909 418 968 448 est,
983 413 1042 443 hac
1059 412 1167 453 utique
1183 413 1369 453 gradiamur.
1413 413 1470 445 So.
1493 412 1580 444 Num
1594 413 1680 445 idem

206 471 276 508 tibi,
293 471 378 512 quod
392 469 478 510 mibi,
490 469 529 499 de
544 469 650 498 horum
661 467 862 509 generatione
874 466 997 497 videtur
1010 467 1021 496 ?
1067 466 1152 498 Pno.
1176 467 1262 505 Quid
1277 468 1359 498 istud
1374 467 1384 498 ?
1430 467 1488 499 So.
1511 466 1681 498 Communi

208 523 240 554 in
257 534 370 565 genere
387 522 452 553 fieri
469 522 642 553 secundum
659 525 799 565 naturam
817 520 907 551 dolor
922 520 1130 562 voluptasque
1146 521 1302 554 videntur.
1347 522 1433 553 Pno.
1457 521 1632 553 Commune
1647 520 1681 551 id

209 588 320 619 genuS,
337 577 437 608 amice
464 576 621 612 Socrates,
637 580 744 617 repete
771 576 912 612 obsecro,
937 574 1087 616 quidnam
1103 585 1141 605 ex
1160 574 1199 606 iis
1224 585 1295 617 quae
1321 586 1414 616 supra
1438 575 1585 606 distincta
1600 579 1686 612 sunt,

209 631 378 673 significari
409 630 495 663 velis.
540 630 597 661 So.
620 629 682 661 Pro
699 629 827 667 viribus,
852 640 870 659 ο
902 629 1031 660 mirifice
1057 629 1113 670 vir,
1139 630 1170 660 id
1197 640 1298 671 agam.
1343 630 1428 661 Pno.
1450 629 1540 661 Bene
1567 628 1686 670 inquis.

208 686 264 717 So.
302 685 481 718 Commune
511 684 652 726 profecto
682 683 908 724 intelligamus,
938 683 1024 724 quod
1054 693 1092 714 ex
1121 688 1256 724 quatuor
1285 684 1410 714 tertium
1440 682 1684 714 numeravimus.

209 739 297 771 Pno.
323 739 375 770 An
391 739 477 781 quod
495 743 568 780 post
592 738 750 768 infinitum
777 737 962 779 finitumque
988 736 1110 774 locasti,
1124 737 1158 768 in
1175 748 1237 779 quo
1254 738 1419 769 sanitatem
1433 743 1466 768 et
1481 736 1684 774 harmoniam,

209 797 245 823 ut
260 792 400 830 arbitror,
419 792 574 834 posuisti?
620 792 678 823 So.
703 791 806 822 Recte
835 791 927 822 dicis.
951 791 1006 821 sed
1033 801 1116 822 nunc
1139 791 1282 822 dicendis
1309 792 1441 823 maxime
1465 796 1601 822 mentem
1627 791 1685 821 ad·

209 846 293 878 hibe.
340 847 429 880 Pao.
453 846 518 878 Dic
529 845 608 887 jam.
654 845 709 875 So.
733 844 919 881 Harmonia,
936 844 1075 885 inquam,
1092 845 1197 876 soluta
1217 846 1250 876 in
1276 846 1498 882 animantibus,
1514 855 1577 876 una
1593 849 1684 876 natu·

211 911 252 932 ηε
268 901 453 932 solutionem
467 899 763 942 generationemque
774 899 917 930 dolorum
932 909 970 930 eo
981 900 1011 929 in
1027 904 1166 940 tempore
1182 900 1260 934 fieri.
1305 900 1392 931 Pno.
1417 899 1686 931 Consentaneum.

212 955 269 986 So.
293 954 413 986 Rursus
428 954 590 985 harmonia
606 958 852 995 contemperata,
868 958 901 984 et
914 953 946 983 in
958 953 1004 983 sui
1017 959 1156 984 naturam
1170 954 1311 995 protinus
1322 954 1477 995 restituta,
1491 954 1684 995 voluptatem

213 1008 280 1039 fieri
306 1009 475 1040 dicendum
500 1013 558 1045 est,
574 1007 600 1039 si
620 1008 714 1038 modo
731 1018 778 1038 res
805 1007 946 1038 maximae
965 1007 1064 1038 verbis
1088 1007 1197 1048 paucis
1219 1007 1448 1038 concludendas
1473 1013 1556 1038 sunt.
1600 1007 1688 1038 Pno-

212 1061 301 1094 Reor
316 1063 462 1104 equidem
481 1068 510 1093 te
527 1066 621 1099 recte,
639 1072 657 1092 o
673 1061 828 1100 Socrates,
842 1061 958 1093 dicere.
981 1060 1094 1091 clarius
1110 1066 1214 1091 tamen
1230 1061 1400 1102 exprimere
1414 1062 1524 1092 eadem
1539 1060 1683 1092 anniten-

212 1117 298 1147 dum.
343 1117 397 1148 So.
425 1115 477 1146 An
500 1126 564 1146 non
580 1114 719 1157 vulgaria
744 1121 778 1146 et
801 1115 964 1146 notissima
989 1114 1118 1155 cognitu
1143 1114 1251 1146 facilia
1276 1115 1370 1145 sunt?
1418 1115 1507 1146 Pao.
1530 1114 1685 1152 Quaenam

211 1169 296 1200 ista?
342 1169 398 1201 So.
422 1169 532 1200 Fames
557 1169 685 1211 quidem
702 1169 816 1200 solutio
839 1175 886 1200 est
901 1174 995 1210 atque
1021 1168 1174 1200 molestia.
1220 1169 1305 1201 Pno.
1332 1169 1400 1201 Est.
1443 1169 1500 1200 So.
1525 1168 1686 1200 comestio

215 1234 288 1254 vero
305 1223 435 1265 repletio
451 1227 544 1264 atque
561 1223 716 1264 voluptas.
764 1224 851 1254 Pno.
874 1223 936 1254 Ita.
982 1223 1037 1254 So.
1063 1223 1137 1254 Sitis
1152 1223 1263 1253 iterum
1279 1223 1436 1264 corruptio
1461 1223 1638 1265 solutioque
1654 1227 1688 1254 et

214 1278 316 1309 dolor.
340 1277 385 1308 vis
400 1283 516 1314 autem,
533 1278 659 1308 humore
676 1277 760 1318 quod
776 1277 945 1308 arefactum
957 1281 1005 1308 est
1020 1277 1173 1313 reficiens,
1199 1276 1275 1317 [32]
1300 1277 1444 1318 voluptas
1459 1282 1517 1309 est.
1540 1278 1687 1308 discretio

216 1331 344 1373 insuper
358 1336 391 1362 et
404 1331 579 1367 dissolutio,
596 1336 708 1372 praeter
722 1336 862 1362 naturam
890 1336 967 1362 aestu
993 1332 1128 1372 quodam
1146 1330 1271 1367 effecta,
1290 1331 1441 1363 molestia.
1466 1336 1499 1362 at
1513 1331 1686 1363 secundum

216 1390 358 1416 naturam
383 1384 536 1415 restitutio
563 1385 816 1426 refrigeratioque
833 1385 991 1427 voluptas,
1036 1385 1124 1416 Pno.
1148 1385 1287 1416 Prorsus.
1334 1386 1390 1417 So.
1415 1385 1582 1417 Concretio
1609 1396 1690 1428 quo·

217 1449 279 1480 que
293 1439 442 1475 humoris,
459 1443 570 1480 praeter
597 1439 738 1469 animalis
765 1444 906 1470 naturam
931 1439 1044 1480 frigore
1069 1439 1163 1475 facta,
1181 1440 1282 1471 dolor.
1301 1445 1411 1471 contra
1426 1441 1555 1471 humido
1573 1440 1686 1482 liques-

218 1498 322 1530 cente,
338 1498 370 1524 et
384 1493 417 1523 in
434 1503 520 1523 suam
537 1493 688 1524 redeunte
701 1497 855 1532 naturam,
870 1494 988 1525 reditus
1004 1494 1060 1524 iste
1077 1494 1235 1535 voluptas.
1281 1494 1333 1525 Ae
1349 1495 1523 1525 summatim
1540 1494 1686 1526 conside-

217 1557 262 1585 ra,
278 1557 352 1578 num
368 1557 457 1588 aequa
473 1547 530 1577 tibi
544 1548 610 1578 liaec
627 1548 724 1578 oratio
742 1548 903 1578 videatur:
932 1548 1087 1585 Quotiens
1115 1549 1321 1589 corrumpitur
1348 1548 1485 1580 animata
1503 1550 1636 1590 species,
1651 1559 1689 1580 ex

217 1600 342 1632 infinito
359 1606 390 1632 et
405 1601 535 1631 termino
551 1602 725 1632 secundum
745 1607 899 1639 naturam,
916 1607 950 1632 ut
966 1602 1111 1638 diximus,
1129 1602 1247 1643 genita,
1263 1602 1418 1644 ejusmodi
1429 1603 1587 1644 corruptio
1599 1602 1689 1633 dolor

217 1660 264 1686 est
279 1667 285 1686 ε
312 1666 382 1686 cum
398 1665 470 1686 vero
486 1655 552 1687 haec
569 1656 601 1686 in
618 1657 783 1687 essentiam
799 1667 885 1687 suam
902 1657 1049 1697 refluunt,
1060 1667 1230 1697 regressum
1244 1657 1327 1688 hunc
1339 1657 1472 1688 dicimus
1484 1657 1689 1699 voluptatem.

220 1709 309 1742 Pno.
333 1710 421 1742 Esto.
438 1711 560 1742 videtur
582 1712 665 1742 enim
691 1713 752 1743 hoc
778 1712 852 1743 mihi
877 1712 1046 1742 admodum
1063 1711 1239 1743 verisimile.
1286 1712 1342 1744 So.
1367 1711 1460 1742 Hanc
1476 1722 1569 1742 unam
1582 1712 1690 1753 itaque

218 1764 390 1805 voluptatis
404 1770 437 1800 et
453 1765 568 1796 doloris
584 1766 719 1807 speciem
737 1766 769 1797 in
793 1767 832 1797 iis
849 1767 1046 1808 passionibus
1062 1766 1198 1807 utrisque
1215 1777 1380 1807 ponamus,
1427 1765 1516 1797 Pno.
1540 1766 1692 1796 Ponatur.

219 1818 276 1850 So.
303 1819 392 1850 Pone
416 1819 566 1861 deinceps
590 1821 854 1862 exspectationem
879 1822 986 1851 harum
1011 1821 1045 1851 in
1071 1820 1174 1851 anima
1198 1821 1399 1862 passionum:
1423 1820 1690 1862 exspectationem

221 1872 363 1914 inquam,
380 1884 450 1915 qure
466 1874 642 1915 voluptaria
657 1875 829 1915 antecedit,
845 1881 1033 1917 speiantem,
1049 1875 1216 1905 audentem
1242 1879 1336 1916 atque
1360 1885 1484 1905 suavem
1501 1885 1508 1905 :
1533 1885 1604 1916 quae
1621 1885 1693 1905 vero

222 1926 364 1968 molesta,
379 1927 610 1959 formidolosam
625 1938 661 1959 ac
678 1933 829 1959 moestam.
874 1929 961 1960 Pno.
990 1928 1044 1959 Est
1059 1928 1152 1970 igitur
1166 1929 1233 1959 haec
1249 1928 1418 1970 voluptatis
1433 1934 1466 1959 et
1480 1928 1596 1959 doloris
1619 1939 1694 1970 spe-

223 1980 288 2012 cies
303 1981 377 2019 alia,
394 1992 706 2024 seorsumacorpore
732 1983 828 2013 soiius
854 1983 966 2013 animae
991 1984 1030 2013 ab
1057 1983 1292 2024 exspectatione
1315 1983 1467 2024 profecta.
1511 1983 1567 2014 So.
1592 1982 1695 2014 Recte

222 2034 383 2076 accepisti.
427 2035 466 2065 In
489 2036 526 2066 iis
555 2037 676 2078 utique,
694 2041 727 2067 ut
755 2047 822 2067 mea
849 2037 907 2068 sert
933 2037 1054 2078 opinio,
1069 2037 1206 2078 utrisque
1233 2037 1361 2068 sinceris
1387 2036 1607 2068 exsistentibus
1635 2047 1694 2069 nec

226 2088 344 2130 mixtis,
359 2089 521 2131 voluptate
537 2090 685 2122 videlicet
701 2097 795 2132 atque
822 2091 941 2130 dolore,
958 2091 1076 2133 liquido
1100 2092 1323 2128 discernemus,
1338 2102 1413 2122 num
1431 2091 1598 2132 voluptatis
1625 2091 1697 2122 uni—

223 2153 344 2174 versum
361 2154 458 2184 genus
475 2146 641 2175 amandum
658 2146 709 2182 sit,
727 2157 765 2176 an
782 2147 841 2177 hoc
859 2147 962 2187 potius
978 2146 1064 2177 alteri
1082 2146 1227 2187 cuiquam
1254 2156 1291 2176 ex
1316 2151 1388 2176 ante
1413 2145 1505 2176 dictis
1521 2145 1691 2176 attribuen-

224 2197 298 2227 dum
314 2209 321 2228 :
347 2197 501 2239 voluptati
518 2210 589 2230 vero
606 2205 699 2240 atque
717 2200 828 2236 dolori,
844 2211 900 2231 ceu
916 2200 1019 2231 calido
1035 2205 1067 2231 et
1080 2200 1193 2240 frigido
1207 2199 1380 2240 ceterisque
1397 2199 1509 2230 talibus
1523 2205 1696 2241 competat,

225 2255 261 2281 ut
276 2251 432 2283 interdum
447 2254 581 2284 amanda
597 2254 671 2291 sint,
688 2254 765 2285 alias
792 2265 855 2285 non
883 2255 1016 2285 amanda
1033 2266 1039 2285 ε
1065 2259 1180 2296 utpote
1197 2264 1267 2295 quae
1294 2254 1375 2284 bona
1402 2253 1529 2284 minime
1551 2253 1624 2289 sint,
1640 2255 1694 2285 sed

224 2306 416 2347 quandoque
431 2312 548 2338 certum
565 2307 684 2349 aliquid
701 2309 914 2349 suscipientia,
931 2314 1072 2339 naturam
1103 2308 1175 2338 boni
1199 2314 1378 2349 sequantur.
1423 2307 1508 2338 Pno.
1532 2306 1636 2339 Recte
1651 2307 1696 2339 ais

227 2364 370 2400 oportere
388 2360 430 2392 sic
447 2361 603 2399 incedere,
620 2362 675 2403 qui
692 2363 765 2393 talia
782 2368 1002 2403 perscrutatur.
1047 2363 1102 2394 So.
1129 2362 1267 2392 Primum
1293 2361 1387 2402 igitur
1411 2361 1444 2391 id
1470 2361 1695 2402 inspiciamus:

226 2413 252 2444 si
278 2424 383 2445 verum
408 2420 456 2446 est
487 2417 570 2457 quod
599 2417 773 2454 dicebatur,
790 2418 955 2449 destructis
980 2417 1040 2448 illis
1061 2416 1211 2451 dolorem,
1228 2415 1350 2446 refectis
1366 2415 1559 2456 voluptatem
1585 2417 1693 2458 sequi:

228 2477 298 2498 cum
315 2478 417 2509 neque
441 2469 667 2510 deperduntur,
684 2480 788 2512 neque
813 2471 909 2502 etiam
935 2475 1126 2509 recreantur,
1149 2480 1241 2510 quam
1268 2468 1462 2510 potissimum
1480 2469 1696 2502 habitudinem

227 2526 302 2552 tuuc
318 2523 503 2554 animalibus
527 2524 660 2555 tribuere
683 2525 866 2558 debeamus.
913 2524 1059 2556 Intentus
1075 2525 1181 2565 itaque
1206 2524 1312 2555 animo
1337 2524 1413 2555 mihi
1439 2524 1605 2565 responde,
1622 2534 1697 2555 num

227 2574 284 2605 tibi
299 2576 503 2606 necessarium
521 2577 673 2615 videatur,
696 2578 861 2619 quodlibet
875 2578 989 2608 animal
1005 2589 1042 2609 eo
1059 2578 1127 2619 ipso
1151 2577 1183 2608 in
1208 2583 1348 2619 tempore
1376 2577 1462 2608 nullo
1486 2577 1582 2608 modo
1599 2577 1696 2608 laetari

226 2628 276 2659 vel
290 2629 373 2670 angi.
419 2629 502 2660 Pno.
526 2630 742 2662 Necessarium
758 2637 852 2663 certe.
901 2632 957 2663 So.
981 2632 1037 2662 Est
1060 2642 1132 2673 ergo
1157 2637 1255 2663 status
1285 2631 1338 2663 bic
1365 2631 1471 2663 tertius
1488 2636 1598 2672 praeter
1621 2632 1698 2674 [33]

229 2682 385 2713 moerentis
400 2688 432 2713 et
447 2685 611 2724 gaudentis
626 2685 787 2718 affectum.
832 2686 921 2717 Pno.
945 2685 1001 2716 Est
1029 2686 1183 2728 profecto.
1230 2687 1285 2718 SO.
1309 2686 1469 2728 Agedum,
1486 2685 1579 2726 hujus
1593 2685 1700 2717 memi-

228 2735 311 2767 nisse
337 2746 461 2768 conare.
485 2737 524 2767 ad
550 2738 788 2779 dijudicandam
814 2740 967 2781 siquidem
984 2740 1195 2782 voluptatem,
1211 2740 1379 2777 reminisci,
1397 2739 1445 2770 vel
1472 2738 1698 2779 non,permul-

229 2795 294 2820 tum
322 2790 424 2821 refert.
449 2791 592 2822 brevibus
621 2797 723 2823 tamen
752 2794 871 2835 aliquid
906 2795 945 2825 de
970 2794 1049 2836 ipsa.
1066 2795 1091 2825 si
1109 2795 1165 2831 vis,
1192 2795 1445 2836 perstringamus
1491 2793 1578 2824 Pno.
1603 2792 1701 2823 Dicas

232 2854 318 2884 ergo,
334 2843 410 2886 quid
425 2843 505 2875 istud
519 2844 530 2875 ?
575 2846 632 2877 So.
656 2846 748 2884 Eum,
765 2848 817 2889 qui
835 2848 1109 2889 contemplationis
1123 2849 1216 2879 vitam
1234 2848 1335 2890 eligit,
1350 2846 1427 2878 nihil
1443 2848 1486 2878 ita
1508 2846 1610 2877 vivere
1626 2856 1699 2887 pro·

230 2897 329 2930 hibet·
376 2897 462 2929 PRO·
484 2898 780 2937 Seorsuuralaetitja
796 2908 827 2934 et
845 2902 998 2941 molestia,
1013 2903 1115 2934 dicis?
1161 2903 1217 2935 So.
1244 2901 1372 2936 Dictum
1389 2901 1472 2934 enim
1493 2901 1525 2933 in
1547 2899 1700 2942 cujusque
