1840 3225
196 238 274 276 230
796 238 1062 280 PLATONIS
1563 246 1661 298 [610

198 340 343 372 dissolvit
358 345 388 372 et
402 341 528 382 perdit?
573 341 687 373 GLAU.
711 342 856 380 Quidni?
900 345 955 375 So.
979 345 1144 385 Proprium
1160 344 1253 386 igitur
1277 345 1423 388 cujusque
1447 347 1565 378 malum
1589 358 1665 378 sua·

200 406 261 436 que
277 396 413 436 pravitas
427 395 590 436 quodlibet
605 398 793 438 corrumpit:
819 407 866 434 ac,
884 399 945 428 nisi
960 399 991 428 id
1010 400 1192 440 corruperit,
1213 400 1291 430 nihil
1319 399 1405 430 aliud
1428 411 1565 442 uuquam
1592 412 1661 433 cor-

199 454 333 489 rumpet.
348 460 451 490 neque
467 450 553 480 enim
566 451 647 491 quod
665 451 780 482 bonum
797 458 857 491 est,
871 454 988 493 aliquid
1007 454 1139 484 destruit
1155 465 1160 482 ι
1185 464 1288 495 neque
1309 464 1413 485 rursus
1439 454 1484 490 id,
1500 456 1583 495 quod
1599 465 1660 486 nec

200 503 315 533 bonum
330 514 389 533 nec
405 504 533 534 malum.
578 504 691 536 GLAU.
716 506 787 542 Quo
803 507 888 536 enim
909 507 1024 547 pacto?
1069 508 1125 537 So.
1148 507 1180 537 Si
1205 508 1279 548 quid
1297 509 1390 548 igitur
1416 509 1480 538 tale
1504 514 1563 544 est,
1580 515 1615 539 ut
1630 510 1660 539 ei

198 558 317 587 malum
333 557 457 598 aliquod
475 559 526 594 sit,
542 558 626 600 quod
642 559 742 600 ipsum
759 561 897 590 deterius
913 561 1018 595 efficit,
1036 561 1206 591 dissolvere
1223 568 1330 592 tamen
1357 563 1460 602 ipsum
1486 572 1551 593 non
1567 563 1662 599 valet,

199 616 283 641 certe
301 612 344 642 ita
358 613 542 643 naturaliter
557 613 679 644 affecta:
695 614 740 644 rei
750 615 855 645 nullus
871 625 940 645 esse
950 621 1053 655 potest
1065 615 1221 646 interitus.
1267 615 1382 646 Grac.
1407 616 1664 647 Consentaneum

199 671 258 695 est.
301 664 352 696 So.
377 666 475 697 Estne
492 667 621 708 aliquid,
635 667 719 708 quod
729 669 866 699 animam
879 679 1007 709 pravam
1021 669 1136 699 faciat?
1183 669 1298 700 GLAU.
1322 669 1363 700 Et
1375 670 1510 700 maxime
1521 670 1662 711 quidem,

200 731 269 762 quae
279 721 599 757 commemoravimus,
612 722 773 763 injustitia,
786 723 1040 763 intemperantia,
1052 723 1204 753 timiditas
1217 729 1249 753 et
1258 724 1393 754 inscitia.
1437 725 1491 755 so.
1516 724 1565 755 An
1575 726 1665 765 quic-

199 785 294 816 quam
304 785 340 805 ex
352 775 400 804 his
410 775 544 805 animam
557 775 680 816 perditi
697 777 782 817 atqui
792 777 1015 813 animadverte,
1026 788 1066 807 ne
1079 776 1282 817 decipiamur,
1295 778 1510 809 existimantes
1521 779 1663 820 iniquum

199 835 233 859 et
243 829 389 859 insanum
397 829 566 865 hominem,
584 840 655 860 cum
667 830 699 860 in
716 831 835 871 flagitio
851 831 1066 871 deprehensus
1078 838 1136 866 est,
1153 838 1227 862 tunc
1241 832 1279 861 ab
1288 832 1451 873 injustitia,
1464 843 1534 873 qur
1550 833 1662 863 animae

199 883 310 913 vitium
325 887 384 919 est,
398 884 562 923 corrumpi.
608 884 681 919 Dic,
698 894 767 925 age.
812 884 927 915 Nonne
944 895 1056 925 corpus
1082 885 1240 925 proprium
1264 886 1330 927 ejus
1349 886 1460 916 vitium
1482 886 1607 917 morbus
1623 887 1662 917 li-

200 937 348 978 quefacit,
357 937 452 967 resolx
461 937 495 973 it,
513 943 605 978 atque
619 948 657 968 eo
670 938 808 973 deducit,
820 943 923 968 utnon
934 939 975 967 sit
990 939 1121 978 corpus?
1136 945 1167 968 et
1181 949 1249 979 quae
1262 940 1356 979 paulo
1366 946 1439 969 ante
1450 939 1584 970 diximus
1594 951 1663 971 om-

199 991 264 1026 nia,
281 1001 317 1021 ex
327 991 454 1031 proprio
462 992 557 1026 malo,
571 997 727 1032 quatenus
738 992 877 1022 adliaeret
893 998 925 1022 et
937 992 1030 1027 inest,
1047 993 1246 1033 inquinante,
1259 1003 1328 1022 esse
1343 992 1491 1023 desinunt
1504 995 1514 1023 ἶ
1531 1005 1635 1024 nonne
1650 996 1662 1023 Ἰ.

201 1045 316 1076 GLAU.
339 1045 390 1075 Ita
405 1055 540 1085 prorsus.
583 1045 637 1076 So.
661 1045 814 1087 Nunquid
838 1052 871 1076 et
895 1047 1033 1076 animam
1059 1044 1172 1076 eodem
1195 1052 1288 1087 pacto
1312 1047 1464 1089 injustitia
1490 1053 1523 1078 et
1541 1049 1664 1089 reliqua

198 1099 346 1139 pravitas,
363 1109 434 1129 cum
449 1099 542 1135 inest,
556 1109 612 1129 sua
626 1099 695 1140 ipsa
710 1100 878 1140 praesentia
894 1099 1047 1140 disperdit
1062 1105 1094 1130 et
1109 1100 1268 1136 tabefacit,
1286 1111 1448 1142 quousque
1474 1102 1507 1131 in
1529 1108 1662 1133 mortem

198 1153 326 1183 trahens
341 1163 495 1194 acor-pore
511 1155 658 1193 separet?
697 1154 814 1185 Grau.
836 1153 934 1184 Nullo
944 1153 1038 1184 modo
1050 1153 1144 1184 istud.
1188 1154 1244 1185 So.
1269 1155 1393 1185 Atvero
1408 1155 1575 1186 absurdum
1583 1156 1664 1186 illud

201 1212 261 1243 est,
277 1211 311 1237 ut
321 1208 459 1237 alienum
475 1208 585 1238 vitium
597 1208 757 1242 interimat
772 1207 903 1249 aliquid,
917 1208 967 1238 cm·
982 1208 1141 1248 proprium
1156 1209 1264 1238 vitium
1278 1219 1341 1239 non
1360 1209 1477 1250 prwbet
1488 1210 1664 1241 interitum.

202 1261 315 1292 Gtmv.
339 1261 457 1292 Praeter
468 1262 622 1292 rationem
638 1262 788 1303 profecto.
834 1263 888 1293 So.
912 1262 1065 1298 Attende‚
1084 1262 1239 1293 Glaucon.
1252 1273 1288 1293 ex
1304 1264 1374 1304 ipsa
1387 1263 1525 1294 ciborum
1540 1264 1666 1304 propria

200 1316 366 1356 pravitate,
380 1326 441 1356 qua
455 1317 506 1347 vel
522 1316 605 1346 vieta
620 1317 683 1346 sint
694 1317 745 1346 vel
762 1316 901 1347 marcida
916 1317 967 1346 vel
984 1316 1264 1358 quomodocunque
1281 1318 1372 1347 aliter
1382 1318 1496 1348 affecta
1508 1316 1663 1354 dicantur,

200 1380 313 1410 corpus
327 1370 429 1410 perire
442 1380 534 1411 posse
550 1380 613 1400 non
630 1370 813 1401 arbitramur
828 1383 834 1400 :
862 1381 968 1401 verum
984 1371 1011 1400 si
1026 1371 1164 1402 ciborum
1189 1370 1332 1401 desectus
1358 1372 1479 1412 corpon’
1504 1373 1663 1412 proprium

199 1424 299 1464 ipsius
322 1423 480 1454 defectum
501 1424 653 1461 intulerit,
676 1425 817 1455 dicemus
832 1435 888 1466 per
902 1425 974 1455 illos
1001 1435 1113 1465 corpus
1139 1425 1178 1455 ab
1195 1425 1261 1467 ejus
1283 1426 1372 1461 vitio,
1396 1425 1502 1456 morbo
1529 1426 1663 1461 scilicet,

199 1477 311 1519 perdi:
337 1488 448 1519 corpus
464 1488 536 1509 vero
560 1479 675 1519 ipsum,
701 1490 772 1510 cum
796 1478 882 1509 aliud
909 1479 959 1514 sit,
984 1489 1020 1508 ex
1046 1478 1194 1513 ciborum,
1225 1489 1355 1520 quorum
1379 1480 1442 1510 alia
1467 1486 1578 1510 natura
1603 1486 1662 1515 est,

201 1532 299 1573 [610]
316 1532 420 1563 alieno
433 1531 569 1568 defectu,
586 1533 647 1563 nisi
662 1534 821 1574 proprium
837 1533 995 1563 defectum
1018 1532 1186 1568 induxerit,
1214 1533 1358 1574 dissipari
1385 1544 1476 1574 posse
1503 1543 1662 1576 nunquam

199 1586 455 1617 existimabimus.
499 1586 612 1619 Graiu.
636 1587 739 1618 Recte
763 1588 910 1617 nimirum
934 1587 1080 1628 loqueris.
1124 1588 1182 1617 So.
1205 1587 1326 1617 Eadem
1353 1588 1484 1624 ratione,
1509 1588 1571 1618 nisi
1595 1598 1661 1619 cor-

198 1641 284 1682 poris
299 1640 522 1672 detrimentum
536 1642 596 1682 ipsi
612 1643 724 1672 animae
740 1642 840 1683 ipsius
856 1642 967 1672 animae
983 1642 1142 1682 proprium
1157 1642 1297 1672 intulerit
1314 1641 1547 1677 detrimentum,
1564 1641 1663 1672 haud—

199 1686 357 1736 quaquam
372 1695 549 1726 existimare
572 1695 723 1726 debemus
738 1707 774 1726 ex
800 1696 903 1726 alieno
926 1696 1021 1730 malo,
1048 1695 1163 1737 absque
1189 1696 1314 1736 propria
1337 1696 1501 1737 pravitate,
1528 1696 1666 1726 animam

199 1749 348 1785 interire„
361 1760 463 1790 neque
487 1750 616 1780 alterius
641 1752 725 1781 malo
752 1751 884 1781 alterum
912 1749 1090 1790 dissipatur.
1136 1750 1249 1781 Grac.
1273 1750 1323 1780 Ita
1343 1750 1423 1781 ratio
1446 1756 1565 1780 monet.
1609 1750 1666 1780 So.

199 1803 268 1835 Aut
282 1804 376 1845 igitur
391 1804 458 1835 haec
479 1804 713 1845 redarguamus,
738 1805 826 1846 quasi
841 1815 904 1835 non
928 1810 1014 1834 recte
1042 1804 1206 1835 dicantur:
1233 1810 1296 1839 aut,
1322 1803 1426 1844 quoad
1451 1804 1517 1835 liaec
1543 1804 1667 1844 integra

200 1863 397 1899 permanent,
421 1869 524 1900 neque
540 1869 580 1889 ex
596 1859 681 1889 febre
698 1864 752 1890 aut
767 1860 829 1891 alio
844 1859 953 1901 quovis
966 1859 1083 1895 morbo,
1101 1869 1204 1900 neque
1224 1859 1432 1900 jugulatione,
1448 1867 1551 1898 neque
1567 1858 1664 1889 etiam

199 1912 227 1942 si
243 1912 312 1953 quis
327 1922 438 1953 corpus
460 1913 493 1943 in
516 1914 726 1944 minutissima
752 1923 884 1954 quaeque
913 1913 1081 1954 discerpat,
1106 1912 1252 1953 dissipari
1275 1913 1412 1943 animam
1440 1911 1663 1946 concedamus,

200 1966 382 2007 priusquam
396 1966 568 1997 ostenderit
583 1968 695 2008 aliquis
710 1973 838 2008 propter
853 1969 910 1998 has
925 1967 1062 2008 corporis
1077 1967 1241 2007 passiones
1256 1967 1392 1997 animam
1407 1967 1510 2007 ipsam
1529 1965 1666 2006 iniquio-

199 2029 267 2050 rem
282 2020 552 2061 profanioremque
569 2020 647 2051 fieri.
669 2026 823 2062 quatenus
849 2027 955 2052 autem
979 2021 1118 2052 alienum
1141 2021 1260 2051 malum
1286 2020 1376 2051 adest
1402 2020 1504 2055 alteri,
1520 2029 1580 2050 nec
1594 2029 1666 2060 pro-

200 2073 303 2114 prium
326 2074 471 2114 cuiquam
502 2075 621 2105 malum
643 2075 793 2111 adhaeret,
816 2075 970 2116 corrumpi
991 2075 1110 2116 aliquid
1132 2075 1261 2105 minime
1288 2073 1510 2105 concedamus.
1553 2072 1667 2104 GLAu.

198 2127 244 2158 At
259 2127 344 2158 enim
358 2137 452 2157 nemo
466 2127 500 2157 id
514 2139 652 2169 unquam
666 2129 824 2163 ostendet,
839 2130 1039 2159 morientium
1055 2129 1175 2159 animas
1190 2135 1318 2170 propter
1332 2134 1464 2159 mortem
1486 2127 1666 2169 injustiores

199 2181 292 2212 effici.
339 2182 394 2213 So.
417 2182 450 2212 Si
473 2182 543 2222 quis
558 2188 663 2212 autem
679 2182 813 2223 objicere
829 2183 918 2213 nobis
934 2182 1059 2217 audeat,
1077 2182 1160 2223 quod
1177 2182 1314 2213 deterior
1326 2188 1359 2212 et
1374 2181 1516 2223 injustior
1531 2181 1582 2216 sit,
1604 2181 1658 2221 qui

198 2235 338 2271 moritur,
353 2245 394 2266 ne
411 2241 538 2276 cogatm·
552 2236 744 2266 immortales
759 2246 828 2266 esse
845 2237 965 2267 animas
991 2236 1143 2271 confiteri,
1169 2242 1311 2276 oportere
1339 2234 1490 2270 dicemus,
1507 2234 1534 2264 si
1550 2244 1623 2265 vera
1637 2234 1665 2264 is

201 2289 324 2325 dixerit,
341 2289 406 2320 viro
421 2290 536 2331 injusto
551 2289 706 2320 letiferam
721 2290 905 2331 injustitiam
921 2300 1001 2325 esse,
1019 2290 1110 2320 sicuti
1126 2289 1267 2320 morbum
1282 2300 1288 2318 :
1314 2294 1347 2320 et
1362 2289 1400 2319 ab
1418 2289 1475 2319 hoc
1491 2288 1561 2329 ipso
1581 2287 1664 2328 peri-

199 2348 318 2378 mente,
334 2354 389 2374 sua
403 2342 539 2384 quadam
553 2349 675 2380 natura,
700 2354 764 2379 eOS,
787 2344 841 2385 qui
865 2344 1048 2384 suscipiant,
1076 2343 1209 2384 perimi:
1235 2343 1322 2373 ocius
1348 2341 1477 2384 quidem
1502 2341 1584 2377 illos,
1610 2342 1665 2382 qui

198 2397 345 2433 maxime,
361 2397 460 2428 serius
472 2402 590 2434 contra,
606 2398 660 2439 qui
674 2398 777 2428 minus
792 2409 797 2427 :
823 2408 926 2438 neque
943 2397 1008 2428 fleu·
1026 2397 1186 2431 duntaxat,
1215 2395 1300 2437 quod
1326 2407 1409 2427 nunc
1434 2396 1478 2433 fit,
1495 2401 1531 2426 ut
1555 2395 1663 2437 injusti

200 2456 328 2493 propter
345 2451 530 2494 injustitiam
539 2456 614 2482 tunc
630 2450 757 2482 demum
771 2452 951 2487 moriantur,
974 2462 1046 2482 cum
1073 2461 1126 2481 eos
1157 2450 1211 2481 alii
1234 2451 1334 2491 poenis
1355 2449 1505 2481 afficiunt.
1549 2449 1667 2480 Grau.

200 2504 265 2535 Per
289 2504 413 2541 Jovem,
440 2505 524 2535 haud
551 2505 766 2547 gravissimum
794 2504 944 2546 quiddam
968 2506 1086 2536 malum
1109 2504 1263 2547 injustitia
1289 2514 1358 2536 esse
1374 2503 1540 2540 videbitur,
1564 2503 1592 2534 si
1607 2503 1668 2534 erit

199 2560 266 2590 viro
297 2559 405 2599 iniquo
427 2559 550 2590 letifera
563 2571 572 2598 3
609 2561 762 2590 malorum
789 2558 945 2599 siquidem
983 2558 1127 2590 liberatio
1157 2559 1227 2590 erit.
1250 2558 1380 2589 arbitror
1418 2563 1524 2588 autem
1557 2561 1667 2588 contra

200 2623 270 2643 esse
300 2613 437 2649 omnino,
469 2618 504 2643 ut
532 2618 565 2644 et
591 2614 670 2644 alios
701 2624 757 2655 pro
788 2613 902 2643 viribus
935 2613 1112 2648 interficiat,
1141 2619 1174 2643 et
1209 2613 1368 2643 hominem
1395 2612 1443 2642 sui
1477 2610 1665 2652 participem

198 2666 341 2697 vivacem
355 2667 489 2697 maxime
504 2667 600 2698 faciat
615 2673 647 2697 et
663 2667 803 2708 apprime
828 2667 1005 2708 privigilem
1021 2678 1026 2695 ε
1053 2678 1150 2707 usque
1177 2666 1256 2697 adeo
1281 2667 1372 2707 longe
1400 2665 1489 2696 abest
1511 2665 1550 2695 ab
1567 2675 1615 2700 ea,
1631 2669 1667 2696 ut

199 2720 241 2751 sit
256 2720 387 2751 letifera.
431 2721 486 2751 So.
510 2721 595 2751 Scite
626 2722 773 2763 loqueris.
797 2720 923 2762 quando
947 2721 1033 2750 enim
1053 2721 1180 2761 propria
1202 2720 1339 2761 pravitas
1365 2728 1517 2759 suumque
1546 2719 1665 2748 malum

199 2774 337 2805 animam
359 2773 491 2815 perdere
512 2775 644 2815 nequit;
666 2785 827 2816 nunquam
853 2774 971 2805 malum
987 2784 1024 2804 ex
1039 2774 1167 2805 alterius
1182 2773 1323 2815 pernicie
1340 2779 1433 2814 atque
1458 2771 1499 2802 ad
1520 2771 1605 2802 uliud
1621 2773 1673 2802 in-

198 2828 341 2859 stitutum
355 2828 436 2859 ultra
450 2828 494 2864 id,
512 2829 561 2859 cui
578 2830 701 2870 proprie
729 2828 854 2865 accidit,
871 2829 922 2858 vel
949 2828 1087 2858 animam
1116 2829 1163 2858 vel
1194 2825 1281 2858 aliud
1311 2826 1481 2867 quicquam
1507 2824 1671 2856 dissolvet.

199 2881 315 2913 Graiu.
337 2881 518 2923 Nunquam,
535 2888 570 2912 ut
585 2883 744 2923 probabile
758 2889 816 2914 est.
862 2883 914 2914 So.
938 2882 1019 2913 Cum
1037 2892 1055 2912 a
1074 2882 1162 2912 nullo
1177 2890 1303 2923 prorsus
1325 2880 1421 2915 malo,
1438 2880 1504 2910 sive
1531 2879 1669 2920 proprio,

199 2935 265 2966 sive
282 2935 397 2972 alieno,
415 2935 511 2978 [611]
528 2936 735 2974 interimatur,
753 2942 843 2980 patet
858 2947 928 2968 eam
941 2946 1064 2977 semper
1080 2945 1148 2967 esse
1161 2934 1373 2966 necessarium
1390 2943 1460 2965 esse
1475 2945 1481 2962 :
1506 2933 1532 2964 si
1545 2942 1671 2974 semper

198 2999 277 3028 esse,
294 2995 327 3022 et
348 2990 556 3022 immortalem
581 2990 741 3024 exsistere.
787 2991 901 3023 GLAu.
925 2990 1078 3022 Necesse.
1124 2990 1179 3022 So.
1203 2987 1273 3021 Hoc
1300 2988 1394 3030 igitur
1417 2988 1463 3019 ita
1487 2997 1521 3018 se
1548 2985 1665 3018 habet:
