1840 3225
151 239 249 290 554]
581 235 652 272 DE
684 233 989 271 REPUBLICA
1026 234 1122 271 Llss.
1156 234 1264 271 VIll.
1538 235 1610 271 201

151 345 184 375 in
201 342 390 377 civitatibus,
414 351 484 382 quae
510 346 657 382 reguntur
682 349 699 368 a
727 338 847 379 paucis,
862 349 978 379 egenos
1001 339 1101 369 inesse
1124 340 1234 370 vides?
1282 339 1364 370 Ani.
1388 338 1505 370 Omnes
1521 339 1615 371 ferme

152 398 291 440 exceptis
315 395 519 439 principibus.
564 394 621 425 So.
648 393 698 424 An
716 403 778 423 non
805 393 898 434 igitur
920 393 1100 423 arbitramur
1122 393 1281 425 maleficos
1305 394 1337 424 in
1354 404 1390 425 ea
1405 404 1472 424 esse
1490 393 1614 430 multos,

154 452 289 484 stimulis
306 451 382 493 ipsis
401 455 547 488 armatos,
571 458 649 489 quos
663 447 827 489 diligentia
842 457 878 478 ac
903 447 931 477 vi
949 448 1141 489 principatus
1157 448 1322 478 detinent?
1369 448 1452 478 Ani.
1478 447 1616 478 Arbitra-

154 518 222 538 mur
238 507 341 548 plane.
386 503 442 535 So.
466 503 582 534 Nonne
597 501 638 532 ub
654 511 779 543 pravam
797 501 1014 531 educationem
1028 507 1060 532 et
1075 502 1248 543 disciplinas
1262 502 1419 533 desectum
1432 506 1463 532 et
1474 500 1616 542 iniquam

154 560 197 592 rei
214 559 347 602 publicae
362 556 598 598 dispositionem
614 555 756 586 homines
768 555 810 586 ibi
826 555 903 586 tales
918 556 1049 586 evadere
1070 566 1237 586 asseremus
1252 557 1262 586 ?
1310 556 1393 586 Aur.
1418 555 1614 587 Asseremus.

156 615 213 646 So.
235 613 320 645 Talis
335 612 444 653 utique
459 611 518 642 erit
530 610 641 642 civitas
666 610 773 650 paucis
789 609 932 650 subjecta
955 609 1161 651 principibus,
1186 614 1312 651 totaque
1338 615 1494 650 premetur
1517 609 1619 644 malis,

156 668 235 699 forte
250 667 343 699 etiam
359 665 509 708 pluribus.
555 663 639 697 Ant.
661 664 712 695 Sic
728 664 835 695 ferme.
880 664 936 695 So.
961 663 1142 695 Constituto
1153 663 1220 705 jam
1232 663 1321 694 nobis
1336 663 1376 693 sit
1401 661 1498 703 [553]
1523 674 1560 693 ea
1576 673 1621 693 res

157 721 297 763 publica,
311 729 404 761 quarn
421 728 591 760 paucorum
609 717 781 758 potentiam
800 722 923 752 vocant,
940 727 957 747 a
972 726 1083 757 census
1108 717 1312 747 aestimatione
1332 716 1489 757 principes
1506 717 1625 758 eligen-

158 778 233 806 tem.
257 774 408 815 posthaec
424 778 527 803 antem
544 771 779 812 investigemus,
796 781 859 812 quo
876 776 969 812 pacto
994 771 1039 801 vir
1054 770 1165 811 aliquis
1182 770 1288 801 similis
1312 770 1400 801 istius
1416 770 1576 806 efficiatur,
1593 774 1626 800 et

156 832 322 870 postquam
347 826 454 858 similis
482 832 531 857 est
560 826 704 864 effectus,
736 825 836 867 qualis
865 825 916 855 sit.
963 825 1045 855 Aor-
1067 825 1121 855 Sic
1153 834 1288 866 prorsus,
1335 824 1390 856 So.
1415 824 1534 855 Nonne
1564 824 1622 855 hac

152 882 273 913 ratione
289 881 421 912 maxime
437 892 474 912 ex
491 880 656 911 ambitioso
672 880 704 910 in
729 889 899 921 paucorum
915 879 1040 920 imperii
1064 877 1215 919 cupidum
1239 879 1369 909 transit?
1418 878 1498 909 Ani.
1523 877 1597 914 Qua
1612 878 1623 907 .²

153 936 210 967 So.
233 936 370 973 Quando
386 935 431 966 ibi
457 934 640 966 adoiescens
663 934 775 975 aliquis
799 933 897 975 primo
921 933 1048 974 quidem
1073 938 1189 974 patrem
1215 933 1351 963 imitatur
1375 943 1463 962 suum
1488 931 1622 973 ejusque

155 989 287 1030 vestigia
301 989 452 1030 sequitur,
477 987 593 1019 deinde
609 987 712 1029 ipsum
729 987 853 1029 aspicit,
877 993 912 1017 ut
928 987 982 1028 qui
1006 987 1038 1017 in
1064 987 1221 1018 civitatem
1239 992 1385 1028 tanquam
1409 986 1441 1017 in
1458 985 1623 1027 scopulum

159 1043 326 1075 offenderit
341 1043 444 1074 subito
460 1053 497 1074 ex
523 1043 660 1074 culmine
676 1042 838 1083 dignitatis
861 1042 1052 1083 prolapsum,
1070 1052 1101 1072 se
1127 1041 1226 1082 ipsum
1251 1051 1368 1082 suaque
1384 1040 1488 1071 omnia
1505 1039 1626 1081 disper-

159 1102 296 1139 gentem.
320 1097 384 1128 sive
401 1101 472 1138 post
489 1095 562 1127 belli
587 1095 819 1137 expeditionem
843 1095 906 1126 sive
930 1094 1055 1125 alterius
1079 1095 1273 1135 magistratus
1288 1093 1410 1124 maximi
1426 1092 1625 1134 dignitatem,

156 1151 190 1182 in
203 1150 358 1192 judicium
374 1151 413 1181 ab
438 1150 670 1180 insidiatoribus
686 1154 828 1185 tractum,
853 1160 871 1179 a
894 1148 1170 1180 calumniatoribus
1197 1148 1456 1183 circumventum,
1473 1146 1623 1188 ejectum,

155 1205 349 1246 depressum,
379 1203 566 1246 patrimonio
597 1202 777 1244 spoliatum.
838 1201 916 1232 Ant.
944 1201 1198 1232 Consentaneum
1228 1200 1367 1242 quidem.
1424 1200 1479 1231 So.
1503 1199 1575 1236 Ille,
1607 1210 1626 1230 o

158 1258 269 1296 amice,
284 1259 351 1290 haec
366 1258 497 1289 intuitus
523 1262 618 1298 atque
635 1267 810 1298 perpessus,
835 1256 946 1287 amisso
970 1255 1170 1298 patrimonio,
1194 1261 1322 1297 propter
1336 1254 1533 1285 formidinem
1550 1264 1628 1285 con-

160 1312 261 1343 festim
287 1323 325 1343 ex
349 1312 444 1343 animi
469 1312 580 1342 throno
607 1310 809 1341 ambitionem
835 1309 919 1340 illam
950 1314 982 1340 et
1009 1309 1239 1340 animositatem
1269 1309 1391 1350 dejicit,
1420 1313 1452 1339 et
1482 1307 1628 1339 humilior

158 1371 284 1408 propter
298 1370 513 1408 paupertatem
529 1365 629 1396 factus
645 1375 711 1395 sese
726 1364 766 1394 ad
783 1369 935 1405 quaestum
952 1364 1117 1399 convertit¹
1134 1368 1166 1393 et
1181 1368 1316 1404 angusto
1333 1362 1503 1393 admodum
1520 1362 1626 1392 animo

156 1418 242 1451 aride
258 1419 388 1450 nimium
411 1424 443 1450 et
457 1429 550 1460 parce
573 1419 691 1455 vivens,
708 1429 803 1459 seque
821 1428 934 1449 vexans
963 1418 994 1448 in
1011 1428 1105 1459 opere
1130 1418 1280 1458 pecunias
1304 1421 1484 1458 congregat.
1508 1426 1547 1446 an
1563 1426 1627 1447 non

158 1472 377 1519 hujuscemodi
403 1473 559 1504 hominem
589 1478 664 1504 tunc
686 1472 819 1503 aestimas
843 1472 874 1503 in
901 1482 938 1503 ea
965 1472 1060 1503 animi
1088 1472 1162 1502 sede
1186 1481 1310 1501 avarum
1335 1476 1367 1501 et
1383 1470 1461 1502 lucri
1477 1470 1629 1511 cupidum

161 1527 307 1558 affectum
324 1527 436 1564 locare,
452 1537 586 1568 eumque
602 1537 748 1567 magnum
775 1527 806 1556 in
822 1537 854 1557 se
872 1537 974 1567 regern
999 1526 1132 1562 efficere,
1149 1524 1400 1566 ornamentisque
1424 1524 1517 1565 regiis
1541 1535 1630 1555 exor-

159 1590 246 1617 nare,
262 1581 395 1617 coronis,
412 1580 534 1616 balteis,
552 1580 667 1617 fibulis,
684 1580 822 1620 fimbriis,
836 1590 911 1611 ense
927 1579 1053 1611 Persico
1068 1580 1079 1610 ἓ
1125 1578 1206 1610 Ani.
1230 1578 1398 1620 Equidem.
1443 1578 1497 1609 So.
1522 1577 1631 1620 Atque

162 1634 213 1667 hic
229 1635 355 1676 quidem
372 1634 554 1666 rationalem
572 1635 633 1665 vim
646 1640 678 1666 et
693 1635 899 1665 animositatis
914 1635 1067 1673 ardorem,
1083 1633 1169 1664 humi
1185 1633 1256 1664 hine
1273 1637 1366 1674 atque
1382 1632 1469 1663 illinc
1485 1632 1631 1673 subigens

161 1687 208 1718 illi
223 1693 256 1719 et
269 1687 300 1719 in
317 1690 494 1720 servitutem
511 1689 654 1731 redigens
671 1689 754 1720 illam
778 1688 904 1730 quidem
922 1688 998 1719 nihil
1014 1687 1098 1718 aliud
1124 1687 1279 1728 inquirere
1302 1691 1334 1717 et
1349 1686 1545 1717 considerare
1562 1697 1632 1728 per·

163 1741 380 1784 mittit,-quam
396 1743 480 1774 unde
495 1754 532 1774 ex
550 1743 750 1785 paucioribus
767 1743 908 1784 pecuniis
925 1742 1064 1784 plurimae
1077 1746 1323 1782 congregentur:
1342 1741 1424 1771 hunc
1435 1745 1538 1771 autern
1555 1739 1634 1770 nihil

163 1795 250 1826 aliud
276 1796 377 1827 mirari
403 1802 434 1827 et
460 1797 575 1833 colere,
602 1808 692 1839 quam
718 1797 842 1828 divitias
866 1802 960 1837 atque
983 1796 1119 1834 divites3
1142 1806 1246 1836 neque
1269 1794 1454 1836 dignitatem
1471 1805 1506 1825 ex
1524 1805 1555 1825 re
1571 1794 1634 1824 alia

161 1858 254 1890 quarn
270 1859 308 1880 ex
325 1850 465 1891 pecuniis
480 1861 629 1892 quaerere,
641 1856 676 1881 et
691 1851 716 1881 si
734 1850 809 1893 quid
836 1850 921 1881 aliud
939 1851 978 1880 ad
1003 1849 1034 1880 id
1052 1849 1204 1880 conferat.
1251 1848 1335 1879 Anr.
1359 1848 1457 1878 Nulla
1472 1853 1554 1879 certe
1570 1847 1634 1878 alia

163 1903 295 1934 mutatio
310 1908 356 1934 est
373 1914 471 1945 usque
495 1905 575 1934 adeo
593 1904 682 1935 velox
710 1909 743 1935 et
759 1905 934 1939 vehemens,
952 1914 987 1934 ex
1009 1903 1126 1944 juvenc
1150 1902 1315 1933 ambitioso
1338 1902 1369 1932 in
1386 1901 1528 1943 pecuniae
1545 1902 1636 1942 cupi-

162 1956 249 1987 dum.
294 1957 349 1988 So.
376 1957 490 1988 Nonne
515 1958 608 1998 igitur
629 1958 688 1989 iste
714 1968 884 1999 paucorum
909 1957 1030 1998 imperii
1055 1956 1212 1986 studiosus
1233 1955 1304 1986 est?
1350 1955 1489 1985 Mutatio
1504 1955 1634 1996 quidem

162 2009 262 2050 ipsius
278 2021 315 2041 ex
331 2010 458 2041 homine
472 2011 581 2041 similis
603 2017 650 2042 est
664 2011 750 2042 illius
773 2011 816 2042 rei
833 2011 980 2053 publicas,
1002 2021 1041 2041 ex
1064 2021 1127 2051 qua
1151 2020 1319 2051 paucorum
1344 2009 1488 2051 potentia
1503 2009 1633 2040 exstitit.

164 2063 405 2094 Consideremus
421 2064 701 2107 utique,nunquid
728 2065 836 2096 similis
859 2066 909 2095 sit.
936 2064 1033 2107 [554]
1060 2064 1141 2095 Am.
1165 2063 1419 2095 Consideremus.
1463 2063 1520 2094 So.
1545 2062 1637 2094 Prin·

166 2117 252 2158 cipio
278 2118 310 2148 in
336 2128 387 2154 eo,
413 2119 497 2159 quod
524 2120 672 2159 pecunias
696 2119 784 2150 multi
808 2119 895 2155 facit,
920 2119 1027 2149 similis
1052 2118 1121 2149 erit.
1166 2117 1250 2149 Am.
1274 2117 1420 2154 Quidni?
1466 2117 1523 2148 So.
1547 2117 1637 2154 Quin

164 2171 258 2202 etiarn
274 2176 306 2202 et
322 2171 353 2202 in
370 2183 420 2209 eo,
437 2173 522 2213 quod
539 2173 659 2214 parcior
683 2179 729 2204 est
744 2179 777 2204 et
799 2174 837 2204 ad
856 2173 973 2204 lucrum
997 2173 1116 2209 anxior,
1131 2172 1275 2213 solasque
1300 2170 1488 2202 necessarias
1512 2171 1638 2211 cupidi·

163 2230 242 2256 tates
256 2226 373 2267 explet,
389 2227 498 2257 ceteris
506 2238 579 2258 vero
596 2229 769 2269 sumptibus
787 2238 984 2270 nequaquam
1001 2226 1158 2268 indulget,
1176 2226 1229 2257 sed
1247 2226 1323 2256 alias
1339 2225 1550 2267 appetitiones
1567 2230 1635 2255 tan-

166 2288 259 2319 quam
288 2289 494 2320 supervacuas
520 2281 656 2312 cohibet.
703 2280 786 2312 Anr.
811 2281 1020 2323 Magnopere.
1065 2281 1122 2312 So.
1146 2279 1272 2310 Aridior
1288 2280 1395 2321 itaque
1411 2285 1444 2309 et
1466 2278 1638 2320 squalidior

168 2332 256 2368 vivit,
284 2333 425 2374 undique
451 2344 571 2365 summa
594 2335 782 2376 parsimonia
808 2346 870 2366 rem
897 2335 1077 2366 familiarem
1099 2344 1230 2375 augenS,
1256 2333 1472 2365 coacervando
1500 2332 1638 2364 intentus

169 2386 312 2416 thesauro
328 2398 337 2417 ε
361 2396 440 2427 quos
454 2389 581 2428 quidem
599 2389 739 2420 homines
757 2389 866 2431 vulgus
883 2389 1005 2431 probat.
1030 2399 1068 2419 an
1086 2399 1149 2419 non
1165 2388 1215 2419 hic
1235 2388 1293 2418 erit
1309 2387 1353 2418 vir
1363 2387 1433 2417 talis
1444 2386 1487 2417 rei
1503 2386 1639 2427 publicae

167 2439 299 2470 simIIis?
347 2439 430 2472 Am.
454 2441 540 2472 Mihi
564 2443 691 2483 quidem
709 2444 841 2474 videtur.
887 2443 1037 2474 Pecuniae
1059 2443 1166 2484 itaque
1183 2442 1316 2473 maxime
1333 2442 1527 2472 honorantur
1542 2445 1573 2470 et
1596 2439 1636 2470 ab

168 2492 229 2523 hoc
252 2497 285 2523 et
307 2493 346 2523 ab
370 2494 456 2524 omni
479 2495 617 2528 civitate.
663 2497 720 2529 So.
744 2497 858 2539 Neque
883 2497 965 2528 enirn
991 2497 1053 2533 hic,
1078 2502 1114 2527 ut
1135 2497 1276 2532 arbitror,
1292 2494 1468 2535 disciplinas
1484 2493 1640 2535 applicuit

168 2546 316 2576 animum.
347 2547 430 2577 Am.
453 2547 543 2583 Nou,
559 2554 594 2578 ut
607 2550 729 2590 opinor.
754 2561 856 2592 neque
871 2551 953 2582 enim
969 2561 1086 2582 crecum
1104 2550 1161 2580 sibi
1177 2550 1290 2581 ducem
1308 2548 1541 2590 praeposuisset.
1579 2547 1638 2578 So.

168 2599 301 2641 Optime
316 2600 467 2642 quidem:
493 2602 552 2632 hoc
577 2608 681 2633 autem
698 2603 921 2638 animadverte.
946 2615 1050 2636 nonne
1073 2605 1212 2635 sucorum
1237 2608 1355 2633 naturae
1381 2602 1497 2633 similes
1512 2601 1640 2643 cupidi-

170 2658 249 2684 tates
265 2653 306 2684 ob
322 2653 498 2695 disciplinas
512 2655 669 2687 defectum
694 2656 794 2689 inesse
809 2659 954 2694 dicimus.
972 2658 1081 2699 partim
1100 2657 1269 2693 mendicas,
1286 2656 1396 2698 partim
1413 2655 1583 2696 maleficas,
1606 2655 1637 2685 vi

170 2705 297 2746 quidem
313 2707 352 2736 ab
369 2706 430 2736 alia
446 2707 610 2749 diligentia
632 2709 800 2742 detentas?
846 2711 927 2743 Aoi.
951 2711 993 2742 Et
1017 2711 1150 2742 maxime
1165 2710 1306 2752 quidem.
1351 2710 1407 2741 So.
1429 2709 1550 2745 Scisne,
1574 2718 1637 2749 quo

169 2757 342 2800 inspiciens
357 2759 495 2801 ipsorum
513 2762 664 2794 maleficia
679 2774 786 2795 cernes
803 2765 814 2796 ἓ
838 2764 920 2796 Aur.
943 2767 1089 2802 Quonam
1105 2765 1116 2794 ?
1141 2765 1197 2796 So.
1221 2764 1272 2795 Ad
1289 2765 1495 2805 orphanorum
1512 2763 1637 2796 tutelas.

170 2817 203 2843 et
217 2812 244 2842 si
259 2812 334 2853 quid
350 2813 428 2854 ipsis
444 2815 506 2846 tale
522 2816 689 2857 contingit,
712 2827 774 2858 quo
799 2818 958 2850 licentiam
982 2818 1145 2860 plurimam
1169 2819 1208 2849 ad
1237 2817 1381 2859 injuriam
1406 2816 1642 2847 nanciscantur.

174 2864 257 2898 ΛΜ.
279 2865 362 2897 Vera.
377 2877 493 2900 narraS.
540 2869 596 2902 So.
620 2870 673 2901 An
691 2881 753 2902 non
778 2872 808 2903 id
833 2879 969 2913 constat,
994 2873 1077 2914 quod
1102 2872 1133 2903 in
1158 2872 1226 2903 aliis
1242 2871 1435 2903 commerciis
1454 2869 1498 2900 vir
1514 2869 1593 2902 talis,
1610 2868 1642 2899 iu

173 2918 287 2959 quibus
314 2921 428 2960 probus
455 2922 596 2960 habetur,
625 2934 695 2955 cnm
720 2924 825 2965 justus
849 2937 916 2958 esse
939 2927 1094 2962 videatur,
1110 2926 1302 2967 competenti
1314 2921 1451 2966 >quadam
1469 2922 1497 2952 vi
1525 2926 1642 2952 ceteras

267 2972 355 3005 Plut.
374 2975 428 3006 Tr.
939 2979 984 3012 11,
1484 2978 1503 3008 2
1530 2974 1556 3005 c
