1840 3225
209 175 288 215 350
793 169 1060 210 PLATONIS
1570 175 1666 227 [758

205 286 289 310 marn
314 275 527 317 optimamque
557 271 771 313 aequalitatem
795 280 859 302 non
883 271 976 303 facile
1001 272 1071 314 quis
1095 273 1276 315 perspiciet.
1318 275 1409 307 Jovis
1422 276 1505 308 enim
1515 277 1670 319 judicium

202 336 260 368 est,
276 334 308 361 ct
322 328 500 360 hominibus
514 325 641 369 quidem
655 336 758 368 pauca
771 335 895 368 semper
908 327 1084 368 suggeritur
1101 338 1108 357 ε
1132 333 1288 369 quatenus
1308 334 1415 361 autem
1439 330 1591 372 suppetit,
1606 337 1672 362 tam

202 384 342 429 privatiS,
355 393 452 425 quam
465 381 654 417 civitatibus,
670 381 754 412 bona
767 381 873 412 omnia
885 381 1001 413 reddit.
1024 383 1092 413 haec
1115 391 1189 413 sane
1215 383 1323 425 majori
1338 383 1442 425 plura,
1463 384 1578 416 minori
1590 394 1668 426 pau·

202 440 287 472 ciora
313 437 440 468 tribuit:
466 436 604 477 utrisque
630 434 782 467 videlicet
808 435 981 467 secundum
1010 446 1117 468 eorum
1145 442 1288 468 naturam
1319 438 1491 471 moderata.
1524 439 1612 480 atqui
1635 444 1670 470 et

201 495 336 525 honores
359 492 474 523 virtute
496 489 664 533 majoribus
684 500 810 532 semper
830 491 986 533 majores;
1010 491 1181 522 minoribus
1203 497 1307 523 autem
1321 492 1439 524 virtute
1453 492 1669 535 etdisciplina

202 547 349 583 minores,
363 550 396 577 et
406 545 546 587 utrisque
559 545 735 576 secundum
747 545 912 582 rationem,
930 545 1014 587 quod
1026 546 1130 583 decet,
1147 546 1298 589 impertit.
1322 556 1361 578 ea
1376 547 1461 578 enim
1476 552 1560 579 certe
1574 547 1668 578 nobis

201 607 249 633 cst
267 601 368 633 civilis
383 600 516 643 justitia.
536 600 620 631 hanc
645 610 704 630 nos
727 604 877 642 appetere
903 599 1077 639 debemus3
1101 606 1196 642 atque
1219 600 1261 631 ad
1286 601 1367 632 hanc
1383 601 1494 643 ipsam,
1509 611 1529 632 o
1544 600 1668 644 Clinia,

201 651 412 699 aequalitatem
433 655 600 696 respicere,
626 655 703 686 dum
731 655 813 686 lianc
837 664 952 685 novam
978 654 1141 685 condimus
1165 661 1198 686 et
1217 655 1411 697 disponimus
1426 655 1587 687 civitatem
1603 667 1609 685 :
1634 660 1673 687 et

199 711 340 753 quisquis
362 710 456 741 aliam
480 709 627 745 instituit,
650 710 762 741 eodem
786 709 882 741 debet
905 708 939 740 in
962 708 1083 750 legibus
1097 708 1234 741 ferendis
1249 710 1401 751 aspicere,
1423 720 1489 741 non
1504 715 1609 740 autem
1625 709 1667 740 ad

197 775 316 807 paucos
337 770 484 808 tyrannos
497 764 547 796 vel
560 764 601 795 ad
615 775 709 795 unum
725 764 774 795 vel
789 764 899 805 populi
913 768 1110 805 potestatem,
1125 764 1181 795 sed
1198 763 1239 795 ad
1255 764 1411 806 justitiam
1424 773 1550 805 semper
1568 763 1670 805 inspi-

198 819 357 852 ciendum.
380 829 420 851 ea
445 824 504 856 est,
526 829 621 860 quam
641 817 738 850 modo
759 818 906 856 diximus,
921 818 1048 860 aequalis
1063 819 1162 861 ipsius
1178 818 1351 850 secundum
1365 823 1508 850 naturam
1524 818 1667 860 quotidie

196 874 405 916 inaequalibus
429 872 618 905 distributio.
640 877 856 904 verumtamen
882 883 1012 904 necesse
1035 878 1093 909 est,
1126 878 1162 903 ut
1184 874 1232 903 his
1248 872 1370 904 duabus
1389 872 1620 914 aequalitatibus
1634 872 1670 903 in

198 926 455 959 denominatione
476 927 632 958 similibus
651 927 762 958 civitas
777 927 924 958 universa
938 932 1054 963 utatur,
1069 927 1097 958 si
1111 931 1179 957 tota
1191 927 1268 958 velit
1279 926 1386 968 procul
1402 927 1442 958 ab
1458 926 1544 957 omni
1558 926 1669 956 sediti-

198 993 258 1014 one
284 992 424 1015 manere.
446 981 640 1024 aequabilitas
666 981 751 1012 enirn
773 981 829 1012 illa
856 981 1021 1014 laudabilis
1044 987 1078 1013 et
1106 991 1196 1023 aequa
1218 980 1401 1023 dijudicatio
1425 979 1559 1022 perfecti
1574 984 1671 1022 atque

196 1037 312 1074 exacti,
333 1047 403 1068 cum
427 1042 543 1078 praeter
565 1042 685 1068 rectum
700 1036 854 1078 judicium
881 1036 928 1073 fit,
952 1036 1090 1067 violatur
1110 1041 1144 1067 et
1156 1035 1321 1077 frangitur.
1337 1036 1471 1077 ideoque
1484 1034 1667 1076 aequalitate

195 1092 288 1123 sortis
300 1091 348 1122 uti
361 1091 454 1122 etiam
469 1101 599 1122 necesse
614 1097 663 1122 est
677 1090 719 1122 ad
735 1091 901 1122 multorum
916 1090 1167 1132 indignationem
1182 1090 1310 1133 penitus
1321 1089 1535 1121 devitandam.
1558 1097 1620 1130 qua
1630 1087 1667 1119 in

191 1156 226 1177 re
249 1145 353 1177 Deum
375 1146 553 1187 bonamque
574 1145 729 1176 fortunam
752 1145 896 1186 precibus
918 1145 1064 1177 invocare
1087 1150 1224 1187 oportet,
1248 1149 1283 1175 ut
1305 1155 1370 1176 sors
1393 1143 1435 1174 ad
1448 1142 1494 1180 id,
1511 1142 1596 1185 quod
1613 1147 1664 1174 est

187 1200 408 1242 justissimum,
431 1200 592 1241 dirigatur.
613 1201 661 1231 sic
681 1199 777 1240 igitur
797 1199 973 1231 necessario
993 1199 1134 1241 utrisque
1157 1199 1389 1241 aequalitatibus
1419 1198 1466 1229 nti
1495 1196 1667 1237 debemus3

193 1255 251 1286 sed
266 1255 298 1286 in
312 1255 405 1286 rebus
419 1253 588 1285 admodum
602 1252 799 1294 paucissimis
812 1262 850 1284 ea
861 1253 1053 1294 aequalitate,
1068 1254 1120 1285 cui
1148 1254 1273 1285 fortuna
1290 1263 1371 1295 opus
1393 1257 1452 1283 est.
1477 1250 1575 1293 [⁷58]
1600 1251 1670 1282 haec
1699 1262 1703 1267 ·

192 1310 238 1341 ita
259 1309 300 1341 ob
328 1310 410 1340 hanc
435 1318 572 1344 causam,
587 1317 606 1338 o
633 1307 737 1343 amici,
750 1317 879 1338 necesse
895 1308 934 1338 ab
950 1318 989 1338 ea
1003 1308 1143 1348 civitate,
1158 1318 1230 1349 quae
1245 1308 1378 1338 salutem
1394 1306 1435 1338 sit
1449 1311 1670 1342 consecutura,

192 1363 316 1395 servari.
339 1363 604 1404 quemadmodum
620 1371 694 1392 vero
705 1361 793 1392 navis
807 1361 839 1391 in
851 1361 958 1391 medio
970 1361 1085 1403 pelago
1099 1361 1153 1393 die
1164 1367 1320 1403 nocteque
1330 1360 1514 1393 custodibus
1523 1359 1666 1401 indiget:

193 1418 240 1449 ita
262 1428 388 1459 quoque
402 1417 525 1453 civitas,
539 1416 574 1447 in
589 1415 696 1447 medio
710 1415 837 1446 aliarum
854 1415 1016 1446 civitatum
1031 1416 1129 1446 fluctu
1143 1416 1257 1457 posita,
1269 1415 1348 1446 varii
1360 1414 1518 1456 ssubjecta
1534 1413 1667 1446 seditio-

193 1471 284 1503 nibus
299 1482 336 1506 ac
347 1482 472 1513 semper
485 1470 677 1512 captivitatis
692 1469 832 1512 periculo
847 1469 998 1511 proxima,
1010 1475 1165 1511 perpetua
1178 1474 1252 1511 eget
1265 1468 1418 1500 custodia.
1440 1474 1610 1510 propterea
1633 1472 1669 1498 et

194 1537 232 1558 cx
247 1525 300 1557 die
315 1526 347 1557 in
360 1531 485 1557 noctem
499 1531 532 1557 et
543 1536 581 1557 ex
594 1530 688 1556 nocte
702 1525 733 1555 in
750 1525 836 1555 diem
847 1524 1017 1556 succedere
1029 1525 1089 1555 sibi
1103 1524 1240 1555 invicem
1256 1524 1367 1565 magist
1373 1528 1455 1555 ratus
1471 1528 1503 1554 et
1516 1521 1668 1554 custodes

193 1585 329 1623 oportet,
355 1585 392 1612 ut
421 1580 612 1611 tradentium
642 1579 944 1621 suscipientiumque
971 1579 1146 1611 custodiam
1175 1578 1333 1610 successio
1348 1587 1509 1620 nunquam
1526 1575 1664 1608 desinat.

192 1646 322 1679 quorum
349 1635 429 1666 nihil
453 1635 623 1666 multitudo
645 1634 790 1666 celeriter
815 1634 920 1666 facere
936 1639 1052 1676 potest.
1068 1638 1117 1665 est
1132 1638 1239 1665 autem
1253 1632 1476 1668 necessarium,
1484 1635 1521 1662 ut
1532 1630 1671 1673 plurima

193 1689 319 1722 consilii
331 1699 402 1731 pars
413 1689 580 1731 plurimum
594 1694 717 1730 ternpus
733 1689 929 1730 permittatur
942 1689 976 1720 in
990 1689 1181 1730 privatarum
1196 1697 1382 1729 suarumque
1397 1696 1501 1718 rerum
1516 1684 1671 1716 adminis-

190 1744 325 1777 tratione
337 1744 463 1784 versari.
484 1743 673 1775 duodecima
687 1753 760 1774 vero
775 1753 847 1785 pars
861 1743 939 1786 ejus,
963 1743 997 1774 in
1010 1752 1137 1774 menses
1151 1742 1318 1773 duodecim
1334 1740 1557 1772 distributione
1571 1738 1671 1776 facta,

191 1800 255 1831 alia
281 1804 354 1841 post
375 1799 469 1830 aliam
493 1798 653 1840 sigillatim
679 1798 860 1829 custodiat:
885 1808 956 1840 quae
986 1797 1168 1837 unicuique,
1193 1796 1262 1827 sive
1284 1806 1303 1826 a
1326 1795 1453 1826 civitate
1470 1794 1541 1836 ipsa
1554 1793 1620 1824 sive
1633 1803 1670 1824 a-

192 1853 300 1885 liunde
319 1853 468 1890 venienti,
484 1858 594 1894 parata
606 1853 658 1890 sit,
673 1863 729 1884 seu
744 1852 889 1884 nuntiare
902 1852 1070 1893 quicquam
1086 1862 1142 1883 seu
1156 1851 1347 1891 interrogare
1362 1849 1520 1891 quispiam
1535 1847 1613 1879 velit
1625 1847 1669 1878 de

190 1908 240 1939 his
264 1909 368 1945 rebus,
393 1907 434 1938 de
450 1908 562 1950 quibus
577 1907 737 1938 civitatem
752 1912 897 1949 oporteat
911 1907 960 1938 vel
976 1906 1166 1948 respondere
1181 1905 1293 1936 ceteris
1304 1904 1483 1936 civitatibus
1497 1902 1548 1933 vel
1563 1902 1604 1933 ab
1619 1901 1669 1933 eis

189 1963 466 2004 interrogationum
486 1961 705 2004 responsiones
720 1961 876 2002 accipere.
889 1970 1040 1991 novarum
1056 1960 1150 1991 etiam
1165 1959 1260 2001 gratia
1278 1958 1486 1994 molitionum,
1497 1966 1567 1999 quae
1580 1965 1668 1998 saepe

191 2017 259 2048 fieri
282 2016 397 2053 solent,
420 2016 553 2046 maxime
576 2015 703 2058 quidem
728 2025 770 2046 ne
798 2015 887 2051 fiant,
905 2025 956 2051 ac,
970 2015 997 2045 si
1012 2014 1195 2050 acciderint,
1212 2019 1248 2044 ut
1262 2023 1355 2055 quam
1371 2012 1535 2044 celerrime
1549 2010 1668 2042 sentiat

190 2071 301 2103 civitas
319 2076 353 2101 et
380 2069 550 2100 remedium
579 2069 711 2101 afferat:
735 2068 822 2110 quod
843 2078 901 2110 per
921 2075 1037 2100 coetnm
1060 2068 1182 2100 civitati
1205 2066 1443 2109 praesidentium
1456 2065 1525 2097 fieri
1539 2073 1665 2106 semper

191 2130 327 2168 oportet,
342 2130 377 2156 ut
389 2129 422 2156 et
435 2134 505 2165 qnae
517 2124 639 2165 legibus
651 2129 683 2154 et
696 2133 766 2165 quae
777 2127 908 2163 repente
921 2122 1040 2154 civitati
1052 2122 1253 2153 difficulates
1265 2121 1431 2156 accedunt,
1443 2119 1669 2151 dissolvantur.

191 2181 260 2212 haec
284 2179 391 2212 omnia
411 2183 498 2211 curet
520 2177 707 2209 duodecima
730 2177 854 2209 consilii
880 2186 965 2219 pars,
988 2176 1126 2218 quietem
1143 2176 1176 2207 in
1202 2184 1325 2206 menses
1339 2174 1490 2206 undecim
1509 2172 1668 2204 habiturn.

192 2245 285 2278 quam
299 2233 424 2276 quidem
441 2231 617 2264 custodiam
630 2233 698 2264 haec
715 2231 837 2263 consilii
861 2241 933 2273 pars
958 2230 1165 2262 communiter
1190 2240 1260 2261 cum
1287 2229 1357 2260 aliis
1380 2226 1663 2270 magistratibusin

190 2289 318 2322 civitate
333 2298 456 2330 semper
471 2292 545 2329 agat
557 2292 694 2329 oportet.
717 2292 812 2329 atque
827 2286 946 2317 urbana
959 2285 1087 2327 quidem
1103 2285 1201 2326 probe
1217 2285 1277 2315 hoc
1291 2288 1385 2325 pacto
1400 2282 1546 2314 ordinata
1558 2285 1664 2312 eruut.

189 2344 286 2376 totius
314 2348 419 2376 autem
444 2343 573 2384 reliquae
600 2342 735 2383 regionis
757 2351 827 2382 quae
851 2341 949 2373 cura?
973 2341 1043 2382 quis
1063 2339 1141 2371 ordo
1157 2339 1168 2369 ?
1193 2350 1233 2370 an
1249 2348 1322 2370 cum
1336 2338 1452 2370 civitas
1463 2341 1532 2368 eota
1545 2341 1579 2367 et
1594 2333 1667 2366 uni-

189 2409 278 2430 versa
289 2399 377 2441 regio
390 2399 424 2430 in
439 2402 545 2440 partes
556 2396 722 2428 duodecim
739 2396 779 2426 sit
793 2395 904 2432 divisa,
929 2395 962 2426 in
991 2394 1117 2426 civitate
1144 2393 1272 2436 quidem
1293 2393 1364 2435 ipsa
1386 2391 1517 2428 viarum,
1542 2389 1667 2421 habita-

188 2453 321 2490 tionum,
356 2453 613 2488 aedificationum,
639 2455 797 2493 portuum,
822 2449 893 2486 fori,
925 2449 1072 2486 fontium,
1108 2459 1264 2480 sacrorum
1295 2448 1447 2483 locorum,
1474 2445 1663 2487 templorum

189 2513 421 2549 ceterorumque
445 2505 624 2547 hujusmodi
649 2504 786 2536 omnium
811 2504 1001 2535 constituere
1026 2509 1186 2536 curatores
1198 2502 1345 2545 oportet?
1392 2499 1470 2532 Cu.
1492 2499 1556 2532 Cur
1572 2497 1663 2529 non?

191 2561 289 2604 [759]
328 2561 467 2593 Arnen.
490 2561 643 2593 Dicamus
667 2560 760 2602 igitur
786 2559 912 2600 templis
937 2558 1068 2589 aedituos
1102 2564 1135 2590 et
1163 2557 1350 2593 sacerdotes,
1371 2560 1435 2586 tarn
1456 2554 1539 2585 viros
1567 2562 1662 2594 quam

189 2615 347 2651 mulieres,
365 2615 480 2656 praefici
494 2621 647 2656 oportere.
661 2615 699 2646 ad
717 2615 833 2645 viarum
846 2618 948 2644 autem
963 2612 1269 2653 aedificationumque
1284 2608 1535 2642 emmandarum
1543 2616 1662 2642 curam,

189 2679 231 2700 ne
255 2674 308 2700 aut
322 2670 465 2700 homines
492 2669 688 2711 injurientur,
710 2674 763 2700 aut
777 2669 854 2710 ipsae
869 2668 942 2698 serae
956 2672 1103 2704 noceant,
1118 2665 1174 2698 sed
1191 2671 1226 2697 ut
1240 2665 1348 2696 tamin
1365 2663 1432 2706 ipso
1447 2662 1530 2694 urbis
1545 2661 1664 2692 ambitu

189 2733 282 2765 quam
297 2724 328 2754 in
344 2723 509 2761 suburbiis,
525 2724 702 2754 civitatibus
718 2728 929 2755 consentanea
944 2731 1077 2764 qumque
1095 2725 1252 2763 gerantur,
1267 2725 1330 2751 tres
1341 2723 1414 2750 sunt
1425 2717 1663 2758 magistratuum

189 2778 312 2819 species
331 2777 498 2819 eligendae.
522 2783 555 2808 et
570 2789 668 2809 rerum
686 2778 778 2809 modo
795 2778 946 2809 dictarum
960 2782 1117 2809 curatores
1133 2774 1334 2818 appellentur
1348 2772 1457 2804 aediles
1474 2783 1481 2801 t
1505 2771 1561 2813 qui
1585 2780 1660 2801 vero

190 2833 245 2863 fori
271 2832 522 2874 venditionisque
548 2843 650 2864 curam
675 2833 845 2870 habebunt,
873 2844 972 2864 rerum
992 2831 1151 2863 venalium
1175 2835 1328 2862 curatores
1344 2839 1351 2858 ε
1376 2836 1532 2858 sacrorum
1556 2830 1663 2856 autem

190 2888 376 2920 sacerdotes.
401 2894 431 2919 et
444 2888 616 2920 sacerdotia
628 2888 767 2931 quidem,
783 2899 852 2930 qum
867 2899 885 2920 a
901 2887 1084 2931 parentibus
1099 2896 1154 2928 per
1169 2883 1398 2919 successionem
1413 2891 1468 2914 seu
1489 2881 1565 2914 viris
1593 2880 1661 2911 sive
