1840 3225
191 225 290 278 964]
640 225 711 265 DE
744 225 975 262 LEGIBUS
1010 225 1106 264 LlB.
1140 227 1231 265 ΧΠ.
1568 230 1644 266 447

192 338 259 370 quo
280 329 395 365 omnia,
413 330 500 370 quasi
520 331 595 365 tela,
616 330 676 360 sibi
694 339 818 370 semper
837 328 1003 371 dirigenda
1027 335 1110 360 sunt.
1157 329 1233 361 Cu.
1256 329 1306 360 Ita
1329 339 1463 371 prorsus.
1508 329 1649 363 Arnen.

192 382 289 414 Nunc
305 394 381 425 ergo
394 384 599 425 intelligimus
612 395 675 415 non
691 394 760 415 esse
785 383 908 424 mirum,
935 386 960 414 si
983 384 1144 415 civitatum
1167 385 1256 425 leges
1280 385 1375 426 louge
1397 384 1554 416 aberrent.
1575 395 1649 415 nam

191 436 224 467 in
242 437 382 478 qualibet
395 439 525 469 civitate
541 439 600 469 alia
616 439 720 479 legum
734 438 847 478 positio
859 439 897 468 ad
913 438 998 468 alind
1015 445 1045 469 et
1063 438 1123 468 alia
1139 438 1179 468 ad
1195 439 1279 468 aliud
1291 439 1438 479 respicit:
1456 444 1486 469 ct
1502 438 1649 480 aliisjus—

190 496 294 522 torum
310 492 379 522 finis
395 498 452 528 est,
470 499 504 523 ut
518 493 624 533 aliqui,
639 494 705 523 sive
719 493 865 523 meliores
884 493 932 522 ffli
949 493 1078 533 quidem
1093 494 1158 523 sive
1180 493 1312 533 pejores,
1326 494 1356 522 in
1374 494 1533 533 republica
1548 494 1648 525 domi·

190 551 306 576 nentur
319 558 326 575 t
351 547 432 583 aliis,
447 552 482 577 ut
496 547 643 583 ditentur,
658 547 722 577 sive
737 546 874 577 serviant
888 546 954 577 sive
965 557 1029 576 non
1043 558 1048 576 :
1066 547 1194 577 aliorum
1207 547 1345 577 studium·⁴
1362 548 1490 578 vertitur
1504 548 1542 578 ad
1555 548 1650 578 liber-

190 604 300 630 tatem.
335 600 388 631 alii
417 600 503 642 leges
533 600 574 631 ad
600 601 664 632 duo
696 601 845 637 condunt,
875 607 910 631 ut
926 606 957 631 et
973 601 1033 641 ipsi
1048 601 1139 632 liberi
1152 601 1215 631 sint
1229 607 1262 631 et
1277 601 1353 632 alias
1375 601 1468 632 urbes
1490 602 1650 643 subigant.

191 653 246 694 qui
275 664 346 685 vero
360 654 603 695 sapientissimos
620 666 654 686 se
666 661 789 696 putant,
806 656 844 686 ad
863 655 1041 698 hujusmodi
1055 656 1159 686 omnia
1174 655 1286 685 simul:
1319 666 1414 685 unum
1440 666 1514 686 vero
1537 657 1648 697 praeci·

190 717 299 748 puum,
324 707 365 738 ad
395 708 479 749 quod
506 715 611 740 cetera
638 709 786 750 dirigant,
813 720 876 741 non
901 711 1031 741 habent.
1076 708 1154 740 Cu.
1180 709 1247 740 Nos
1272 709 1377 750 igitur,
1411 710 1535 750 hospes,
1562 715 1648 740 recte

185 760 308 802 jamdiu
323 762 446 803 legibus
460 765 576 794 nostris
591 763 630 794 ad
655 775 748 794 unum
772 764 1007 805 respiciendum
1029 765 1228 806 putavimus:
1256 763 1353 805 [963]
1379 764 1472 805 idque
1501 764 1649 794 virtutem

189 815 342 856 appellari
367 818 591 849 concessimus.
649 817 788 848 Arnen.
813 819 862 849 Ita
891 825 950 850 est.
997 819 1074 850 Cu.
1105 819 1147 849 Et
1170 819 1318 848 virtutem
1344 824 1478 859 quatuor
1506 819 1650 859 quaedam

187 869 392 910 ponebamus.
434 870 573 904 Aram.
610 871 717 903 Certe.
761 871 836 903 Cm.
873 871 1020 902 Mentem
1049 882 1121 903 vero
1149 872 1261 902 horum
1289 872 1427 902 omnium
1457 873 1581 908 ducem,
1611 871 1652 902 ad

188 933 284 964 quam
298 929 332 955 et
346 931 454 956 cetera
469 926 585 968 omnia,
600 932 633 957 et
649 927 708 957 tria
731 926 856 957 illorum
879 927 1036 967 respicere
1059 931 1229 968 oporteret.
1273 925 1413 958 Arnas.
1437 927 1652 958 Pulcherrime

188 979 342 1019 sequeris,
356 979 509 1011 oClinia:
538 986 570 1011 et
585 981 616 1011 in
633 980 744 1012 ceteris
769 981 912 1011 similiter
935 991 1080 1022 sequere.
1113 986 1251 1012 mentem
1276 982 1401 1022 quidem
1424 982 1654 1023 gubernatoris,

190 1032 318 1070 medici,
334 1034 531 1075 imperatoris
546 1035 586 1065 ad
602 1040 718 1065 certum
735 1035 883 1077 quiddam
907 1035 1067 1077 respicere
1088 1036 1282 1067 dicebamus.
1306 1036 1430 1067 civilem
1448 1046 1521 1067 vero
1544 1036 1652 1067 redar-

190 1092 324 1127 guentes
339 1088 400 1119 huc
423 1088 654 1129 processimus3
683 1095 716 1119 et
736 1100 833 1125 nunc,
863 1089 962 1120 veluti
987 1090 1158 1126 hominem,
1188 1091 1232 1121 ita
1259 1091 1384 1121 civilem
1404 1091 1486 1121 hanc
1512 1096 1652 1121 mentem

190 1147 429 1182 percontemur:
455 1142 484 1174 O
500 1144 632 1175 mirifice
646 1144 704 1180 vir,
720 1154 782 1186 quo
799 1144 925 1175 tendis?
948 1144 1025 1186 quid
1045 1143 1127 1175 illud
1142 1155 1238 1175 unum
1252 1150 1310 1181 est,
1338 1145 1422 1186 quod
1446 1145 1480 1175 in
1503 1151 1570 1176 arte
1596 1155 1653 1176 sua

191 1195 333 1226 medicus
347 1197 442 1237 plane
459 1198 617 1239 assignare
629 1203 744 1239 potest,
760 1204 793 1229 et
806 1204 853 1234 tu,
869 1199 923 1240 qui
946 1198 1060 1229 ceteris
1074 1198 1281 1240 prudentibus
1292 1204 1439 1240 praestare
1454 1204 1486 1229 te
1503 1198 1592 1235 dicis,
1618 1199 1653 1229 in

191 1253 248 1280 tua
275 1249 424 1282 facultate
453 1262 517 1282 non
547 1252 692 1294 poteris?
736 1252 792 1283 An
806 1264 872 1290 vos,
889 1264 908 1283 o
931 1253 1037 1285 Clinia
1061 1259 1093 1284 et
1118 1253 1265 1294 Meg-ille,
1288 1264 1345 1294 pro
1371 1253 1442 1295 ipso
1466 1254 1656 1295 respondere

191 1305 335 1344 potesti5‚
357 1306 435 1346 qnid
450 1308 508 1338 hoc
524 1307 624 1349 ipsum
643 1308 695 1344 sit,
711 1313 745 1338 ut
759 1318 819 1349 ego
834 1318 918 1349 saepe
935 1307 974 1338 ad
988 1318 1046 1338 vos
1061 1318 1118 1349 pro
1133 1307 1201 1338 aliis
1216 1307 1301 1338 feci?
1332 1307 1409 1339 Cu.
1429 1307 1653 1349 Nequaquam,

189 1358 313 1399 hospes.
358 1360 498 1392 Armes.
522 1362 575 1392 An
590 1372 655 1392 non
669 1363 874 1403 quaerendum
885 1362 1016 1404 putatis,
1031 1362 1106 1403 quid
1122 1361 1203 1393 illud
1217 1362 1260 1392 sit
1283 1368 1318 1393 et
1344 1362 1378 1392 in
1394 1362 1529 1404 quibus?
1575 1362 1654 1395 CLI.

189 1411 253 1443 Dic
282 1413 389 1454 plane.
447 1415 589 1446 Aruns.
625 1416 705 1448 Cum
732 1424 861 1457 quatuor
890 1417 1017 1447 virtutis
1047 1417 1169 1458 species
1196 1417 1406 1458 posuerimus,
1436 1422 1526 1458 patet
1551 1428 1655 1448 earum

190 1468 365 1508 quamlibet
381 1479 475 1501 unam
488 1481 570 1511 esse,
587 1471 613 1502 si
633 1476 766 1512 quatuor
785 1470 877 1501 simul
899 1470 1081 1502 conficiunt.
1118 1471 1193 1502 Cm.
1215 1471 1361 1509 Quidni?
1386 1471 1524 1503 Aram.
1546 1472 1655 1503 Unum

189 1522 288 1553 etiam
302 1530 419 1555 cuncta
433 1525 501 1556 haec
515 1525 724 1556 nominamus.
743 1525 965 1557 fortitudinem
980 1526 1066 1556 enim
1079 1526 1229 1557 virtutem
1250 1535 1320 1556 esse
1341 1525 1494 1556 dicimus:
1517 1526 1655 1567 pruden-

189 1576 279 1616 tiam,
293 1578 442 1609 virtutem
454 1591 460 1608 :
497 1585 530 1610 et
539 1581 660 1622 reliqua
675 1580 739 1611 duo
752 1581 906 1618 similiter,
921 1581 1010 1622 quasi
1022 1591 1133 1612 revera
1145 1591 1209 1610 non
1223 1580 1326 1611 multa
1340 1580 1414 1617 sint,
1428 1581 1484 1611 sed
1498 1592 1598 1611 unum
1620 1580 1654 1612 id

187 1631 302 1668 solutu,
318 1632 404 1673 quod
419 1633 515 1665 virtus
530 1640 589 1665 est.
635 1635 712 1667 CLr.
737 1635 876 1666 Omnino
892 1635 1032 1677 quidem.
1077 1634 1217 1666 ATHEN.
1240 1635 1278 1666 In
1298 1642 1452 1676 quantum
1472 1635 1569 1676 igitur
1590 1635 1655 1666 duo

189 1686 257 1717 haec
271 1687 357 1717 inter
371 1698 403 1718 se
419 1688 581 1725 differunt,
594 1694 628 1719 et
642 1689 704 1720 duo
719 1690 845 1721 nomina
860 1696 1060 1731 acceperunt,
1079 1695 1174 1731 atque
1191 1689 1254 1719 alia
1268 1688 1331 1720 duo
1345 1689 1501 1726 similiter,
1526 1689 1654 1721 difficile

189 1739 275 1771 dictu
292 1751 356 1772 non
371 1748 436 1773 est:
454 1743 486 1773 in
498 1749 650 1784 quantum
662 1754 737 1775 vero
752 1745 787 1775 in
799 1744 940 1785 utrisque
956 1755 1053 1775 unum
1072 1744 1242 1785 posuimus,
1256 1742 1353 1784 idque
1368 1744 1514 1775 virtutem
1526 1744 1653 1775 vocavi-

188 1805 270 1835 mus,
285 1796 363 1827 etin
384 1796 507 1828 duobus
527 1798 656 1839 reliquis
682 1798 835 1834 similiter,
861 1809 927 1829 non
950 1799 995 1829 ita
1023 1798 1126 1829 facile.
1173 1797 1250 1830 CLI.
1273 1798 1441 1835 Quomodo
1467 1797 1553 1829 istud
1582 1799 1652 1830 ais?

187 1848 327 1881 Arm-m.
350 1850 426 1881 Non
439 1857 487 1883 est
501 1853 644 1890 arduum,
661 1853 745 1894 quod
761 1852 842 1890 dico,
855 1854 1036 1894 explanare.
1059 1853 1142 1894 agite
1168 1862 1254 1894 erge,
1281 1852 1496 1894 interrogandi
1520 1863 1653 1894 respon-

187 1905 347 1946 dendique
362 1916 479 1937 munus
498 1907 581 1938 inter
602 1918 660 1938 nos
680 1908 864 1949 partiamur.
909 1907 986 1940 Cu.
1010 1908 1083 1945 Quo
1109 1907 1226 1948 pacto?
1271 1906 1408 1938 Amas.
1431 1906 1596 1948 Interroga
1618 1912 1653 1938 tu

188 1969 248 1995 me,
271 1960 421 2001 quidnam
437 1972 533 1992 unum
545 1963 745 2003 appellantes
770 1962 931 1998 virtutem,
955 1962 1020 1992 duo
1033 1967 1165 2002 utraque
1194 1972 1314 1992 rursum
1345 1961 1493 2002 diximus,
1520 1961 1652 1992 alterum

185 2013 413 2051 fortitudinem,
439 2016 574 2046 alterum
598 2027 671 2046 vero
695 2017 905 2057 pmdentiam.
929 2026 1052 2047 causam
1081 2016 1229 2057 equidem
1258 2015 1314 2046 tibi
1333 2015 1442 2052 affero,
1459 2015 1544 2057 quod
1572 2016 1651 2047 alte-

187 2078 259 2098 rum
285 2068 369 2099 circa
396 2069 521 2100 timores
544 2075 698 2101 versatur.
722 2070 806 2101 unde
830 2071 944 2101 belluae
967 2080 1091 2111 quoque
1114 2069 1308 2100 fortitudinis
1329 2070 1500 2111 participes
1521 2076 1595 2100 sunt
1620 2076 1653 2101 et

186 2122 355 2153 infantium
374 2124 482 2155 animi.
507 2130 618 2154 natura
633 2125 714 2155 enim
731 2124 963 2166 quodammodo
979 2130 1012 2155 et
1033 2125 1100 2155 sine
1117 2125 1238 2155 ratione
1255 2124 1378 2155 animus
1391 2124 1483 2155 fortis
1501 2125 1652 2155 efficitur:

187 2177 244 2208 sed
269 2177 387 2219 absque
410 2178 532 2209 ratione
563 2179 700 2220 prudens
725 2179 830 2210 anima
851 2185 883 2210 et
906 2179 1023 2209 mentis
1047 2189 1173 2220 compos
1197 2189 1257 2210 nec
1282 2178 1342 2209 fuit
1358 2189 1496 2221 unquam
1521 2189 1581 2213 nec
1605 2184 1654 2210 est

187 2242 246 2263 nec
272 2233 342 2263 erit.
363 2232 451 2263 aliud
477 2243 553 2274 ergo
576 2234 643 2264 haec
671 2238 730 2270 est,
757 2244 848 2275 quam
875 2233 944 2264 illa.
988 2233 1066 2265 CLr.
1089 2233 1175 2264 Vera
1199 2233 1347 2275 loqueris.
1371 2233 1468 2275 [954]
1515 2233 1652 2264 Arnen.

190 2287 358 2324 Quomodo
368 2297 442 2329 ergo
457 2288 521 2318 duo
535 2288 602 2319 haec
623 2287 801 2319 differentia
830 2293 902 2319 sunt
925 2287 1055 2327 ratione,
1078 2298 1098 2319 a
1123 2298 1174 2319 me
1193 2288 1365 2329 accepisti:
1391 2287 1549 2329 quomodo
1576 2298 1650 2318 vero

187 2350 285 2371 unum
300 2346 334 2371 et
347 2341 441 2377 idem,
458 2347 493 2373 tu
507 2352 631 2373 rursum
642 2353 692 2374 me
707 2342 831 2380 doceas,
846 2343 891 2374 ita
903 2349 940 2374 ut
950 2342 1107 2374 dicturum
1119 2347 1150 2374 te
1162 2348 1267 2384 putes,
1283 2353 1346 2384 quo
1368 2347 1476 2384 pacto,
1494 2352 1566 2373 cum
1589 2343 1653 2374 sint

186 2400 330 2434 quatuor,
344 2405 450 2426 rursus
473 2406 568 2427 unum
583 2397 657 2434 sint,
670 2403 704 2428 et
718 2409 768 2429 me
785 2403 896 2440 postea
910 2398 969 2429 tibi
983 2408 1097 2434 rursus,
1114 2397 1273 2439 quomodo
1288 2402 1422 2438 quatuor
1443 2397 1516 2433 sint,
1543 2397 1650 2429 decla·

186 2453 336 2479 raturum.
357 2448 512 2491 deinceps
526 2455 633 2482 autem
647 2453 896 2489 consideremus,
912 2458 1026 2489 utrum,
1052 2451 1106 2494 qui
1129 2462 1178 2483 res
1201 2451 1322 2493 aliquas
1350 2450 1541 2483 sufficienter
1554 2451 1651 2482 intel-

187 2502 326 2533 lecturus
340 2509 400 2540 est,
415 2514 485 2545 quae
499 2510 531 2535 et
543 2515 657 2536 nornen
670 2507 790 2537 habent
804 2513 837 2538 et
864 2507 1030 2544 rationem,
1053 2517 1168 2537 nomen
1197 2505 1395 2537 solummodo
1418 2506 1499 2537 scire
1523 2506 1651 2545 debeat,

186 2556 339 2587 rationem
355 2557 492 2589 minime.
516 2569 556 2589 an
571 2559 688 2600 potius,
703 2561 730 2591 si
741 2561 835 2602 pretii
850 2562 980 2604 alicujus
995 2567 1054 2598 est,
1064 2567 1159 2603 turpe
1173 2560 1233 2592 sibi
1247 2565 1307 2596 est,
1318 2571 1420 2592 rerum
1433 2561 1651 2603 magnitudine

185 2615 218 2641 et
238 2612 475 2652 ‘pulchritudine
496 2614 719 2646 excellentium
745 2621 808 2646 tam
838 2618 970 2647 nomina
998 2626 1093 2658 quam
1120 2615 1259 2646 rationes
1286 2615 1453 2657 ignorare?
1500 2614 1578 2647 Cu.
1599 2615 1651 2647 Ita

185 2664 322 2698 videtur.
367 2666 508 2697 Arnen.
530 2667 650 2708 Legum
663 2679 740 2700 vero
751 2669 904 2701 conditori
919 2676 1014 2712 atque
1030 2670 1166 2707 custodi,
1182 2676 1215 2701 et
1232 2670 1263 2701 ei
1288 2670 1344 2712 qui
1364 2669 1476 2700 virtute
1500 2675 1649 2711 praestare

185 2719 300 2750 ceteris
312 2721 455 2762 opinatur
464 2726 498 2752 et
512 2732 641 2753 munera
655 2733 711 2764 pro
727 2724 775 2754 his
790 2725 884 2755 rebus
898 2726 1034 2765 accepit,
1050 2731 1139 2756 estne
1154 2724 1255 2766 majus
1267 2723 1355 2756 aliud
1370 2734 1462 2766 quam
1485 2723 1649 2760 fortitudo,

187 2775 405 2815 temperantia,
422 2775 557 2818 justitia,
583 2782 677 2818 atque
702 2778 894 2819 prudentia?
939 2779 1016 2811 Cn.
1039 2778 1206 2817 Quomodo
1229 2779 1338 2810 aliud?
1384 2779 1520 2810 Arnen.
1543 2779 1595 2809 De
1610 2779 1650 2810 iis

185 2825 282 2868 igitur
294 2829 494 2871 interpretes,
509 2831 668 2868 doctores,
684 2832 787 2874 legum
801 2832 992 2871 conditores,
1007 2834 1137 2864 aliorum
1153 2833 1310 2871 custodes,
1325 2843 1431 2865 nonne
1444 2839 1576 2869 ceterOS,
1592 2833 1648 2874 qui

188 2881 267 2913 scire
291 2884 425 2925 euplunt
449 2886 498 2916 vel
513 2886 677 2928 punitione
701 2892 735 2917 et
755 2887 972 2929 increpatione
998 2888 1154 2930 indigent,
1178 2888 1292 2919 docere
1319 2887 1448 2926 debent,
1469 2897 1546 2929 quas
1563 2887 1648 2918 vires

184 2936 295 2975 virtus,
311 2947 389 2979 quas
411 2938 526 2970 vitium
549 2941 674 2979 habeat,
699 2946 794 2983 atque
824 2943 889 2974 liaec
915 2942 1124 2985 significando
1148 2943 1305 2975 excellere
1334 2941 1473 2973 ceteris?
1503 2951 1543 2973 an
1573 2951 1646 2973 vero
