1840 3225
142 246 239 297 401]
550 246 623 284 DE
655 244 961 284 REPUBLICA
993 243 1090 283 LIB.
1125 245 1195 284 ΙΙΙ.
1539 246 1614 284 123

136 351 278 392 quamvis
302 362 364 382 non
381 349 454 383 satis
477 356 595 393 aperte,
610 361 682 382 cum
710 350 776 391 ipse
798 350 903 380 basem
919 349 1077 391 quandam
1106 350 1221 391 pedum
1238 350 1417 383 bellicosam
1433 351 1609 382 nominaret

135 406 340 447 compositam
368 406 528 449 dactylum
557 410 650 446 atque
677 404 771 435 etiam
799 404 978 435 heroicum:
1004 414 1096 445 quem
1123 405 1308 447 nescioquo
1325 406 1418 436 modo
1434 405 1610 447 digerebat,

135 470 291 501 supraque
307 460 446 502 infraque
466 460 629 501 aequalem,
647 459 678 489 in
695 460 817 489 brevem
835 458 1026 500 longumque
1042 459 1189 490 effectum
1206 472 1213 489 ι
1241 465 1336 501 utque
1353 459 1508 496 existimo,
1521 458 1606 499 jam·

137 513 222 550 bum,
247 520 280 545 et
305 514 398 545 alium
427 515 584 556 quendam
608 513 777 544 trochaeum
801 513 993 554 appellabat.
1016 513 1229 554 longitudines
1253 520 1356 545 autern
1383 520 1415 545 et
1440 514 1608 545 brevitates

137 567 292 599 adhibuit.
316 573 348 600 et
371 568 401 598 in
426 568 582 609 aliquibus
611 568 738 598 istorum
763 567 894 598 arbitror
919 578 990 598 eum
1015 567 1192 609 vituperare
1219 569 1267 599 vel
1293 569 1418 599 laudare
1443 569 1608 599 ductiones

135 622 238 661 pedis,
253 632 316 653 non
332 621 433 652 minus
450 633 541 663 quarn
566 622 729 664 rhythmos
745 621 843 662 ipsos,
858 621 905 651 vel
931 621 1049 662 aliquid
1066 633 1102 652 ex
1120 622 1257 664 utrisque
1272 623 1486 654 commixtum.
1503 632 1607 663 neque

133 675 216 705 enim
232 675 387 707 declarare
412 676 485 706 satis
513 677 580 706 haec
607 685 744 716 possum.
768 685 872 705 verum
899 675 977 711 haec,
1006 681 1041 705 ut
1065 676 1221 717 dicebam,
1249 677 1280 707 in
1302 677 1478 707 Damonem
1501 677 1605 717 ipsum

134 727 250 768 rejecta
265 729 424 771 dilataque
440 730 513 760 sint.
538 730 658 771 prolixa
684 730 804 771 quippe
831 730 970 760 oratione
997 731 1036 761 ad
1064 731 1131 761 haec
1155 731 1379 772 distinguenda
1407 741 1486 772 opus
1513 735 1608 761 esset.

133 783 274 824 nunquid
293 784 406 825 putas?
453 783 567 815 GLAU.
592 784 715 815 Prolixa
730 795 784 825 per
799 784 923 815 Jovem.
970 785 1025 816 SO.
1050 784 1122 815 Hoc
1137 791 1240 816 autem
1255 786 1300 816 ita
1313 785 1486 816 discernere
1504 790 1605 825 potes.

133 834 218 882 quod
249 838 443 869 concinnitas
469 844 564 879 atque
591 838 770 880 ineptitudo
795 838 1022 880 congruitatem
1050 844 1083 870 et
1104 840 1367 881 incongruitatem
1392 839 1529 881 rhythmi
1555 849 1607 868 se-

133 897 282 935 quuntur.
327 892 442 924 Gustu.
476 892 621 930 Quidni?
668 893 725 925 So.
761 892 861 934 Atqui
888 903 1058 934 congruum
1085 893 1212 935 quidem
1243 893 1405 935 pulchram
1432 892 1605 923 orationem

132 946 281 988 sequitur,
306 952 338 977 et
361 952 508 988 tanquam
536 946 635 977 simile
662 946 820 976 imitatur:
855 946 1062 987 incongruum
1090 957 1162 978 vero
1187 947 1384 977 contrariam.
1408 945 1485 986 quin
1511 945 1604 975 etiam

131 1011 302 1031 consonum
318 1001 420 1042 ipsum
435 1006 467 1032 et
482 1000 641 1031 dissonum
658 1001 769 1031 eodem
787 1001 879 1030 modo
895 1011 902 1031 :
929 1001 1185 1042 quandoquidem
1202 1002 1366 1042 rhythmus
1381 1007 1412 1030 et
1428 999 1605 1034 harmonia,

133 1059 170 1085 ut
185 1055 279 1096 paulo
295 1061 368 1086 ante
384 1055 502 1086 dictum
530 1055 601 1091 fuit,
619 1055 787 1085 orationem
805 1061 988 1095 sequuntur,
1005 1066 1067 1085 non
1084 1055 1153 1096 ipsa
1169 1055 1267 1085 oratio
1292 1054 1470 1096 rhythmum
1487 1059 1519 1084 et
1536 1053 1606 1083 har-

132 1110 269 1140 moniam
297 1110 447 1152 sequitur.
492 1108 607 1141 GLAU.
635 1109 728 1140 Certe
753 1109 923 1140 orationem
949 1110 1037 1150 sequi
1065 1110 1131 1141 haec
1157 1110 1286 1141 debent.
1331 1108 1387 1139 So.
1412 1108 1499 1145 Quid
1532 1118 1604 1138 vero

132 1162 281 1204 loquendi
314 1164 423 1194 modus
451 1163 581 1204 ipsaque
611 1163 732 1193 oratio?
771 1172 876 1194 nonne
906 1163 1000 1193 animi
1032 1163 1230 1195 affectionem
1260 1162 1424 1203 sequitur?
1485 1161 1603 1192 GLAu.

131 1217 261 1258 Absque
276 1217 384 1248 dubio.
430 1218 484 1249 So.
509 1216 690 1252 Orationem
718 1227 790 1248 vero
814 1223 918 1248 cetera
941 1228 1066 1259 qnoque
1084 1218 1278 1259 sequuntur?
1326 1216 1442 1247 GLAU.
1467 1214 1605 1255 Nempe.

129 1270 184 1301 So.
210 1271 366 1302 Sermonis
389 1271 494 1312 itaque
511 1271 617 1311 decor,
641 1271 859 1307 consonantia,
884 1278 1030 1302 venustas
1056 1277 1088 1302 et
1113 1271 1251 1313 rhythmi
1277 1270 1482 1312 congruentia
1508 1269 1604 1299 affec-

130 1325 246 1356 tionem
273 1325 368 1356 animi
396 1326 586 1356 moderatam
614 1330 797 1366 sequuntur,
824 1335 918 1366 quarn
943 1326 1100 1356 euethiam
1132 1325 1304 1367 appellant.
1331 1335 1394 1354 non
1421 1335 1490 1354 eam
1514 1323 1604 1363 dico,

129 1389 222 1420 quam
239 1390 333 1421 saepe,
360 1390 430 1411 cum
446 1379 574 1410 inscitia
599 1380 741 1420 quaedam
766 1380 816 1416 sit,
846 1380 960 1411 blanda
983 1381 1117 1421 quadam
1143 1380 1298 1410 derisione
1314 1379 1485 1409 bonitatem
1501 1377 1605 1407 nomi-

129 1444 250 1471 namus,
267 1434 324 1465 snb
339 1433 465 1464 nomine
492 1433 566 1463 honi
592 1434 683 1464 moris
699 1434 874 1465 fatuitatem
898 1435 1056 1476 quandam
1073 1434 1285 1475 significantes
1301 1445 1308 1463 ε
1334 1433 1428 1464 immo
1444 1442 1516 1462 vero
1532 1441 1602 1462 eam

128 1487 283 1519 euethiam
313 1487 452 1529 inquam,
482 1497 553 1529 quae
583 1498 687 1518 revera
717 1488 941 1529 cogitationem
970 1489 1126 1529 significat
1156 1499 1240 1519 more
1269 1488 1390 1529 optimo
1422 1486 1599 1527 praeditam.

129 1541 242 1573 GLau.
265 1542 317 1574 Sic
341 1547 388 1573 est
405 1542 544 1573 omnino.
589 1542 645 1573 So.
668 1542 785 1573 Nonne
810 1543 904 1584 igitur
930 1543 1046 1584 ubique
1072 1544 1139 1574 haec
1160 1542 1295 1583 juvenes
1320 1540 1409 1583 sequi
1424 1541 1555 1581 d2bent,
1573 1540 1602 1571 si

127 1607 191 1627 rem
207 1607 292 1627 suam
309 1605 400 1639 agere
414 1597 545 1627 volunt?
591 1596 707 1627 GLAU.
731 1597 862 1628 Debent
885 1598 1045 1639 equidem.
1091 1598 1148 1630 So.
1173 1597 1229 1628 Est
1246 1603 1349 1628 autem
1375 1606 1421 1626 ars
1446 1593 1599 1636 pingendi

127 1650 272 1681 universa
287 1651 394 1681 horum
411 1650 515 1692 plena,
533 1656 565 1681 et
580 1661 670 1681 omne
690 1649 787 1693 [401]
806 1650 987 1692 hujusmodi
1003 1649 1166 1683 artificium
1186 1663 1192 1682 :
1219 1651 1313 1692 plena
1328 1660 1455 1692 quoque
1470 1647 1598 1679 texendi

128 1704 272 1741 facultas,
289 1710 321 1735 et
336 1705 487 1735 variorum
511 1705 714 1746 ingeniositas
732 1715 862 1746 operum
892 1706 1093 1747 studiumque
1117 1705 1308 1741 aedificandi,
1326 1705 1426 1735 omnis
1449 1707 1599 1744 praeterea

127 1763 298 1789 ceterorum
327 1759 569 1800 supellectilium
595 1760 931 1801 instrumentorumque
958 1761 1106 1792 effectio:
1130 1761 1206 1802 quin
1232 1766 1264 1791 et
1287 1769 1450 1800 corporum
1475 1758 1598 1799 planta-

128 1823 256 1854 rumque
272 1819 393 1845 natura.
409 1824 498 1855 porro
510 1815 541 1845 in
556 1814 700 1845 omnibus
714 1815 778 1845 istis
791 1821 845 1845 ant
861 1815 1068 1846 condecentia
1082 1816 1225 1857 quaedam
1241 1814 1323 1845 inest
1338 1819 1392 1844 aut
1406 1811 1597 1844 indecentia.

126 1871 159 1897 et
174 1866 352 1898 indecentia
373 1868 500 1910 quidem
515 1874 548 1899 et
563 1869 700 1911 rhythmi
715 1869 947 1900 inconcinnitas
963 1878 1056 1910 atque
1079 1869 1273 1899 dissonantia
1289 1868 1436 1899 sermonis
1452 1867 1549 1908 turpis
1565 1871 1599 1896 et

128 1920 262 1962 improbi
279 1922 368 1952 moris
385 1934 502 1954 sorores
517 1930 589 1954 sunt
603 1935 612 1955 ι
638 1924 791 1955 contraria
808 1935 878 1954 vero
895 1924 1051 1960 contrarii,
1068 1923 1232 1964 temperati
1248 1929 1281 1954 et
1307 1922 1431 1964 optimi,
1449 1930 1596 1962 germana

127 1980 159 2004 ct
174 1974 362 2007 imitationes
376 1977 521 2018 quaedam
537 1983 619 2008 sunt.
652 1977 766 2009 GLAU.
783 1977 850 2014 Est,
868 1983 902 2008 ut
917 1978 1006 2009 dicis.
1044 1978 1101 2010 So.
1127 1977 1279 2019 Nunquid
1299 1976 1401 2018 po'e'tis
1417 1975 1489 2006 solis
1500 1974 1596 2005 insis-

128 2029 518 2073 tenduni‚cogendmnque
534 2037 568 2062 ut
579 2032 747 2073 imaginem
761 2033 834 2063 boni
847 2033 938 2063 moris
954 2033 985 2062 in
1002 2033 1064 2063 suis
1077 2032 1231 2074 poematis
1246 2032 1430 2073 exprimant,
1445 2030 1492 2060 vel
1505 2030 1591 2070 apud

128 2093 186 2114 nos
202 2094 264 2115 non
280 2086 415 2116 scribant
430 2086 441 2116 ?
464 2096 503 2116 an
521 2092 668 2127 praeterea
683 2088 867 2123 curandum,
884 2098 923 2118 ne
939 2087 1072 2118 artifices
1099 2087 1153 2118 alii
1182 2086 1253 2117 mali
1280 2086 1371 2116 moris
1394 2084 1590 2115 simulacrum

127 2137 267 2179 aliquod,
283 2149 346 2169 non
368 2140 448 2171 bene
463 2141 646 2181 castigatum
665 2153 756 2183 opus,
773 2141 937 2181 illiberale,
953 2142 1091 2173 deforme
1108 2148 1139 2172 et
1163 2142 1325 2176 indecens,
1341 2140 1404 2170 sive
1429 2139 1462 2169 in
1489 2137 1594 2178 figuris

127 2192 319 2231 animalium,
336 2195 399 2225 sive
415 2195 446 2226 in
464 2195 616 2232 aedificiis,
632 2196 695 2227 sive
712 2197 743 2226 in
770 2197 880 2237 quovis
905 2197 966 2227 alio
993 2197 1123 2227 artificio
1149 2196 1289 2227 faciant?
1314 2195 1361 2226 vel
1388 2194 1412 2224 si
1440 2193 1509 2234 quis
1534 2193 1594 2222 hoc

127 2252 273 2287 praestare
297 2258 359 2279 non
376 2254 489 2290 potest,
505 2260 545 2280 ne
573 2250 648 2291 quid
677 2251 761 2292 apud
790 2261 846 2281 nos
871 2256 943 2291 agat
966 2250 1179 2292 prohibendus
1205 2256 1277 2281 est:
1305 2260 1344 2280 ne
1371 2249 1402 2278 in
1430 2247 1592 2289 pravitatis

127 2301 314 2342 imaginibus
328 2304 417 2334 nobis
433 2303 559 2335 enutriti
574 2306 731 2342 custodes,
748 2311 896 2347 tanquam
923 2306 954 2335 in
981 2306 1074 2336 noxio
1102 2305 1251 2347 gramine,
1268 2310 1301 2335 et
1319 2304 1414 2334 multa
1442 2301 1586 2344 quotidie

129 2355 277 2396 paulatim
293 2367 311 2387 a
327 2358 431 2389 multis
448 2359 651 2400 decerpentes
667 2364 904 2402 pascentesque,
922 2371 1017 2391 unum
1034 2360 1160 2402 aliquod
1179 2359 1345 2389 maximum
1362 2357 1475 2388 malum
1493 2355 1592 2396 ignari

129 2409 160 2439 in
176 2410 280 2441 animo
295 2413 501 2443 contrahant?
547 2413 757 2450 Quamobrem
774 2414 818 2444 illi
834 2414 1014 2456 inquirendi
1030 2421 1102 2445 sunt
1117 2414 1262 2454 artifices,
1277 2413 1331 2454 qui
1357 2410 1487 2442 naturali
1514 2420 1591 2451 qua-

129 2463 200 2493 dam
217 2464 367 2495 industria
382 2466 505 2506 possint
519 2471 666 2508 tanquam
684 2478 738 2509 per
753 2468 884 2509 vestigia
895 2468 1067 2510 exprimere
1080 2468 1200 2509 pulchri
1214 2468 1310 2509 ipsius
1321 2466 1487 2506 decorique
1502 2469 1593 2494 natu-

128 2526 204 2554 ram,
221 2523 254 2548 ut
270 2523 415 2560 tanquam
431 2519 462 2549 in
479 2520 548 2551 loco
563 2520 678 2552 salubri
694 2522 869 2553 habitantes
881 2522 1024 2563 juniores
1049 2523 1188 2564 undique
1214 2521 1403 2562 adjuventur
1418 2531 1424 2549 ε
1450 2518 1594 2560 quando·

128 2572 254 2614 quidem
269 2583 286 2603 a
303 2573 439 2614 pulchris
456 2574 655 2616 honestisque
671 2577 818 2617 operibus
834 2577 896 2608 sive
912 2578 950 2608 ad
967 2578 1075 2608 oculos
1091 2577 1155 2607 sive
1172 2577 1212 2607 ad
1228 2586 1316 2606 aures
1332 2585 1438 2605 eorum
1465 2571 1590 2603 honesti

128 2625 246 2668 aliquid
265 2627 417 2668 pervenit,
434 2627 528 2659 veluti
545 2628 647 2660 suavis
662 2641 734 2661 aura
749 2631 892 2672 quaedam
910 2642 927 2662 a
943 2631 1019 2662 locis
1043 2631 1216 2661 salubribus
1241 2630 1374 2661 afferens
1397 2629 1560 2659 sanitatem
1581 2637 1588 2655 z

128 2689 198 2720 quae
215 2681 340 2721 quidem
367 2682 469 2713 statim
486 2683 587 2714 afflare
603 2694 620 2714 a
636 2684 740 2725 primis
757 2686 845 2716 annis
862 2686 1029 2727 incipiens,
1045 2685 1157 2716 sensim
1175 2684 1295 2715 animos
1317 2684 1477 2714 hominum
1494 2682 1526 2712 in
1551 2681 1590 2711 si·

128 2734 346 2772 militudinem,
362 2736 529 2768 amicitiam
546 2743 577 2768 et
591 2739 789 2770 concordiam
808 2741 945 2771 honestae
959 2740 1089 2771 orationi
1104 2740 1278 2780 rationique
1289 2738 1448 2770 conciliat.
1474 2736 1591 2767 GLAu.

128 2787 260 2830 Egregie
284 2790 452 2821 admodum
474 2791 532 2822 isto
560 2798 652 2834 pacto
672 2794 869 2826 nutrirentur.
914 2795 970 2826 So.
993 2794 1045 2825 Ob
1073 2795 1152 2825 hanc
1178 2794 1270 2835 igitur
1293 2803 1430 2828 causam,
1455 2791 1592 2824 Glauco,

130 2852 166 2872 ex
183 2842 250 2883 ipsa
267 2843 428 2885 principali
446 2846 617 2876 secundum
645 2847 790 2878 musicam
816 2849 986 2880 nutritione
1014 2849 1177 2890 rhythmus
1203 2853 1234 2878 et
1260 2847 1421 2877 harmonia
1448 2844 1593 2875 interiora

130 2895 224 2926 animi
254 2903 431 2938 penetrant,
461 2899 649 2942 pulsantque
681 2902 950 2934 vehementissime
981 2903 1131 2943 animum,
1154 2903 1297 2933 decoram
1325 2902 1481 2942 quandam
1511 2898 1591 2938 figu-

130 2959 193 2980 ram
219 2949 361 2993 ferentia,
389 2963 444 2994 per
468 2964 561 2995 quam
588 2956 718 2990 decorus
748 2962 780 2988 et
810 2958 938 2999 pulcher
969 2958 1111 2999 efficitur,
1137 2957 1279 2999 quisquis
1307 2961 1388 2987 recte
1414 2955 1448 2985 in
1478 2953 1595 2984 musica
