1840 3225
187 272 268 310 450
492 270 761 310 PLATONIS
792 270 866 310 DE
897 269 1129 310 LEGIBUS
1162 271 1260 311 LIB.
1283 272 1377 311 ΧΠ.
1573 273 1672 326 [969

192 374 232 405 ad
249 373 424 406 custodiam
439 373 549 405 idonei
564 378 650 415 sunt,
665 374 893 406 constituatur:
910 373 1040 411 deinde,
1053 385 1123 415 quae
1141 373 1295 405 discenda
1310 379 1394 412 sunt,
1406 384 1446 406 ea
1461 384 1522 406 nec
1533 373 1678 405 invenire

192 429 287 460 facile
300 439 309 468 3
325 433 357 459 et
372 428 545 460 inventoris
557 428 749 470 discipulum
764 428 832 460 fieri
844 427 984 460 arduum.
999 434 1143 470 tempora
1159 434 1322 470 praetere-a,
1334 429 1367 459 in
1388 428 1502 470 quibus
1516 428 1680 470 percipere

192 488 317 525 oportet
333 483 469 524 singula,
483 483 599 514 frustra
614 483 801 514 scribentur.
825 493 884 514 nec
901 483 987 514 enim
998 488 1132 524 possunt
1143 483 1218 524 ipsi,
1234 483 1289 524 qui
1306 482 1337 513 di
1344 488 1445 520 scunt,
1473 492 1675 524 cognoscere,

195 537 323 579 quando
336 536 415 578 quid
430 542 606 579 opportune
622 537 772 574 discatur,
788 542 959 579 antequam
978 537 1012 568 in
1029 548 1135 568 eorum
1151 537 1256 568 animo
1279 537 1328 568 rei
1348 537 1448 579 ipsius
1474 537 1607 568 scientia
1623 536 1675 569 sit.

197 601 267 632 quae
285 590 378 632 igitur
402 591 437 622 in
462 591 511 622 his
528 592 635 633 palam
656 592 722 622 dici
739 602 804 623 non
830 597 974 634 possunt,
997 602 1059 623 non
1082 598 1170 623 recte
1193 597 1368 623 tentantur.
1391 591 1459 622 dici
1481 597 1587 622 autem
1613 601 1678 622 non

196 645 288 686 posse
301 644 442 686 inquam,
458 645 605 687 quoniam
622 646 651 676 si
667 645 824 683 dicantur,
840 646 917 677 nihil
933 646 1059 688 planius
1074 646 1246 688 explicant.
1294 645 1373 677 Cm.
1398 644 1481 676 Cum
1495 646 1564 676 haec
1585 645 1631 676 ita
1646 654 1680 675 se

198 699 345 735 habeant,
371 699 497 740 hospes,
528 699 605 741 quid
633 700 727 730 nobis
757 700 913 741 agendum
942 711 1053 731 censes
1067 700 1077 730 ?
1124 699 1265 731 ΑΤΗΕΝ.
1288 700 1385 737 Quod
1410 700 1486 731 trito
1514 699 1681 742 proverbio

198 757 309 790 fertur,
324 752 360 783 id
373 753 474 790 nobis,
491 764 510 784 0
524 754 630 791 amici,
644 765 730 786 nunc
746 754 955 786 communiter
980 754 1146 796 competit,
1170 764 1207 786 ac
1237 754 1263 785 si
1284 754 1325 785 de
1344 754 1491 785 universa
1517 754 1683 795 republica

200 808 376 848 periculum
393 808 497 839 subire
507 808 653 845 velimus,
669 808 819 840 faciunda
834 809 939 839 onmia
953 813 1027 839 sunt
1037 809 1084 839 ita
1099 813 1136 840 ut
1151 814 1198 839 ter
1213 819 1269 840 sex
1284 809 1336 840 vel
1345 814 1410 840 tres
1423 809 1506 839 talos
1515 808 1683 850 jaciamus.

201 861 300 904 [969]
324 861 470 903 equidem
488 863 664 903 periculum
689 862 723 892 id
751 863 916 894 vobiscum
942 863 1066 899 subibo,
1095 862 1232 894 dicendo
1260 869 1355 904 atque
1382 862 1585 904 exponendo,
1612 873 1682 904 quae

201 916 280 947 mihi
296 916 335 947 de
352 917 411 948 liae
427 916 597 958 disciplina
612 922 644 947 et
659 917 860 953 educatione,
877 927 972 958 quam
984 916 1081 947 modo
1097 917 1272 958 tetigimus,
1289 917 1489 948 videbuntur.
1504 916 1682 958 periculum

204 975 310 1001 autem
326 981 456 1012 parvum
472 981 536 1001 non
552 976 600 1001 est
621 981 680 1001 nec
695 971 766 1001 aliis
781 970 895 1002 simile.
919 970 1006 1011 quod
1022 971 1091 1007 tibi,
1107 981 1126 1001 ο
1141 971 1259 1007 Clinia,
1274 982 1356 1002 curae
1376 972 1473 1002 modo
1487 981 1556 1002 esse
1574 971 1683 1013 jubeo.

202 1029 238 1055 tu
254 1025 339 1055 enim
352 1025 386 1055 in
400 1024 675 1066 Magnesiensium
687 1025 774 1061 urbe,
790 1025 841 1055 vel
851 1024 909 1055 illa
925 1024 978 1056 cui
990 1024 1082 1055 Deus
1096 1025 1196 1066 ipsam
1213 1025 1434 1066 cognominem
1449 1025 1685 1061 saciet,summa

204 1079 331 1110 florebis
346 1079 456 1120 gloria,
473 1079 499 1109 si
512 1083 599 1109 recte
615 1079 717 1120 ipsam
733 1079 910 1110 constitues
924 1090 930 1108 :
948 1084 1033 1110 certe
1047 1090 1212 1121 nunquam
1227 1079 1370 1121 effugies,
1384 1080 1459 1121 quin
1474 1080 1684 1121 posteriorum

204 1133 343 1163 omnium
355 1133 542 1164 fortissimus
557 1133 705 1164 videaris.
728 1133 755 1163 si
769 1143 844 1174 ergo
858 1133 986 1164 divinus
1002 1134 1054 1164 hic
1066 1138 1165 1164 coetus
1180 1134 1284 1170 uobis,
1300 1144 1319 1165 ο
1334 1134 1439 1170 amici,
1464 1134 1683 1170 constituetur,

203 1187 279 1218 huic
293 1188 407 1219 civitas
421 1188 481 1218 erit
495 1187 660 1218 tradenda.
683 1198 786 1229 neque
803 1188 850 1218 his
865 1188 978 1228 reliqui
992 1188 1213 1228 legumlatorcs
1229 1193 1380 1229 tanquam
1401 1189 1505 1219 minus
1527 1188 1683 1219 sufficien-

206 1241 291 1272 tibus
304 1242 560 1273 adversabuntur.
582 1242 734 1284 profecto,
750 1242 832 1284 quod
848 1242 944 1283 paulo
959 1247 1033 1272 ante
1059 1243 1150 1283 quasi
1175 1242 1368 1273 somniantes
1381 1242 1486 1273 verbis
1508 1243 1686 1284 tetigimus,

208 1297 336 1337 quando
367 1297 481 1336 capitis
505 1297 684 1338 mentisque
708 1297 963 1327 communionem
987 1307 1044 1338 per
1065 1296 1237 1338 imaginem
1266 1296 1427 1338 quandam
1449 1296 1623 1331 attulimus,
1652 1296 1684 1327 id

209 1361 301 1392 paene
325 1351 496 1392 vigilantes
526 1351 736 1392 perficiemus,
760 1350 787 1381 si
812 1350 904 1381 nobis
924 1351 955 1380 hi
978 1351 1034 1382 viri
1061 1351 1219 1392 exquisite
1247 1349 1333 1382 docti
1360 1350 1566 1382 convenerint
1591 1355 1624 1381 et
1649 1351 1684 1382 in

206 1415 280 1437 arce
307 1406 444 1446 regionis
470 1406 694 1441 habitaverint,
720 1406 868 1437 custodes
892 1405 1031 1436 civitatis
1056 1405 1235 1442 constituti,
1258 1406 1369 1446 quales
1391 1415 1554 1446 nunquam
1570 1415 1629 1435 nos
1651 1404 1685 1434 in

210 1461 371 1502 praeterita
385 1461 450 1491 vita
465 1461 506 1491 ad
522 1461 696 1491 custodiam
709 1459 864 1501 agendam
881 1460 975 1490 fuisse
988 1459 1205 1500 cognovimus.
1251 1459 1288 1489 M
1294 1470 1349 1490 so.
1373 1459 1420 1489 Ex
1435 1459 1592 1494 omnibus,
1615 1468 1686 1499 quae

211 1514 358 1551 diximuS,
375 1525 394 1545 ο
409 1515 508 1546 amice
524 1515 641 1550 Clinia,
653 1519 744 1556 patet
759 1520 812 1545 aut
826 1514 1006 1555 hujusmodi
1016 1513 1151 1545 civitatis
1165 1513 1423 1543 constitutionem
1440 1513 1686 1554 praetermitten-

211 1569 286 1599 dam
307 1580 387 1605 esse,
401 1574 455 1599 aut
470 1570 553 1599 hunc
565 1569 720 1610 hospitem
732 1579 793 1599 non
811 1568 1045 1604 dimittendum,
1063 1567 1119 1598 sed
1131 1568 1279 1608 precibus
1293 1568 1460 1608 modisque
1474 1567 1619 1597 omnibus
1634 1577 1684 1598 so-

212 1623 295 1653 cium
316 1623 356 1653 ad
366 1623 597 1664 disponendam
613 1623 772 1654 civitatem
789 1623 1023 1663 accipiendum.
1047 1622 1123 1653 Cu.
1143 1622 1246 1652 Probe
1262 1622 1410 1663 loqueriS,
1424 1631 1443 1651 ο
1459 1621 1605 1662 Megillo.
1623 1631 1683 1662 ego

216 1677 345 1719 quidem
360 1678 404 1709 sic
421 1688 546 1720 prorsus
557 1678 688 1709 efficiam
703 1690 708 1707 :
738 1677 794 1709 sed
811 1683 844 1709 tu
858 1688 983 1719 quoque
999 1687 1093 1719 opem
1107 1677 1199 1708 feras.
1247 1677 1343 1707 Mac.
1367 1675 1478 1707 Feram
1494 1675 1654 1717 equidem.
