1840 3225
209 168 306 218 700]
675 168 748 207 DE
777 167 1009 206 LEGIBUS
1043 167 1142 207 LlB.
1180 169 1249 207 111.
1592 171 1670 207 323

205 280 312 301 versus
340 271 513 303 Messenen
542 272 701 313 gerebant,
718 271 874 312 impediti,
892 271 957 301 sive
984 272 1046 302 alia
1061 272 1196 312 quadam
1224 283 1326 308 causa,
1343 282 1405 303 non
1431 272 1515 302 enim
1542 271 1666 309 scimus,

204 325 350 366 sequenti
375 331 447 367 post
473 336 611 368 pugnam
639 324 890 356 Marathonicaru
917 324 968 355 die
993 326 1175 366 opitulaturi
1204 333 1366 358 venerunt.
1392 331 1462 367 post
1476 327 1542 356 haec
1557 336 1668 366 magna

204 378 238 408 in
253 378 321 410 dies
337 389 446 420 parare
473 380 633 421 multaque
657 379 770 410 minari
796 389 899 410 rerum
915 378 1087 410 dicebatur.
1116 381 1237 411 interea
1268 381 1382 411 Darius
1400 386 1518 411 naturae
1535 381 1666 411 cessisse

203 433 375 469 nuntiatur,
391 443 427 464 ac
444 434 525 464 filius
549 433 628 474 ejus,
643 438 731 464 atrox
751 433 885 475 juveniS,
900 433 1064 474 imperium
1091 436 1260 476 accepisse,
1287 446 1346 465 nec
1368 445 1387 465 a
1403 435 1515 475 coeptis
1528 434 1667 475 paternis

203 486 353 519 desistere
367 488 458 518 velle.
483 487 579 529 [699]
605 487 692 529 cujus
716 492 883 528 apparatus
906 498 1014 518 omnes
1028 488 1061 518 in
1077 499 1110 519 se
1137 489 1275 519 converti
1301 489 1512 519 Athenienses
1537 493 1666 528 propter

201 540 451 573 Marathonicam
468 546 602 582 stragem
623 542 806 572 credebant.
829 553 920 582 porro
944 542 1108 572 audientes
1138 543 1244 573 defodi
1267 542 1386 578 Athon,
1412 542 1559 583 conjungi
1587 541 1668 572 Hel-

200 594 389 636 lespontum,
405 596 513 626 classis
525 596 709 626 immensam
732 596 983 637 magnitudinem
1007 597 1169 632 cumulari,
1187 607 1244 627 nec
1266 597 1344 627 mari
1359 607 1418 626 nec
1433 601 1513 626 terra
1530 596 1665 637 salutem

199 649 260 680 sibi
283 650 348 680 fore
374 651 546 691 putabant:
572 650 745 691 praesertim
770 650 844 691 quia
866 651 899 680 in
920 650 1037 681 nulliuq
1063 651 1211 692 praesidio
1240 650 1452 685 confidebant,
1469 650 1587 691 quippe
1611 651 1665 691 qui

198 703 348 734 memoria
378 709 521 734 tenerent
544 714 649 745 neque
685 710 774 743 tunc,
804 714 874 734 cum
906 704 1006 745 primo
1037 704 1159 734 illorum
1187 705 1328 746 ingressu
1360 703 1443 744 capti
1469 703 1665 733 Eretrienses

199 755 333 796 fuerant,
349 767 534 799 quemquam
550 757 609 788 sibi
631 768 722 798 opem
744 757 822 788 ferre
838 763 870 788 et
885 768 940 798 pro
959 768 1070 788 eorum
1091 759 1191 788 salute
1207 758 1311 788 subire
1330 757 1501 798 periculum
1517 757 1663 786 voluis>e.

197 809 283 841 idem
296 810 391 852 igitur
403 817 479 843 tunc
496 817 575 842 terra
599 812 657 842 sibi
678 817 862 842 eventurum
879 817 1037 852 putarunt.
1060 813 1136 842 mari
1162 823 1234 842 vcro
1250 812 1370 842 nullam
1389 821 1512 852 prorsus
1527 810 1662 840 salutem

195 863 408 902 inveniebant,
423 877 493 897 cutn
513 876 608 897 naves
620 867 692 907 plus
714 876 809 907 quam
826 866 912 896 mille
930 867 1166 897 adveherentur.
1190 877 1282 896 unam
1305 876 1378 896 vero
1391 866 1536 900 salutem,
1551 874 1661 906 quam-

195 917 242 949 vis
269 923 394 951 tenuem
421 920 621 961 dubiamque,
649 920 844 951 solummodo
872 919 1033 951 videbant.
1055 931 1130 950 nam
1153 931 1222 951 cum
1251 920 1455 961 respicerent,
1471 930 1540 960 quae
1568 924 1663 949 antea

195 978 286 1014 gesta
299 974 434 1011 fuerunt,
449 980 481 1005 et
495 976 580 1016 quod
597 974 763 1015 desperata
783 974 885 1004 salute
911 980 1017 1004 tamen
1042 975 1183 1005 vicerunt
1197 987 1203 1003 :
1229 976 1286 1005 hac
1303 985 1358 1015 spe
1373 974 1477 1004 evecti
1493 973 1524 1003 in
1538 983 1569 1003 se
1586 973 1664 1014 ipsis

195 1036 232 1057 ac
248 1026 324 1058 Diis
337 1033 458 1059 tantum
473 1029 663 1059 invenerunt
687 1028 746 1058 sibi
771 1028 922 1070 refugium
946 1029 1022 1059 fore.
1047 1029 1114 1060 haec
1140 1029 1236 1070 igitur
1260 1029 1366 1059 omnia
1387 1038 1442 1058 eos
1455 1027 1565 1069 majori
1582 1027 1663 1057 inter

193 1090 228 1111 se
244 1081 456 1113 benivolentia
471 1083 667 1123 copularunt,
692 1093 842 1123 praesens,
858 1082 995 1123 inquam,
1011 1089 1125 1118 metus,
1143 1089 1176 1113 et
1200 1083 1252 1124 qui
1270 1094 1288 1113 a
1311 1083 1432 1124 legibus
1443 1083 1507 1124 jam
1536 1081 1657 1122 pridem

193 1134 306 1172 inerat,
323 1147 418 1178 quem
433 1137 606 1167 servientes
617 1137 740 1178 legibus
764 1137 900 1167 assecuti
915 1142 998 1167 sunt.
1028 1138 1110 1168 hunc
1134 1148 1220 1179 saepe
1236 1138 1389 1179 pudorem
1405 1138 1437 1167 in
1452 1136 1663 1178 superioribus

194 1190 445 1221 nominavimus:
471 1191 520 1221 cui
546 1191 660 1222 servire
688 1200 795 1221 omnes
821 1196 962 1231 oportere
987 1190 1131 1227 diximus,
1158 1192 1338 1233 quicunque
1366 1191 1437 1221 boni
1456 1191 1551 1221 futuri
1567 1195 1661 1220 sunt:

192 1254 256 1285 quo
277 1245 418 1286 quisquis
437 1244 579 1280 afficitur,
610 1245 685 1275 liber
712 1250 760 1275 est
786 1250 819 1275 et
843 1245 1014 1276 interritus.
1039 1255 1076 1276 ac
1101 1247 1163 1276 nisi
1188 1257 1328 1287 praesens
1348 1246 1401 1276 ille
1425 1251 1529 1275 metus
1544 1245 1659 1285 pudori

191 1298 264 1330 huic
285 1299 417 1341 junctus
436 1299 556 1335 fuisset,
580 1309 739 1341 nunquam
768 1309 806 1329 ex
833 1298 1012 1340 hujusmodi
1042 1301 1247 1330 concursione
1270 1300 1317 1329 illi
1346 1299 1508 1341 provocati
1537 1304 1570 1329 et
1599 1309 1661 1328 una

191 1353 425 1390 convenientes,
452 1353 595 1384 Deorum
617 1354 744 1395 templa,
770 1353 924 1395 majorum
953 1355 1106 1394 sepulcra,
1133 1355 1264 1396 patriam
1292 1354 1394 1395 ipsam
1415 1359 1598 1393 ceterosque
1614 1352 1664 1382 sa-

189 1408 330 1439 miliares
353 1414 446 1450 atque
471 1408 588 1439 amicos
618 1408 846 1444 defendissent,
879 1413 912 1438 ut
937 1409 1049 1439 fecisse
1079 1415 1261 1439 narrantur:
1289 1409 1344 1438 sed
1375 1407 1474 1448 sparsi
1501 1407 1582 1450 alius
1598 1407 1660 1437 alio

190 1461 351 1493 abiissent.
402 1463 499 1493 Mm.
521 1463 634 1499 Probe,
651 1463 777 1504 hospes,
794 1473 831 1494 ac
859 1463 941 1494 sicut
961 1469 992 1494 te
1013 1464 1212 1504 patriamque
1238 1462 1342 1498 decet,
1359 1462 1476 1492 dixisti.
1521 1461 1661 1491 Arm-m.

192 1516 277 1548 Vera
290 1517 357 1548 haec
372 1522 456 1552 sunt,
472 1528 490 1547 o
517 1517 664 1558 Megille.
688 1528 758 1548 nam
786 1528 855 1558 quae
880 1523 956 1548 tunc
983 1523 1071 1559 gesta
1098 1523 1181 1553 sunt,
1199 1527 1236 1548 ea
1250 1528 1306 1558 par
1327 1522 1375 1547 est
1398 1522 1513 1552 tecum,
1529 1516 1583 1557 qui
1600 1526 1656 1556 pa-

189 1576 315 1602 rentum
327 1577 469 1602 naturam
495 1581 611 1607 servaS,
626 1570 752 1602 referre.
780 1571 836 1602 sed
863 1577 895 1602 et
910 1577 944 1602 tu
971 1578 1003 1602 et
1032 1572 1152 1603 Clinias
1167 1577 1286 1603 attente
1311 1571 1520 1606 considerate,
1534 1570 1572 1607 si,
1588 1581 1657 1611 quae

190 1625 229 1656 ad
248 1625 502 1667 legumlationem
526 1626 693 1666 pertinent,
711 1626 853 1657 dicimus.
875 1637 980 1668 neque
995 1626 1080 1657 enim
1095 1626 1317 1657 confabulandi
1337 1626 1435 1667 gratia
1452 1626 1518 1655 haec
1535 1634 1659 1654 enarro.

193 1673 285 1720 cujus
300 1685 403 1711 autern
420 1680 521 1721 gratia
535 1680 595 1711 ista
608 1681 690 1717 dico,
715 1681 862 1722 inspicite
877 1693 883 1710 :
907 1687 942 1712 ut
967 1681 1091 1712 scilicet
1104 1681 1268 1712 videamus
1294 1681 1380 1711 idem
1395 1680 1487 1710 nobis
1501 1690 1536 1709 ac
1552 1677 1659 1708 Persis

192 1733 427 1775 quodammodo
449 1734 612 1772 accidisse,
629 1735 701 1766 dum
726 1736 774 1766 illi
789 1735 913 1777 quidem
929 1735 961 1766 in
979 1747 1105 1766 omnem
1129 1736 1311 1766 servitutem
1339 1735 1465 1776 plebem
1489 1734 1659 1766 traherent.

191 1798 249 1819 nos
263 1793 370 1820 contra
385 1790 417 1820 in
432 1801 546 1821 meram
575 1790 762 1821 libertatem.
793 1790 951 1832 quomodo
977 1801 1051 1821 vero
1068 1795 1101 1820 et
1113 1790 1190 1832 quid
1216 1790 1367 1830 deinceps
1384 1788 1535 1822 dicamus,
1552 1787 1660 1817 habita

187 1841 254 1883 jam
270 1843 363 1874 verba
378 1849 412 1874 et
438 1844 602 1876 commode
627 1844 713 1875 dicta
739 1844 973 1886 quodammodo
1000 1844 1224 1875 demonstrant.
1249 1844 1346 1885 [700]
1371 1843 1468 1873 Mne.
1490 1841 1592 1872 Probe
1615 1841 1662 1871 lo-

192 1897 308 1938 queris.
330 1898 386 1929 sed
401 1909 526 1935 conare,
553 1899 636 1940 quod
655 1900 747 1930 modo
775 1899 914 1935 dicebas,
945 1899 1082 1939 apertius
1108 1899 1224 1940 eloqui.
1270 1898 1412 1928 Aruns.
1436 1896 1571 1927 Faciam.
1594 1905 1658 1926 non

193 1956 270 1987 erat,
321 1953 424 1989 amici,
441 1954 525 1994 apud
541 1963 599 1983 nos
615 1964 651 1983 ex
675 1953 832 1983 veteribus
858 1952 979 1994 legibus
995 1952 1127 1994 alicujus
1150 1953 1194 1982 rei
1217 1951 1308 1993 plebs
1320 1951 1457 1985 domina,
1474 1950 1528 1980 sed
1546 1954 1659 1990 sponte

192 2006 423 2046 quodammodo
444 2007 566 2048 legibus
590 2007 755 2038 serviebat.
801 2007 898 2037 Mrc.
921 2007 1044 2043 Quibus
1069 2007 1215 2048 legibus?
1263 2006 1398 2036 Arnas.
1421 2004 1502 2039 Illis,
1517 2003 1659 2044 inquam,

193 2069 264 2101 quae
279 2059 319 2090 de
335 2061 452 2092 musica
472 2062 581 2102 positae
609 2061 746 2098 fuerunt,
763 2067 797 2092 ut
823 2061 1049 2092 incrementum
1079 2061 1152 2091 vitae
1182 2061 1311 2091 nimium
1342 2059 1447 2089 liberae
1469 2068 1488 2087 a
1502 2057 1659 2098 principio

192 2118 382 2154 repetamus.
411 2114 560 2146 distincta
585 2116 671 2146 enim
695 2116 786 2147 nobis
799 2121 874 2147 tunc
890 2126 947 2157 per
969 2116 1098 2157 species
1118 2121 1149 2146 et
1170 2115 1284 2156 figuras
1303 2119 1370 2144 erat
1384 2112 1513 2142 musica.
1536 2111 1658 2156 fuitque

192 2177 256 2199 una
279 2169 403 2210 species
426 2174 536 2200 cantus
565 2170 605 2200 ad
633 2169 720 2201 Deos
745 2171 892 2211 precibus
923 2169 1108 2212 placandOS
1139 2180 1217 2211 quos
1244 2169 1378 2209 hymnos
1399 2165 1563 2197 vocabant.
1585 2164 1659 2196 huic

193 2222 292 2253 altera
305 2228 416 2254 cantus
441 2224 592 2255 continua
615 2225 746 2266 species.
776 2225 924 2266 querulos
949 2225 1008 2255 hos
1023 2231 1133 2255 cantus
1160 2223 1232 2265 quis
1247 2222 1379 2252 maxime
1397 2220 1582 2261 appellaret.
1598 2219 1661 2249 alia

193 2276 316 2316 species
336 2277 448 2309 Paeon.
472 2278 535 2309 alia
561 2278 713 2321 Dionysii
741 2279 912 2320 generatio,
930 2289 1022 2320 quam
1046 2278 1290 2321 Dytbirambum
1305 2275 1434 2306 arbitror
1455 2274 1658 2315 appellatam.

194 2335 261 2360 erat
274 2335 306 2360 et
320 2331 384 2362 alia
397 2336 508 2363 cantus
519 2333 652 2373 species,
671 2343 762 2374 quam
779 2334 868 2375 leges
879 2333 1097 2364 citharoedicas
1112 2332 1328 2364 nominabant.
1342 2329 1391 2360 his
1407 2329 1511 2370 itaque
1528 2327 1659 2368 aliisque

193 2382 379 2424 quibusdam
393 2385 464 2426 lege
487 2387 621 2423 statutis,
645 2398 708 2418 non
730 2387 846 2419 licebat
868 2389 932 2418 alio
954 2398 1067 2428 genere
1091 2394 1201 2418 cantus
1226 2396 1283 2427 pro
1298 2385 1361 2415 alio
1378 2383 1473 2418 abuti,
1491 2381 1662 2412 auctoritas

197 2442 304 2468 autem
319 2440 532 2480 cognoscendi
555 2441 621 2472 haec
640 2441 873 2484 judicandique
900 2447 932 2472 et
960 2442 1141 2477 damnandi,
1156 2442 1183 2471 si
1208 2440 1278 2482 quis
1305 2443 1412 2469 contra
1437 2437 1575 2471 fecisset.
1601 2445 1660 2466 nec

194 2492 286 2522 sibilo
302 2503 361 2523 nec
378 2493 495 2535 ineptis
519 2493 705 2526 clamoribus
732 2496 955 2532 multitudinis,
971 2503 1005 2527 ut
1032 2496 1137 2531 modo,
1153 2494 1363 2525 tribuebatur:
1389 2502 1447 2521 nec
1474 2500 1577 2520 rursus
1594 2489 1659 2519 lau-

195 2545 291 2576 dandi
307 2546 437 2577 licentia
458 2547 860 2592 plaudenti-strepentique
887 2551 996 2592 turbae,
1013 2550 1069 2580 sed
1093 2548 1313 2591 praestantibus
1340 2546 1371 2575 in
1387 2544 1529 2576 doctrina
1543 2544 1615 2574 viris
1628 2543 1660 2573 id

195 2605 262 2630 erat
287 2610 496 2632 concessum:
522 2602 715 2644 dabaturque
745 2603 824 2645 ipsis
849 2604 890 2634 ad
919 2604 1013 2636 finem
1042 2613 1141 2644 usque
1169 2611 1283 2642 magno
1310 2611 1380 2631 cum
1398 2598 1522 2630 silentio
1539 2597 1662 2628 audire.

195 2653 410 2686 adolescentes
425 2661 540 2693 autem,
557 2656 723 2698 paedagogi
739 2663 771 2688 et
793 2658 884 2700 plebs
908 2659 1052 2689 universa
1067 2656 1270 2698 castigatione
1286 2654 1379 2696 virgae
1395 2652 1663 2684 ammonebantur.

196 2707 263 2738 haec
279 2718 350 2739 cum
375 2709 421 2739 ita
444 2709 553 2740 ordine
582 2711 701 2747 fierent,
717 2712 887 2744 multitudo
913 2713 1029 2743 civium
1055 2712 1187 2742 libenter
1212 2709 1350 2751 parebat,
1377 2717 1435 2738 nec
1460 2706 1596 2737 audebat
1611 2710 1660 2735 tu-

197 2761 349 2799 multuose
365 2762 530 2804 quicquam
539 2763 694 2806 judicare.
718 2771 855 2807 tempore
881 2766 997 2796 deinde
1024 2764 1214 2807 procedente
1241 2763 1402 2805 principes
1417 2760 1543 2802 quidem
1561 2765 1661 2789 trans

198 2814 364 2853 gressionis
386 2825 405 2846 a
421 2817 538 2848 musica
555 2818 666 2849 atienae
682 2821 786 2859 poetae
812 2820 872 2861 ipsi
897 2820 1018 2851 fuerunt
1035 2831 1041 2848 z
1067 2819 1118 2861 qui
1148 2824 1259 2849 natura
1283 2817 1411 2858 quidem
1427 2813 1546 2856 poetici
1563 2818 1660 2844 erant.

197 2867 264 2904 sed
279 2868 352 2910 quid
366 2869 487 2910 justum
502 2876 596 2914 atque
615 2872 790 2914 legitimum
806 2873 838 2904 in
863 2884 961 2911 musa,
979 2885 1041 2905 non
1071 2873 1146 2904 satis
1162 2860 1379 2912 intelligebant
1432 2867 1664 2898 debacchantes
