1840 3225
228 208 306 246 352
709 228 714 231 -
810 205 1071 247 PLATONIS
1583 210 1681 262 [762

225 311 266 342 ab
289 311 362 342 altis
384 311 538 342 montibus
561 321 653 342 cavas
673 311 707 342 in
730 312 830 343 valles
851 312 1005 344 fluentes:
1033 313 1085 344 ubi
1107 312 1208 343 foveis
1223 311 1457 354 parietibusque
1472 317 1616 354 stagnare
1629 323 1683 344 eas

225 370 349 407 cogant,
367 371 402 396 ut
415 365 479 397 illic
495 366 593 396 alveis
605 366 761 407 pluviales
774 377 862 408 aquae
877 367 1064 404 combibitae,
1078 366 1272 398 inferioribus
1287 367 1364 398 locis
1383 366 1525 408 agrisque
1539 366 1684 398 omnibus

223 421 378 451 scatebras
399 420 563 461 fontesque
586 430 737 462 aquarum
758 421 906 458 efficiant,
922 421 1051 462 locaque
1076 421 1136 452 isto
1152 420 1245 452 modo
1260 421 1428 452 siccissima
1441 422 1568 452 humore
1584 421 1686 452 multo

221 474 399 515 salubrique
421 474 560 516 irrigent.
581 475 683 506 sontes
706 480 812 506 autem
834 480 867 506 et
888 476 999 506 fluvios
1015 476 1174 506 arboribus
1189 475 1511 516 aedificationibusque
1522 479 1685 506 exornent.

221 528 310 558 lucos
332 529 407 569 quin
431 529 524 559 etiarn
544 529 616 570 jugi
631 529 822 570 irrigatione,
838 535 870 560 et
886 529 1047 560 dedicatos
1061 529 1134 560 Diis
1149 540 1237 571 agros
1253 529 1343 570 aquis
1357 529 1504 560 immissis
1518 528 1684 571 pinguefa-

221 592 291 612 cere
308 587 427 619 curent,
441 588 475 613 et
487 584 619 614 metallis
633 584 793 614 humorem
808 583 1024 624 scatebrasque
1041 583 1230 615 adhibeant:
1256 590 1348 625 atque
1371 584 1417 614 ita
1436 589 1468 614 et
1493 582 1688 614 abundantia

221 636 325 667 omnia
340 643 372 667 et
388 638 504 678 templa
521 637 656 668 Deorum
670 639 806 668 reddant
819 638 983 668 ornatiora.
999 637 1114 678 ubique
1130 647 1234 668 autem
1249 639 1279 668 in
1293 639 1359 669 istis
1374 637 1690 680 gymnasiajuvenes‚

221 695 283 720 tarn
307 691 366 721 sibi
390 692 551 722 commoda
566 702 656 732 quam
670 692 807 728 senibus,
822 697 1009 733 praeparent,
1026 691 1136 722 calidis
1148 692 1462 724 balneis-constitutis
1475 705 1483 723 :
1509 698 1542 723 et
1556 692 1684 733 copiose

219 744 310 775 siccis
344 746 495 786 appositis
526 746 630 786 lignis,
662 751 697 776 ut
719 752 751 777 et
771 747 943 777 remedium
968 746 1188 786 aegrotantibus
1211 754 1244 777 et
1264 747 1402 777 lenimen
1426 747 1531 777 labore
1555 746 1688 778 defessis

219 798 373 830 benevole
396 800 554 830 afferatur.
577 811 647 841 quae
664 810 737 831 sane
760 801 878 831 curatio
902 801 997 841 longe
1021 800 1130 831 melior
1152 806 1210 836 est,
1235 811 1328 842 quam
1343 800 1457 832 medici
1470 811 1580 842 parum
1595 800 1691 841 periti

218 854 354 884 medela.
378 855 444 885 haec
459 854 565 884 omnia
579 860 745 895 ceteraque
761 854 937 895 hujusmodi
954 854 1004 884 his
1017 854 1094 884 locis
1105 860 1287 884 ornamento
1298 855 1489 896 utilitatique
1501 859 1584 891 sunt,
1597 859 1686 895 grato

217 908 351 949 quodam
375 919 446 940 curn
470 908 556 938 ludo.
579 908 758 939 summatim
780 913 883 939 autem
907 909 989 939 circa
1011 909 1078 938 haec
1103 907 1238 938 studium
1253 907 1437 950 hujusmodi
1454 908 1506 939 sit.
1522 909 1685 950 sexaginta

215 962 274 992 viri
289 962 404 1003 singuli
419 962 608 1004 adscriptum
624 962 685 993 sibi
698 963 799 993 locum
816 962 1005 998 custodiant,
1028 973 1091 993 non
1116 963 1253 992 hostium
1268 972 1363 993 causa
1376 962 1488 998 solum,
1504 962 1560 993 sed
1576 972 1684 994 eorum

216 1015 313 1046 etiam
336 1017 389 1058 qui
411 1027 446 1047 se
469 1017 584 1047 amicos
607 1016 725 1048 dicunt.
749 1022 782 1047 et
794 1017 821 1048 si
835 1017 905 1058 quis
926 1017 1008 1047 inter
1022 1017 1139 1048 vicinos
1155 1026 1191 1047 ac
1208 1017 1304 1053 cives,
1318 1027 1375 1048 seu
1391 1027 1498 1047 servus
1512 1017 1578 1048 sive
1594 1016 1684 1053 liber,

214 1070 310 1101 alicui
325 1070 472 1111 injuriam
484 1071 607 1108 inferat,
618 1071 765 1112 judicent
779 1072 813 1102 in
828 1072 932 1113 parvis
946 1071 1075 1113 quidem
1090 1071 1150 1113 ipsi
1166 1071 1305 1112 quinque
1316 1071 1476 1113 principes
1491 1082 1498 1100 :
1526 1070 1561 1101 in
1583 1070 1684 1112 majo·

213 1124 297 1155 ribus
321 1132 426 1155 autem
441 1125 550 1156 decern
567 1131 599 1156 et
614 1130 736 1167 septem
754 1126 809 1157 viri
820 1136 884 1156 una
896 1137 968 1158 cum
983 1125 1161 1162 duodecim,
1176 1136 1275 1167 usque
1291 1127 1329 1156 ad
1343 1126 1442 1156 minas
1461 1133 1535 1162 tres,
1551 1124 1592 1156 de
1607 1135 1684 1166 quo·

213 1189 338 1220 cunque
362 1179 440 1210 alter
466 1181 506 1211 de
533 1181 630 1211 altero
645 1181 856 1222 conqueritur.
878 1191 972 1212 nemo
985 1186 1090 1211 autem
1100 1181 1198 1222 judex
1214 1181 1451 1222 magistratusve
1465 1180 1516 1216 sit,
1532 1179 1587 1221 qui
1600 1180 1682 1221 gesti

213 1233 308 1264 officii
335 1233 384 1264 sui
398 1234 552 1266 rationem
565 1245 630 1265 non
645 1235 773 1266 referat:
793 1240 906 1276 praeter
920 1246 986 1272 eos,
1002 1235 1056 1277 qui
1069 1246 1176 1277 regum
1188 1235 1286 1266 instar
1295 1235 1388 1265 finem
1398 1235 1490 1266 rebus
1500 1234 1681 1276 imponunt.

212 1293 306 1329 atque
323 1293 356 1319 et
369 1299 510 1330 agrorum
525 1295 692 1328 curatores,
709 1290 734 1320 si
750 1290 824 1331 quid
838 1290 986 1320 adversus
1001 1300 1065 1326 eos,
1083 1300 1211 1331 quorum
1227 1289 1344 1320 habent
1359 1299 1477 1326 curam,
1494 1288 1683 1320 contumeli-

211 1352 265 1373 ose
281 1348 401 1383 gerant,
427 1343 524 1386 [762]
549 1343 745 1385 inaequaliter
759 1354 853 1375 onera
869 1344 1050 1384 inferentes,
1067 1350 1120 1375 aut
1134 1345 1165 1375 vi
1183 1345 1301 1386 aliquid
1313 1344 1352 1374 ab
1365 1343 1508 1385 agricolis
1521 1343 1680 1384 accipien-

212 1401 271 1433 tes,
286 1397 351 1427 sive
373 1398 566 1428 adulatorum
580 1398 807 1439 largitionibuS,
825 1398 937 1439 quibus
948 1399 1104 1440 judicium
1120 1404 1339 1440 corrumpatur,
1357 1397 1535 1429 muneribus
1550 1396 1678 1438 quidem

211 1451 505 1493 adulationibusque
528 1452 626 1493 capti,
649 1453 813 1494 opprobrio
836 1463 892 1494 per
913 1453 1092 1483 universam
1106 1454 1214 1484 urbem
1229 1453 1422 1484 afficiantur:
1447 1452 1478 1482 in
1495 1452 1563 1482 aliis
1578 1456 1683 1482 autem

210 1504 333 1546 injuriis
346 1516 445 1547 usque
461 1507 502 1537 ad
519 1507 630 1537 minam
645 1513 758 1548 sponte
776 1517 831 1538 sua
845 1507 957 1538 vicinis
972 1507 1153 1549 colonisque
1164 1508 1240 1538 dent
1251 1507 1409 1538 mulctam.
1433 1507 1516 1548 quod
1529 1506 1555 1537 si
1567 1506 1682 1537 nolunt

210 1559 245 1590 in
267 1559 435 1601 majoribus
456 1560 506 1592 vel
532 1561 702 1592 minoribus
718 1562 851 1603 injuriis,
867 1561 952 1604 quod
967 1561 1094 1598 debent,
1109 1563 1299 1603 persolvere,
1316 1562 1389 1603 quia
1403 1565 1541 1603 sperent,
1554 1570 1624 1592 curn
1641 1560 1682 1591 de

210 1614 280 1645 loco
303 1614 344 1645 ad
366 1615 467 1646 locum
491 1626 548 1656 per
570 1615 709 1658 singulos
730 1627 854 1648 menses
876 1622 1047 1652 transeant,
1065 1617 1219 1659 judicium
1242 1627 1278 1647 ac
1301 1625 1424 1657 poenam
1452 1613 1613 1656 effugere:
1645 1613 1680 1644 in

210 1669 371 1700 communi
393 1669 514 1710 judicio
534 1675 736 1702 accusentur:
762 1677 805 1707 et,
829 1671 882 1713 qui
896 1671 1105 1707 damnabitur,
1131 1670 1263 1711 duplum
1277 1670 1391 1701 reddat
1403 1669 1446 1707 ei,
1461 1680 1552 1711 quern
1565 1667 1682 1710 injuria

210 1724 375 1765 oppressit.
398 1724 507 1755 vivant
522 1730 630 1756 autem
642 1731 705 1756 tarn
722 1726 882 1767 principes
896 1736 989 1767 quatu
1006 1726 1103 1756 ceteri
1118 1731 1278 1756 curatores
1290 1735 1433 1767 agrorum
1446 1723 1606 1755 biennium
1623 1724 1683 1754 hoc

210 1783 315 1819 pacto.
340 1776 498 1810 'Primum
522 1780 647 1821 quidem
671 1780 813 1811 omnibus
835 1779 1013 1811 communia
1036 1779 1166 1821 singulis
1187 1779 1221 1810 in
1242 1779 1320 1810 locis
1335 1779 1510 1810 habeantur
1526 1778 1682 1810 convivia,

211 1833 449 1875 quibuscunque
475 1835 620 1871 defuerit,
636 1836 731 1866 etiam
748 1835 773 1866 si
789 1845 850 1865 uno
867 1834 917 1864 die
934 1840 988 1865 aut
1003 1845 1066 1865 una
1079 1841 1172 1865 nocte
1187 1834 1360 1870 excubarit,
1373 1844 1443 1864 curn
1460 1843 1518 1864 nec
1533 1833 1682 1874 princepe

210 1884 255 1916 ita
268 1887 458 1919 ordinaverit
473 1899 576 1930 neque
588 1889 760 1920 necessitas
778 1890 840 1919 ulla
856 1889 993 1931 coegerit
1008 1901 1015 1919 :
1041 1889 1066 1919 si
1089 1889 1228 1930 quinque
1250 1887 1309 1919 viri
1331 1898 1403 1919 eum
1417 1888 1579 1923 damnent,
1604 1886 1682 1918 scri-

211 1941 350 1983 bantque
380 1943 414 1973 in
438 1943 505 1974 foro
527 1944 700 1975 deseruisse
731 1944 916 1980 custodiam,
956 1943 1078 1985 magnis
1100 1943 1252 1974 afficiatur
1273 1942 1458 1984 opprobriiS,
1481 1946 1591 1983 utpote
1614 1941 1682 1982 qui,

212 2001 366 2036 quantum
380 1997 412 2027 in
426 2008 460 2027 se
476 2003 535 2034 est,
550 1999 777 2040 rempublicam
792 1997 949 2040 prodidit:
974 2004 1007 2029 et
1021 2008 1040 2028 a
1055 2008 1243 2040 quocunque
1260 1997 1382 2028 obviam
1398 1996 1482 2028 facto
1498 1995 1680 2036 volenn'que

210 2050 333 2081 caedere
356 2051 484 2092 impune
506 2053 654 2084 caedatur.
678 2063 787 2083 ornnes
810 2058 914 2084 autem
935 2053 1099 2094 sexaginta
1113 2053 1172 2083 viri
1184 2053 1360 2088 observent,
1377 2061 1418 2082 ne
1433 2050 1474 2082 de
1486 2049 1681 2091 principibus

211 2104 326 2145 aliquis
356 2105 523 2147 quicquam
558 2107 620 2137 tale
644 2108 839 2138 committat:
865 2113 896 2139 et
918 2107 973 2148 qui
996 2108 1094 2138 sensit
1115 2106 1312 2148 audivitque,
1334 2105 1362 2136 si
1383 2115 1448 2136 nou
1471 2104 1678 2140 accusaverit,

211 2158 354 2189 similiter
382 2160 557 2202 eademque
587 2161 657 2202 lege
686 2172 753 2192 reus
778 2162 829 2197 sit,
859 2172 921 2202 qua
944 2161 998 2202 qui
1023 2161 1176 2202 peccavit,
1199 2166 1232 2191 et
1247 2159 1356 2191 acriori
1380 2158 1534 2200 juvenum
1549 2166 1683 2188 censura

212 2213 342 2254 punitus
355 2214 389 2244 in
403 2214 545 2244 omnibus
554 2214 706 2256 juvenum
721 2215 952 2255 magistratibus
967 2220 1194 2246 contemnatur.
1218 2220 1311 2255 atque
1332 2214 1399 2244 haec
1422 2210 1548 2253 quidem
1574 2210 1681 2242 omnia

212 2267 359 2298 custodes
374 2268 479 2309 legum
495 2268 663 2310 diligenter
676 2269 873 2310 praevideant
887 2281 894 2298 :
919 2269 1020 2310 primo
1042 2268 1180 2310 quidem,
1204 2278 1244 2298 ne
1269 2268 1346 2298 fiant
1363 2279 1370 2297 :
1395 2265 1524 2302 deinde,
1537 2269 1572 2296 ut
1586 2264 1681 2301 facta,

212 2327 306 2363 prout
324 2321 378 2363 jus
401 2323 552 2364 postulat,
578 2323 758 2365 puniantur.
780 2323 955 2354 existimare
971 2324 1010 2353 de
1024 2323 1169 2354 omnibus
1184 2322 1360 2353 horninibus
1375 2321 1410 2352 id
1423 2320 1556 2362 quisque
1569 2319 1678 2357 debet,

215 2376 311 2417 quod,
336 2377 390 2419 qui
414 2388 576 2419 nunquam
603 2377 742 2414 servivit,
769 2377 796 2408 is
825 2377 919 2408 laude
949 2377 1062 2419 dignus
1091 2388 1160 2408 esse
1188 2377 1335 2407 domiuus
1358 2385 1520 2417 nunquam
1549 2373 1681 2416 poterit.

214 2429 349 2472 ideoque
372 2431 495 2473 gloriari
523 2442 679 2474 quemque
705 2437 828 2474 oportet
849 2432 960 2473 magis,
983 2432 1067 2473 quod
1095 2433 1175 2462 bene
1200 2430 1370 2466 serviverit,
1393 2440 1485 2472 quam
1501 2428 1584 2472 quod
1598 2428 1682 2458 bene

213 2483 307 2516 fuerit
331 2486 530 2517 dominatus:
552 2487 688 2528 primum
713 2486 841 2529 quidem
866 2487 1010 2529 legibus:
1035 2486 1147 2528 quibus
1168 2486 1219 2528 qui
1234 2485 1340 2521 servit,
1354 2484 1429 2515 Diis
1443 2483 1550 2518 servit.
1563 2481 1681 2514 deinde

215 2538 398 2576 senioribus,
425 2541 480 2583 qui
503 2542 631 2573 honeste
654 2542 812 2573 vixerunt.
834 2547 991 2583 postremo
1017 2545 1117 2572 totum
1134 2541 1191 2572 hoc
1204 2539 1367 2571 biennium
1377 2538 1524 2570 custodes
1537 2545 1681 2577 agrorum

215 2592 424 2626 humillimum
449 2596 724 2638 tenuissimumque
747 2596 863 2627 victum
886 2602 992 2636 agant.
1025 2595 1131 2636 itaque
1167 2594 1335 2626 duodecim
1359 2592 1416 2623 viri
1438 2601 1511 2623 curn
1538 2590 1680 2633 quinque

217 2648 397 2688 congregati
412 2649 491 2680 inter
504 2660 536 2681 se
551 2651 742 2688 consultent,
767 2651 863 2693 [763]
887 2649 974 2691 quasi
990 2649 1066 2680 alios
1079 2658 1181 2680 servos
1196 2658 1261 2679 non
1275 2646 1421 2678 habituri.
1443 2655 1517 2676 nam
1531 2643 1680 2686 agricolis

217 2699 345 2742 quidem
361 2703 540 2745 colonisque
554 2714 618 2736 non
634 2705 667 2736 in
681 2705 806 2747 proprio
819 2704 998 2741 ministerio,
1014 2703 1071 2735 sed
1086 2704 1118 2734 in
1132 2702 1260 2744 publico
1274 2702 1374 2733 solum
1391 2704 1527 2731 utantur.
1550 2698 1582 2729 in
1593 2701 1680 2729 cete-

217 2755 259 2785 ris
273 2755 318 2786 sic
333 2756 482 2797 cogitent,
498 2763 534 2789 ut
547 2759 714 2791 servientes
729 2759 787 2791 sibi
803 2759 880 2801 ipsis
893 2759 1004 2790 victuri
1019 2770 1027 2789 ε
1053 2763 1160 2790 aestate
1175 2761 1431 2800 praetereantque
1441 2755 1545 2786 hieme
1556 2763 1679 2794 semper

217 2810 330 2840 armati
342 2811 499 2852 regionem
524 2823 647 2845 omnem
671 2814 851 2845 lustraturi:
874 2819 911 2845 ut
936 2813 1116 2845 custodiant
1141 2811 1334 2854 diligentius,
1369 2810 1444 2841 dum
1474 2809 1543 2840 loca
1572 2807 1680 2840 omnia

218 2863 374 2895 noverint.
395 2866 483 2897 nulla
504 2867 622 2909 quippe
642 2868 819 2910 cognitione
841 2869 943 2900 minor
956 2869 1023 2899 lraec
1039 2877 1107 2898 esse
1122 2867 1255 2902 videtur,
1271 2875 1333 2907 qua
1348 2863 1503 2906 exquisite
1520 2862 1560 2894 ab
1572 2861 1677 2894 omni-

221 2915 278 2948 bus
290 2918 373 2960 regio
385 2919 526 2952 universa
540 2922 746 2964 cognoscitur.
769 2929 863 2965 atque
878 2922 970 2965 hujus
983 2922 1081 2965 gratia
1095 2932 1157 2954 nou
1181 2920 1286 2955 minus
1300 2929 1393 2964 quam
1409 2916 1578 2959 voluptatis
1594 2914 1681 2948 utiti-
