1840 3225
549 607 606 655 M
628 608 674 657 E
696 606 745 655 N
765 605 811 656 E
827 605 877 654 X
899 606 942 655 E
962 606 1012 655 N
1031 607 1081 655 U
1100 607 1150 655 S.

571 801 815 843 SOCRATES,
840 802 1134 835 MENEXENUS.

115 989 212 1031 [234]
238 989 266 1020 E
283 999 372 1020 rouo
388 987 488 1030 venis,
505 987 706 1019 Menexene?
731 998 771 1018 an
787 988 894 1019 unde?
923 988 1021 1019 ΜΕΝ.
1046 988 1072 1018 Ε
1086 988 1165 1025 forn,
1184 1000 1202 1019 o
1219 990 1373 1032 Socrates,
1385 997 1416 1023 et
1432 1003 1449 1023 a
1466 999 1586 1025 senatu.

116 1044 173 1075 So.
196 1044 283 1081 Quid
300 1050 332 1074 tu
349 1044 387 1074 ad
401 1048 542 1074 senatum
556 1042 566 1072 ἒ
613 1041 664 1072 An
682 1041 759 1073 forte
772 1043 844 1083 quia
860 1042 1035 1084 disciplinae
1050 1043 1319 1086 philosophiaeque
1331 1046 1424 1077 finem
1438 1047 1586 1088 adeptum

112 1097 178 1138 jam
195 1103 227 1128 et
241 1098 314 1128 satis
328 1097 495 1139 profecisse
511 1101 542 1126 te
558 1101 662 1138 putas,
679 1096 796 1137 majora
813 1097 941 1137 posthac
958 1097 1084 1137 aggredi
1097 1098 1201 1128 studes
1216 1109 1224 1137 ;
1249 1100 1403 1141 nobisque
1417 1101 1589 1132 senioribus

115 1152 184 1193 ipse
199 1152 278 1182 adeo
290 1151 400 1193 junior
414 1151 564 1192 imperare
580 1162 586 1179 z
615 1156 648 1180 ut
663 1149 780 1180 familia
797 1156 897 1181 vestra
914 1161 1046 1191 semper,
1064 1151 1144 1182 sicut
1161 1152 1251 1183 solita
1266 1158 1325 1194 est,
1342 1154 1477 1196 aliquem
1499 1156 1587 1186 nobis

117 1206 262 1237 exhibeat
277 1205 509 1237 consultorem?
555 1205 654 1236 ΜΕΝ.
678 1203 712 1234 Si
738 1204 807 1245 ipse
833 1204 996 1245 permittis),
1011 1216 1028 1235 o
1052 1205 1206 1242 Socrates,
1231 1208 1443 1249 consulisqne,
1460 1220 1585 1251 operam

118 1261 222 1292 dabo:
248 1260 296 1290 sin
318 1265 437 1296 contra,
454 1269 665 1300 nequaquam.
711 1258 807 1289 Nunc
834 1269 906 1289 vero
931 1259 1043 1290 iccirco
1068 1260 1107 1289 ad
1133 1260 1294 1291 consilium
1323 1262 1481 1303 profectus
1505 1275 1586 1304 sum,

116 1314 264 1355 quoniam
281 1314 457 1344 audiveram
473 1313 653 1354 eligendum
668 1323 734 1343 esse
751 1312 899 1353 aliquem,
924 1312 977 1354 qui
994 1313 1139 1344 laudibus
1153 1314 1317 1345 defunctos
1334 1322 1431 1347 ornet.
1456 1327 1539 1354 narn,
1558 1324 1591 1348 ut

116 1367 190 1408 scis,
204 1367 331 1398 inferias
347 1367 458 1398 facturi
475 1372 558 1398 sunt.
604 1368 661 1400 So.
683 1366 805 1397 Audivi
818 1367 976 1408 equidem.
1000 1367 1055 1397 sed
1073 1377 1166 1408 quem
1185 1368 1378 1409 potissimum
1403 1370 1587 1412 elegerunt?

116 1422 215 1454 ΜΕΝ.
240 1422 371 1453 Nullum
387 1434 394 1452 ε
420 1432 492 1453 nam
508 1422 540 1452 in
557 1421 725 1453 crastinum
752 1421 954 1453 distulerunt.
980 1421 1109 1452 arbitror
1132 1428 1235 1453 autem
1251 1422 1425 1454 Archinum
1442 1425 1490 1455 vel
1507 1425 1589 1456 Dio·

117 1487 188 1507 nem
203 1476 338 1508 electum
354 1476 403 1508 iri.
450 1477 507 1508 So.
531 1476 680 1517 Videtur,
697 1476 888 1512 Menexene,
905 1476 989 1517 apud
1014 1476 1163 1517 plurimas
1187 1483 1295 1519 gentes
1316 1478 1496 1519 praeclarum
1522 1490 1588 1511 esse

115 1531 149 1561 in
161 1531 244 1561 bello
256 1531 452 1562 occumbere.
468 1531 582 1562 etenim
599 1530 653 1572 qui
671 1530 714 1562 sic
730 1542 746 1561 e
760 1530 820 1561 vita
832 1530 953 1571 migrat,
963 1530 1071 1561 funere
1083 1536 1115 1561 et
1126 1532 1269 1572 sepulcro
1282 1532 1589 1572 magnificentissimo

117 1585 296 1616 honoratur.
321 1590 353 1615 et
367 1585 430 1616 sive
447 1595 568 1626 pauper
583 1585 653 1626 quis
678 1583 722 1615 ita
748 1585 894 1621 decedat,
911 1584 1092 1615 laudatione
1118 1595 1180 1615 non
1199 1590 1305 1624 caret;
1329 1586 1393 1616 sive
1410 1587 1505 1618 etiam
1520 1587 1588 1618 vilis

115 1639 270 1680 quispiam
287 1646 319 1670 et
334 1640 477 1680 ignavus,
491 1650 592 1670 rursus
608 1649 625 1669 a
641 1639 834 1680 sapientibus
850 1638 921 1669 viris
939 1639 1096 1669 extollitur
1112 1651 1118 1668 :
1145 1639 1199 1680 qui
1216 1650 1279 1670 non
1291 1639 1401 1670 frustra
1414 1651 1449 1672 ac
1461 1646 1588 1680 temere,

117 1694 171 1724 scd
189 1699 306 1725 mature
321 1694 496 1734 composita
513 1699 544 1724 et
559 1693 703 1725 consulta
718 1694 858 1724 oratione
876 1699 938 1724 tam
955 1692 1077 1734 egregie
1094 1693 1235 1730 laudant,
1258 1699 1294 1724 ut
1309 1694 1383 1724 dum
1401 1700 1433 1725 et
1447 1705 1517 1736 quae
1533 1696 1589 1726 ad-

116 1752 189 1778 sunt
203 1753 236 1779 et
249 1759 320 1789 quae
335 1758 398 1778 non
415 1749 542 1789 adsunt,
568 1748 664 1789 [235]
688 1748 727 1778 de
744 1747 850 1788 aliquo
867 1747 1052 1789 praedicant,
1071 1748 1231 1778 verborum
1256 1748 1413 1789 elegantia
1438 1749 1588 1779 auditori-

117 1801 175 1832 bus
200 1802 332 1839 animos,
348 1802 438 1843 quasi
462 1803 628 1844 praestigiis
652 1802 849 1833 veneficiisve
875 1802 1072 1843 quibusdam,
1089 1802 1255 1843 surripiant
1281 1808 1374 1843 atquc
1402 1804 1589 1834 subducant.

118 1855 285 1887 Civitatem
302 1867 428 1898 quoque
450 1856 588 1893 interim,
604 1862 639 1887 ut
665 1856 764 1898 lubet,
781 1861 943 1892 exornant,
960 1860 991 1886 et
1015 1866 1068 1886 eos
1091 1855 1146 1896 qui
1171 1855 1202 1885 in
1231 1855 1322 1886 armis
1349 1857 1588 1895 cccubuerunt3

116 1909 332 1952 majorumque
347 1916 490 1942 retexunt
507 1916 680 1941 nostrorum
697 1910 848 1951 originem
866 1923 872 1940 :
899 1920 956 1940 nos
973 1920 1099 1951 quoque
1115 1910 1201 1950 ipsos
1218 1911 1320 1941 adhuc
1338 1910 1474 1941 viventes
1488 1912 1588 1941 extol-

117 1964 198 1996 lunt.
243 1964 444 2006 Quapropter
458 1976 516 2006 ego
532 1966 674 2006 quidem,
689 1965 882 2000 Menexene,
899 1965 937 1995 ab
955 1964 1014 1994 illis
1031 1963 1143 2004 clatus,
1158 1974 1305 2004 generose
1322 1965 1490 1994 admodum
1506 1965 1588 1996 aflici

117 2018 225 2050 soleo:
251 2029 385 2060 cumque
401 2018 462 2050 illis
479 2019 591 2061 passim
607 2029 695 2050 aures
712 2020 848 2060 praebeo,
875 2018 1002 2049 mirifica
1026 2018 1179 2048 suavitate
1206 2018 1395 2054 demulceor,
1420 2018 1588 2061 statimque

119 2083 168 2103 me
185 2072 343 2114 majorem,
361 2074 599 2114 generosiorem,
618 2073 823 2114 pulchriorem
849 2083 943 2114 quam
967 2078 1059 2103 antea
1084 2077 1206 2113 reputo.
1231 2083 1266 2103 ac
1284 2083 1498 2113 saepenumero
1515 2074 1587 2103 hos-

117 2127 197 2167 pites
213 2127 311 2168 aliqui
327 2138 447 2158 mecum
463 2128 529 2159 haec
545 2127 691 2164 audiunt,
707 2138 830 2168 egoque
842 2138 915 2168 erga
927 2127 997 2157 illos
1010 2138 1026 2157 e
1040 2127 1170 2167 vestigio
1185 2126 1380 2167 praestantior
1393 2137 1484 2167 quam
1498 2132 1590 2157 antea

116 2181 242 2213 reddor.
266 2191 381 2223 nempe
397 2187 428 2212 et
444 2181 504 2212 illis
521 2182 615 2219 idem,
633 2183 717 2223 quod
735 2183 823 2218 mihi,
839 2183 963 2213 videtur
978 2182 1135 2218 accidere,
1152 2187 1213 2212 tam
1239 2191 1311 2222 erga
1335 2192 1382 2211 me
1408 2192 1501 2223 quam
1519 2182 1590 2213 reli·

118 2245 213 2276 quam
230 2235 401 2267 civitatem,
419 2246 490 2266 naru
506 2237 545 2266 ab
561 2241 681 2266 oratore
697 2235 848 2276 persuasi,
867 2234 1082 2266 mirabiliorem
1097 2245 1189 2276 quam
1207 2235 1292 2275 prius
1308 2234 1466 2266 civitatem
1483 2236 1588 2266 existi-

119 2295 215 2321 mant.
263 2289 370 2332 Atque
387 2290 520 2331 gloriosa
536 2291 604 2320 haec
619 2295 766 2325 venustas
783 2290 857 2320 mihi
875 2290 1009 2320 triduum
1038 2290 1116 2320 ultra
1141 2294 1313 2330 permanet.
1337 2289 1416 2320 adeo
1432 2290 1589 2320 concinna

119 2345 218 2375 oratio
236 2354 413 2385 canoraque
429 2355 486 2375 vox
502 2345 631 2375 oratoris
646 2355 698 2375 ore
713 2345 884 2375 demanans
902 2345 1028 2375 auribus
1044 2344 1119 2375 meis
1134 2343 1322 2380 infunditur,
1340 2348 1374 2373 ut
1391 2343 1440 2373 vix
1458 2344 1585 2374 tandem

117 2403 227 2438 quarta
245 2404 316 2439 post
329 2398 380 2430 die
398 2399 444 2429 vel
460 2399 570 2440 quinta
585 2398 647 2429 mei
662 2398 759 2440 ipsius
775 2398 963 2434 reminiscar,
980 2402 1011 2428 et
1027 2398 1152 2428 ubinam
1169 2396 1308 2438 gentium
1326 2397 1394 2433 sim,
1411 2407 1590 2437 agnoscam.

120 2460 158 2482 ac
174 2457 247 2483 tunc
265 2453 389 2483 demum
405 2463 455 2483 me
471 2453 566 2484 fuisse
582 2453 749 2494 deceptum
765 2453 992 2489 animadverto,
1007 2463 1078 2483 cum
1098 2462 1145 2482 me
1161 2456 1232 2482 ante
1251 2450 1420 2491 putaverim
1438 2451 1467 2480 in
1484 2451 1590 2481 beato-

118 2516 185 2536 rum
212 2505 321 2536 insulis
347 2507 550 2540 constitutum
567 2519 573 2536 :
601 2517 699 2547 usque
722 2507 802 2537 adeo
826 2507 962 2537 rhetores
987 2506 1072 2547 apud
1099 2515 1156 2536 nos
1183 2505 1336 2546 ingeniosi
1363 2509 1446 2536 sunt.
1492 2505 1590 2536 Mus.

118 2559 248 2601 Semper
274 2560 420 2591 adversus
443 2561 578 2592 rhetores
596 2561 724 2601 jocaris,
741 2572 759 2592 ο
783 2560 938 2592 Socrates,
985 2559 1080 2590 Nunc
1107 2564 1212 2590 autem
1240 2558 1391 2599 suspicor,
1408 2569 1446 2588 ne
1472 2558 1516 2588 illi
1535 2559 1590 2599 qui

118 2613 262 2654 eligetur,
278 2613 360 2645 desit
376 2614 503 2646 dicendi
530 2614 672 2646 facultas.
698 2614 800 2646 subita
825 2625 961 2657 namque
985 2614 1099 2655 obtigit
1121 2613 1222 2655 optio.
1246 2613 1446 2653 quamobrem
1463 2619 1592 2654 cogetur

118 2667 211 2704 forte,
226 2666 367 2710 quisquis
391 2668 530 2700 dicturus
556 2669 625 2706 erit,
640 2680 678 2701 ex
705 2670 870 2711 improviso
896 2668 1130 2711 quodammodo
1147 2669 1239 2698 verba
1262 2667 1374 2699 facere.
1419 2667 1473 2698 So.
1498 2666 1590 2698 Nun-

118 2722 207 2762 quid,
223 2722 306 2754 bone
323 2722 379 2762 vir,
395 2723 524 2764 singulis
539 2723 667 2754 istorum
684 2729 757 2754 sunt
772 2724 928 2755 orationes
945 2722 1151 2764 compositae?
1175 2722 1252 2762 quin
1269 2731 1371 2762 neque
1387 2722 1515 2751 arduum
1534 2726 1592 2756 est,

120 2776 160 2806 de
186 2776 234 2807 his
257 2777 347 2808 rebus
372 2777 491 2818 absque
516 2778 720 2809 meditatione
749 2778 867 2810 dicere.
911 2779 946 2809 Si
970 2778 1053 2808 enirn
1082 2782 1240 2818 oporteret
1255 2775 1301 2806 vel
1320 2775 1350 2805 in
1369 2775 1589 2815 Peloponneso

122 2828 345 2868 Athenienses,
361 2831 408 2862 vel
426 2831 715 2872 Peloponnesiacos
731 2831 867 2864 Athenis
881 2843 979 2869 orare,
997 2831 1134 2863 facundo
1160 2836 1234 2860 tunc
1259 2835 1378 2860 oratore
1403 2839 1482 2869 opus
1498 2832 1590 2863 esset,

123 2883 177 2923 qui
191 2889 223 2914 et
238 2884 436 2925 persuaderet
452 2891 483 2916 et
499 2887 688 2927 probaretur.
710 2888 838 2928 quando
855 2893 958 2918 autem
982 2886 1065 2927 apud
1085 2885 1210 2915 eosdem
1234 2894 1265 2914 se
1280 2883 1350 2924 quis
1364 2886 1496 2917 exercet,
1513 2891 1591 2921 quos

124 2941 154 2966 et
171 2937 289 2971 laudat.
308 2939 398 2970 {attile
415 2940 482 2980 ejus
498 2941 590 2973 verba
616 2942 792 2973 laudantur.
840 2942 937 2973 Mrav
964 2941 1109 2972 Facilene
1136 2940 1219 2970 istud
1243 2937 1409 2973 existima«,
1427 2936 1566 2965 Socrates
1582 2934 1592 2962 ?
