1840 3225
161 206 258 256 374]
595 203 664 240 DE
697 201 1001 241 REPUBLICA
1034 202 1130 241 LlB.
1166 201 1215 240 11.
1547 204 1619 241 109

161 308 218 340 buu
233 308 440 350 imponentes,
457 308 489 338 ln
516 307 667 347 lectisque
693 316 730 336 ex
758 305 860 335 herbis
886 304 989 340 sactis,
1005 304 1114 336 milace
1142 310 1236 346 atque
1260 310 1373 346 myrto,
1389 305 1620 336 discumbentes

125 394 131 399 ,
157 363 412 394 comcssabuntur
428 362 486 403 ipsi
500 366 650 400 eteorum
668 359 734 395 filii,
751 358 814 389 vini
831 358 945 399 pocula
961 365 1128 399 sumentes,
1142 360 1281 389 coronati
1297 365 1329 389 et
1341 359 1429 390 Deos
1446 359 1622 396 laudantes,

156 415 299 456 jucunde
315 415 405 447 simul
422 416 525 447 vivent
541 427 547 445 :
574 425 631 445 nec
649 414 726 444 ultra
741 423 868 444 censum
885 413 964 442 tilios
980 413 1184 454 generabunt,
1200 419 1346 444 caventes
1361 419 1393 444 et
1409 419 1622 454 paupertatem

160 476 193 501 et
209 470 335 502 bellum.
381 470 494 502 GLAu.
517 469 590 500 Sine
607 467 752 504 obsonio,
767 472 803 497 ut
829 467 962 503 videtur,
978 466 1125 497 convivas
1150 467 1264 497 fecisti.
1308 467 1363 498 So.
1390 466 1506 498 Verum
1533 468 1623 498 dicis.

161 524 276 555 oblitus
290 524 373 556 enim
386 525 445 555 hoc
460 533 554 559 eram,
570 523 654 564 quod
671 521 798 563 quidem
813 520 946 552 habituri
956 525 1066 551 .cssent
1081 521 1260 561 obsonium,
1274 520 1317 550 sal
1335 521 1481 552 videlicet
1492 527 1525 552 et
1539 522 1624 552 oleas

151 577 192 608 ‘et
207 563 330 609 caseum
345 583 378 609 et
393 587 513 619 porrum
529 587 538 608 z
566 581 715 618 praeterea
731 576 814 606 olera
833 574 921 616 quasi
937 584 1078 615 agrorum
1106 574 1268 615 pulmenta
1293 575 1475 615 suscipient.
1497 581 1530 605 et
1557 575 1622 605 bel-

162 631 236 662 laria
251 631 325 673 ipsis
339 632 491 662 addemus
507 631 634 668 ficuum,
649 630 783 662 cicerum
800 635 833 659 et
847 629 987 659 fabarum
1003 640 1010 659 :
1037 634 1069 658 et
1086 629 1196 659 baccas
1213 629 1318 669 myrti,
1334 634 1365 659 et
1389 629 1510 670 saginas
1535 630 1625 670 glau-

161 686 217 716 des
232 685 337 727 prunis
364 687 537 722 terrebunt,
554 685 694 716 modeste
719 684 884 715 bibentes:
911 683 1018 724 sicque
1046 683 1154 724 quiete
1179 688 1211 713 et
1233 682 1395 713 salubriter
1419 683 1558 714 viventes
1583 683 1622 713 ad

159 744 352 771 senectutem
367 750 466 781 usque
482 739 574 771 aliam
590 739 745 781 ejusmodi
763 738 856 769 vitam
886 739 1016 779 posteris
1042 738 1106 768 suis
1131 737 1320 779 relinquent.
1365 737 1479 769 GLAu.
1502 738 1533 767 Si
1560 739 1624 768 sui-

159 793 228 829 bus,
243 804 261 824 ο
277 794 432 833 Socrates,
446 794 603 825 civitatem
619 793 816 829 instituisses,
831 803 976 834 quaenaru
994 792 1054 822 alia
1070 792 1146 833 ipsis
1158 792 1274 823 cibaria
1290 792 1521 834 praeparasses?
1567 792 1623 823 So.

159 847 245 884 Quid
273 858 347 888 ergo
373 848 543 889 agendum,
569 859 588 879 o
617 847 763 879 Glauco?
811 847 925 878 Grau.
949 847 1044 884 Quod
1072 846 1160 878 multi
1189 846 1301 883 solent,
1318 856 1412 888 super
1437 846 1533 877 thoris
1557 847 1623 877 dis-

157 901 381 937 cumbendum,
404 901 464 932 nisi
490 902 598 933 misere
628 902 756 932 velimus
782 901 897 937 vivere,
921 901 1085 942 epulisque
1110 911 1148 932 ex
1177 911 1281 931 mensa
1307 901 1507 939 vescendum,
1532 902 1625 932 obso-

157 954 280 996 niisque
300 960 333 985 et
359 954 504 991 bellariis,
520 956 632 996 quibus
660 956 706 986 his
733 955 924 997 temporibus
952 960 1091 985 utuntur.
1136 955 1192 986 So.
1215 954 1297 996 Age,
1312 955 1454 987 Glauco:
1480 956 1622 998 intelligo

157 1008 240 1039 enim
255 1019 312 1039 nos
328 1009 359 1039 in
375 1010 539 1051 praesentia
561 1009 755 1040 considerare
781 1019 843 1039 non
869 1009 1028 1050 quomodo
1055 1009 1166 1039 civitas
1190 1010 1354 1040 commode
1381 1010 1446 1051 fiat,
1461 1011 1515 1041 sed
1541 1021 1622 1052 quo-

158 1064 252 1094 modo
269 1063 418 1095 deliciosa
434 1064 554 1095 civitas.
576 1064 655 1094 forte
680 1063 773 1105 igitur
799 1074 862 1093 non
888 1063 969 1093 male
996 1073 1028 1093 se
1054 1063 1192 1094 habebit.
1238 1063 1330 1094 Hanc
1354 1063 1438 1094 enim
1466 1064 1623 1096 intuentes

156 1117 284 1148 forsitan
312 1118 594 1158 deprehendemus,
620 1118 748 1148 ubinam
778 1117 903 1158 justitia
935 1122 968 1147 ct
1004 1116 1158 1157 injustitia
1194 1116 1373 1148 civitatibus
1412 1119 1622 1150 innascantur.

156 1181 229 1202 vera
255 1172 360 1212 utique
388 1172 462 1202 mihi
488 1172 598 1203 civitas
622 1182 689 1203 esse
715 1172 848 1208 videtur,
875 1181 967 1212 quam
994 1171 1139 1207 diximus,
1170 1176 1317 1212 tanquam
1348 1181 1433 1203 sana.
1465 1183 1568 1203 verum
1596 1175 1622 1204 si

159 1225 264 1262 vultis,
279 1225 435 1256 civitatem
452 1236 577 1267 quoque
595 1226 748 1267 turgidam
763 1225 995 1256 consideremus
1011 1236 1018 1255 :
1045 1225 1120 1254 nihil
1137 1225 1220 1255 enim
1248 1225 1401 1266 prohibet.
1447 1226 1526 1258 Haec
1551 1238 1621 1268 pro-

157 1279 303 1316 fecto,ut
325 1279 458 1315 videtur,
484 1279 582 1322 [373]
607 1280 794 1320 quibusdem
811 1289 1009 1320 nequaquam
1034 1278 1210 1317 sufficient3
1235 1284 1329 1321 atque
1356 1280 1406 1311 hic
1434 1280 1531 1312 victus
1558 1292 1621 1312 non

158 1332 317 1374 placebit:
342 1333 395 1364 sed
411 1339 443 1364 et
465 1334 545 1364 thori
567 1334 722 1364 addentur
748 1339 780 1364 et
806 1343 920 1364 mensae
950 1338 982 1364 et
1009 1332 1062 1363 alii
1088 1337 1256 1374 apparatus
1283 1338 1315 1363 et
1339 1344 1411 1364 vasa
1435 1339 1467 1365 et
1492 1336 1621 1368 obsonia

157 1393 391 1429 unguentaque,
407 1392 439 1418 et
468 1387 696 1428 vaporationes‚
721 1393 834 1424 scorta,
859 1392 1008 1423 aromata,
1033 1387 1235 1418 condimenta
1259 1387 1564 1430 oblectamentaque,
1591 1395 1622 1421 et

157 1442 225 1472 liaec
253 1441 359 1472 onmia
382 1441 520 1483 profuse.
543 1452 645 1483 neque
673 1441 771 1472 solum
803 1452 852 1478 ea,
880 1452 950 1483 quse
977 1451 1072 1483 supra
1099 1441 1270 1480 retulimus,
1300 1445 1472 1474 necessaria
1503 1455 1623 1486 ponen-

157 1495 200 1525 da
223 1501 307 1532 sunt,
331 1496 456 1537 domus,
482 1501 582 1526 vestes
607 1502 639 1526 et
661 1495 780 1527 calcei:
807 1496 861 1526 sed
886 1495 1034 1526 addenda
1060 1505 1162 1526 rursus
1192 1495 1312 1536 pictura
1337 1502 1370 1527 et
1395 1498 1551 1529 varietatis
1575 1510 1622 1529 ar.

157 1547 266 1585 tificia,
282 1559 389 1579 aurum
413 1554 447 1580 et
474 1549 550 1580 ebur
579 1555 745 1592 ceteraque
776 1549 917 1590 ejusdem
945 1548 1066 1590 generis
1092 1549 1206 1579 omnia.
1228 1551 1358 1581 nonne?
1404 1551 1520 1582 (ἴων.
1543 1552 1621 1583 Om-

155 1602 242 1634 nino.
286 1603 341 1635 So.
365 1603 481 1635 Nonne
497 1604 591 1644 igitur
607 1604 753 1645 majorem
768 1603 924 1634 civitatem
941 1608 1065 1644 oportet
1080 1603 1250 1634 constitui?
1273 1603 1326 1634 illa
1350 1605 1432 1635 enim
1458 1616 1532 1636 sana
1555 1617 1619 1636 non

158 1657 292 1698 amplius
306 1657 462 1688 sufficiens
476 1664 534 1694 est,
552 1659 605 1689 sed
632 1658 713 1688 mole
739 1658 873 1699 quadam
900 1663 933 1688 et
959 1657 1160 1688 multitudine
1186 1658 1335 1699 replenda
1363 1664 1409 1689 est
1435 1669 1552 1696 eorum,
1569 1661 1622 1702 qui

158 1720 222 1741 non
235 1711 367 1752 atriplius
379 1712 573 1743 necessitatis
589 1723 682 1744 causa
697 1713 728 1742 iu
745 1711 925 1743 civitatibus
942 1719 1034 1742 sunt:
1064 1712 1171 1753 quales
1188 1716 1260 1742 sunt
1277 1718 1440 1743 venatores
1462 1724 1568 1745 omnes
1591 1720 1623 1745 et

160 1765 245 1795 mimi
261 1765 492 1807 imitatoresque.
510 1767 618 1807 partim
635 1767 716 1798 circa
732 1766 844 1808 figuras
860 1771 955 1808 atque
971 1767 1101 1802 colores,
1117 1765 1226 1808 partim
1243 1766 1325 1798 circa
1341 1768 1500 1805 musicam,
1517 1765 1621 1810 poetae

156 1819 275 1850 scilicet
289 1830 458 1862 eorumque
471 1821 613 1857 ministri,
628 1821 775 1863 rhapsodi
791 1821 1032 1862 recitatoresque
1048 1822 1230 1860 carminum,
1244 1826 1377 1862 actores,
1392 1829 1544 1858 cantores,
1560 1823 1620 1853 sal-

155 1879 282 1910 ratores,
298 1874 441 1914 operarii,
465 1880 497 1905 et
513 1881 717 1916 apparatuum
735 1875 1070 1916 instrumentorumque
1086 1875 1235 1905 variorum
1250 1875 1393 1912 artifices,
1412 1880 1475 1906 tum
1492 1876 1620 1908 aliarum

156 1937 267 1969 rerum,
292 1933 357 1958 tum
373 1939 476 1960 earum
496 1939 567 1970 quae
583 1929 623 1959 ad
642 1929 821 1960 muliebrem
838 1934 979 1959 ornatum
998 1928 1167 1970 pertinenti
1189 1929 1264 1970 quin
1281 1929 1373 1959 etiam
1390 1929 1536 1961 ministris
1551 1931 1620 1972 plu-

155 1982 240 2012 ribus
263 1982 481 2023 indigebimus.
503 1993 543 2013 an
560 1994 624 2013 non
640 1993 718 2023 opus
735 1993 802 2014 esse
819 1983 875 2013 tibi
892 1983 1016 2013 videtur
1031 1982 1223 2024 paedagogis,
1247 1983 1431 2020 nutricibus,
1447 1984 1623 2016 educatori-

156 2035 226 2072 bus,
242 2035 418 2066 tonsoribus
439 2037 610 2078 ceterisque
627 2037 758 2068 ornandi
775 2037 943 2067 ministris?
969 2037 1016 2067 liis
1034 2042 1192 2078 praeterca,
1214 2038 1268 2078 qui
1292 2037 1422 2068 obsonia
1437 2042 1469 2068 et
1485 2038 1620 2069 culinam

156 2089 290 2131 parent?
315 2095 463 2132 praeterea
478 2096 510 2121 et
523 2091 660 2122 subulcis
674 2092 844 2133 egebimus.
869 2092 935 2121 haec
951 2091 1033 2122 enim
1048 2091 1137 2122 nobis
1149 2091 1179 2122 iu
1195 2091 1289 2133 priori
1301 2092 1426 2123 civitate
1438 2102 1501 2123 non
1514 2099 1620 2123 crant:

156 2153 219 2174 non
235 2144 317 2174 enim
335 2150 400 2175 crat
415 2155 506 2185 opus.
529 2145 560 2174 in
577 2146 634 2176 hac
658 2150 762 2189 autem
785 2151 817 2176 et
833 2146 891 2177 hac
916 2150 948 2176 et
973 2145 1041 2176 aliis
1057 2145 1135 2176 escis
1151 2145 1364 2187 compluribus
1388 2157 1425 2176 ex
1440 2146 1619 2177 animalium

155 2198 300 2229 carnibus
316 2198 524 2240 indigebimus
539 2199 730 2241 corporibus.
753 2210 792 2230 au
808 2210 871 2230 non
887 2200 898 2230 ?
944 2199 1061 2232 va.
1086 2199 1204 2236 Quidni
1218 2199 1229 2229 ‚²
1276 2199 1331 2231 So.
1356 2199 1410 2230 An
1427 2211 1490 2230 non
1506 2207 1539 2231 et
1555 2210 1618 2231 me·

154 2252 233 2284 dicis
248 2252 457 2294 indigebimus
473 2253 570 2284 multo
586 2254 683 2295 magis
709 2255 752 2285 ita
778 2255 928 2291 viventes,
956 2264 1049 2295 quam
1077 2259 1112 2283 ut
1138 2258 1229 2284 antea
1255 2254 1458 2287 dicebamus?
1504 2254 1620 2286 GLAU-

157 2305 262 2338 Valde
277 2306 415 2348 quidem.
460 2307 516 2338 So.
540 2308 639 2349 Atqui
665 2314 698 2339 et
723 2309 820 2349 regio,
845 2318 915 2350 quae
943 2314 1018 2339 tunc
1042 2318 1095 2338 eos
1122 2307 1264 2339 homines
1291 2307 1478 2339 sufficienter
1500 2308 1617 2349 alebat,

155 2369 248 2400 parva
262 2361 330 2392 erit.
363 2372 401 2391 an
427 2363 586 2403 quomodo
611 2363 767 2394 dicimus?
813 2362 928 2394 Gmu.
953 2362 1021 2402 Est,
1047 2367 1082 2392 ut
1105 2362 1193 2393 dicis.
1239 2362 1294 2393 So.
1319 2361 1435 2392 Nonne
1460 2362 1554 2404 igitur
1579 2364 1620 2394 dc

155 2413 355 2445 finitimorum
380 2416 506 2456 regione
521 2416 610 2447 nobis
625 2416 744 2458 aliquid
762 2416 992 2458 usurpabimus,
1015 2421 1050 2446 ut
1065 2416 1138 2446 satis
1154 2416 1218 2457 agri
1245 2416 1415 2446 habeamus
1430 2416 1468 2446 ad
1487 2426 1620 2457 pascen-

155 2467 228 2497 dum
246 2472 338 2508 atque
353 2469 501 2499 arandum
517 2481 523 2499 :
548 2475 581 2500 et
595 2470 719 2501 finitimi
733 2480 860 2512 quoque
875 2470 916 2500 de
932 2476 1048 2508 nostra,
1062 2469 1086 2500 si
1101 2474 1133 2500 et
1147 2469 1192 2500 illi
1207 2470 1246 2500 ad
1263 2470 1421 2500 cumulum
1437 2469 1614 2501 divitiarum

153 2532 185 2552 se
200 2522 362 2553 conserent
383 2523 550 2561 infinitum,
577 2525 770 2556 necessitatis
793 2525 940 2556 terminos
955 2524 1166 2555 excedentes?
1213 2523 1329 2555 Gmu.
1356 2523 1464 2564 Longe
1490 2534 1618 2555 necesse

152 2576 223 2613 erit,
237 2587 257 2607 o
272 2577 423 2610 Socrates.
469 2578 524 2609 So.
549 2578 762 2620 Pugnabimus
778 2590 850 2621 ergo
865 2580 876 2610 ?
900 2579 949 2610 vel
966 2579 1041 2620 quid
1053 2588 1180 2619 agemus
1194 2577 1205 2608 ἓ
1251 2577 1366 2608 ΟιΛυ.
1392 2576 1617 2618 pugnabimus-

154 2629 210 2661 So.
234 2630 341 2672 Atque
358 2632 497 2663 nondum
510 2632 654 2670 dicimus,
665 2634 741 2675 quid
755 2639 811 2664 aut
825 2633 896 2664 mali
913 2638 967 2664 aut
981 2632 1054 2663 boni
1072 2632 1187 2663 bellum
1202 2632 1311 2663 all'crat
1326 2642 1333 2661 ε
1358 2631 1411 2662 sed
1429 2632 1488 2662 hoc
1504 2631 1617 2670 solum,

152 2684 237 2725 quod
252 2685 402 2726 originem
418 2686 566 2717 bellorum
584 2687 775 2719 invenimus:
801 2688 973 2729 exquibus,
988 2698 1059 2719 cum
1075 2685 1236 2722 eveniunt,
1248 2691 1280 2717 ct
1291 2685 1416 2727 publice
1427 2690 1459 2716 et
1474 2685 1617 2727 privatim

155 2747 274 2779 magnae
301 2741 405 2770 urbem
432 2741 623 2772 calamitates
647 2741 812 2773 invadunt.
855 2741 970 2773 Grau.
995 2742 1046 2772 Sic
1073 2750 1195 2782 prorsus
1218 2740 1346 2772 accidit.
1391 2740 1447 2770 So.
1470 2739 1569 2780 Igitur
1584 2743 1617 2769 ct

156 2792 272 2833 majore
286 2793 412 2825 civitate
427 2805 507 2836 opus
522 2795 624 2826 estad
639 2796 805 2827 exercitum
830 2796 996 2827 maximum
1021 2795 1276 2836 comparandum,
1302 2793 1401 2836 [374]
1425 2793 1479 2836 qui
1503 2793 1543 2823 ob
1564 2802 1615 2832 ea,

156 2856 226 2887 quoe
240 2847 325 2878 dicta
350 2853 432 2885 sunt,
456 2848 682 2880 incurrentibus
707 2850 847 2881 hostibus
864 2850 972 2881 obvius
997 2848 1046 2880 sit.
1092 2848 1207 2880 Gmu.
1231 2845 1347 2879 Nonne
1372 2848 1422 2878 isti
1445 2846 1613 2880 sufficiunt,

156 2909 234 2940 quos
253 2901 463 2934 narravimus?
509 2904 563 2935 So.
587 2902 683 2935 Non:
710 2903 735 2936 si
751 2909 783 2936 tu
799 2910 893 2947 atque
910 2915 966 2936 nos
985 2913 1092 2935 omnes·
1109 2908 1192 2935 recte
1217 2902 1374 2944 superiora
1394 2899 1615 2934 concessimus,
