1840 3225
209 274 288 311 400
804 265 1066 307 PLA'roms
1570 270 1667 322 [866

209 377 328 413 fecerit,
355 375 480 406 omnino
508 379 540 405 ut
568 382 663 404 manu
695 372 823 414 propria
852 372 1033 404 interfector
1063 371 1276 403 existimetur:
1303 377 1397 413 atque
1421 373 1476 408 ita,
1500 378 1534 403 ut
1555 372 1669 410 dicam,

208 432 374 473 plectatur.
395 430 422 461 si
443 429 582 460 alienum
604 438 726 459 servum
759 427 951 458 interemerit
984 437 1135 468 suumque
1166 426 1330 467 putaverit,
1361 426 1490 457 domino
1518 426 1668 457 damnum

206 486 351 517 restituat
372 486 422 515 vel
445 485 577 525 duplum
599 483 690 524 pretii
711 481 834 513 reddat.
857 482 965 523 quanti
988 492 1058 512 vero
1089 480 1182 522 pretii
1211 481 1305 512 fuerit
1326 490 1445 517 servus,
1468 490 1486 511 a
1504 480 1668 522 judicibus

205 545 368 571 statuatur.
390 537 626 580 purgationibus
657 547 731 568 vero
755 536 896 578 pluribus
923 535 1152 577 majoribusque
1182 540 1295 570 utatur,
1321 545 1415 576 quarn
1439 535 1492 576 qui
1516 535 1668 566 certando

207 594 344 636 aliquem
366 593 601 624 interfecerunt.
624 601 753 633 quarum
782 591 890 621 idonei
916 591 980 621 sint
1003 591 1191 631 interpretes
1217 590 1261 625 hi,
1286 600 1364 631 quos
1380 589 1444 620 Dei
1458 588 1674 630 comprobavit

205 649 377 681 oraculum.
401 648 450 678 sin
465 657 537 678 vero
550 657 668 677 servum
685 656 787 682 suum,
799 650 951 687 purgatus
965 645 1136 676 secundum
1150 643 1253 685 legem
1268 644 1307 674 sit
1322 643 1492 675 absolutus.
1507 649 1539 673 at
1556 643 1583 674 si
1596 643 1672 674 libe-

207 713 276 734 rum
289 703 357 744 quis
372 712 437 732 non
452 706 564 743 sponte
580 700 736 732 hominem
753 700 957 736 interfecerit,
977 699 1090 730 iisdem
1107 698 1341 740 purgationibus
1356 702 1470 734 utatur,
1487 697 1600 739 quibus
1615 697 1671 738 qui

207 767 328 788 servum
352 755 509 798 peremit:
533 761 567 786 et
589 755 722 796 priscum
745 753 930 796 mysterium
952 763 1016 784 non
1038 758 1230 784 contemnat.
1252 752 1349 783 fertur
1372 752 1458 782 enim
1473 751 1671 782 interfectum

205 811 238 841 vi
263 810 431 847 hominem,
455 809 507 851 qui
535 809 633 840 libere
657 808 746 845 vixit,
773 808 963 839 interfectori
986 808 1127 848 proximo
1146 806 1251 838 statim
1274 812 1346 847 post
1371 811 1502 837 mortem
1531 811 1673 847 tempore

205 864 309 900 irasci,
326 875 362 895 ac
388 869 516 906 propter
543 863 715 893 violentam
742 867 869 893 mortem
901 867 1017 892 terrore
1047 861 1288 901 turbationeque
1313 861 1455 901 plenum,
1481 860 1616 891 maxime
1644 861 1671 891 si

207 919 320 949 viderit
348 918 579 948 interfectorem
604 916 686 947 inter
710 926 783 947 suos
804 926 889 946 more
915 916 1008 946 solito
1031 915 1148 951 virere,
1175 915 1403 945 interfectorem
1418 915 1522 955 ipsum
1538 914 1672 956 ejusque

207 973 359 1009 actiones,
386 971 447 1002 vim
475 971 516 1002 ad
531 972 591 1001 hoc
607 970 828 1011 suppeditante
843 970 1006 1005 memoria,
1029 968 1151 1000 cunctis
1165 968 1282 998 viribus
1298 974 1412 999 terrere
1429 973 1524 1009 atque
1541 968 1673 999 turbare.

206 1038 302 1069 quare
326 1036 405 1068 opus
427 1031 488 1062 est,
512 1030 548 1056 ut
570 1024 729 1056 homicida
753 1023 911 1054 interfecti
933 1023 1068 1054 hominis
1082 1023 1180 1064 gratia
1198 1032 1281 1052 anno
1297 1022 1419 1063 integro
1435 1021 1522 1052 exsul
1539 1031 1558 1052 a
1572 1022 1674 1062 patria

207 1081 354 1122 omnique
377 1090 416 1111 ea
438 1079 563 1120 regione
580 1078 684 1120 procul
703 1079 798 1108 vitam
818 1077 925 1108 ducat.
947 1077 994 1108 sin
1010 1087 1094 1113 vero,
1110 1076 1165 1118 qui
1180 1076 1313 1110 interiit.
1332 1076 1512 1117 peregrinus
1533 1075 1639 1112 fuerit,
1655 1087 1674 1106 a

206 1135 308 1177 patria
337 1145 462 1176 quoque
487 1133 644 1175 peregrini
672 1144 776 1164 annuo
803 1138 942 1173 tempore
970 1131 1129 1162 homicida
1152 1131 1299 1173 pellatur.
1324 1130 1422 1173 [866]
1453 1130 1527 1161 huic
1556 1130 1620 1172 legi
1647 1131 1673 1162 si

205 1189 444 1231 obtemperavit,
473 1199 585 1230 genere
622 1187 781 1229 proximus
805 1186 1004 1228 interempto,
1035 1186 1103 1227 qui,
1132 1191 1234 1216 utrum
1264 1185 1413 1227 paruerit,
1441 1184 1596 1223 attendet,
1625 1185 1673 1216 illi

205 1243 328 1274 veniam
345 1248 483 1284 praestet,
501 1243 554 1284 qui
571 1242 664 1273 etiam
678 1252 756 1283 pace
782 1241 843 1282 ipsi
858 1241 1077 1272 reconciliatus
1098 1248 1131 1271 et
1154 1250 1260 1282 aequus
1282 1239 1410 1270 omuino
1434 1239 1503 1270 erit.
1526 1239 1574 1270 sin
1598 1249 1672 1270 vero

205 1308 270 1328 non
299 1296 483 1333 obediverit,
507 1297 574 1333 sed,
601 1307 672 1327 cum
700 1295 883 1326 immundus
909 1295 958 1331 sit,
980 1295 1100 1336 templa
1130 1294 1272 1325 Deorum
1299 1298 1407 1336 petere
1431 1293 1673 1335 sacrificareque

205 1351 334 1389 audeat,
379 1352 431 1382 vel
472 1356 589 1382 statuto
622 1356 764 1392 tempore
790 1349 936 1381 universo
959 1359 1024 1380 non
1055 1348 1304 1390 peregrinabitur
1322 1360 1329 1378 :
1365 1358 1479 1390 genere
1513 1348 1673 1390 proximus

205 1406 394 1447 interempto
410 1406 441 1436 id
451 1405 612 1447 judicibus
627 1405 759 1444 deferat,
776 1415 908 1446 eumque
924 1405 964 1435 de
980 1403 1066 1435 caede
1083 1408 1221 1439 accuset,
1237 1408 1271 1433 et
1287 1402 1384 1444 dupla
1395 1403 1502 1434 omnia
1516 1408 1617 1434 sumat
1632 1403 1672 1434 ab

205 1471 244 1491 eo
261 1460 425 1502 supplicia.
453 1461 538 1501 quod
556 1460 579 1490 si
595 1459 752 1501 proximus
777 1460 833 1490 ille
863 1459 1054 1500 neglexerit:
1080 1458 1170 1499 quasi
1200 1457 1316 1488 scelere
1341 1457 1373 1487 in
1398 1457 1503 1498 ipsum
1518 1456 1670 1494 revoluto,

204 1513 274 1555 ipso
287 1515 438 1546 videlicet
452 1515 641 1555 interempto
656 1513 832 1555 passionem
844 1514 876 1544 in
890 1514 979 1544 illum
993 1517 1207 1548 convertente,
1224 1522 1240 1542 a
1253 1511 1391 1553 quolibet
1403 1511 1530 1542 volente
1545 1521 1672 1542 accuse-

203 1571 254 1599 tur
268 1573 300 1600 et
315 1569 452 1610 quinque
469 1579 567 1600 annos
581 1568 682 1610 patria
695 1579 799 1600 carere
813 1573 951 1610 cogatur.
974 1568 1000 1598 si
1023 1567 1204 1609 peregrinus
1217 1576 1282 1597 non
1298 1571 1411 1608 sponte
1426 1566 1622 1607 peregrinum
1637 1565 1671 1596 in

204 1622 333 1654 civitate
361 1623 522 1659 occiderit,
552 1623 663 1653 eadem
689 1623 759 1664 lege
787 1633 806 1654 a
831 1623 957 1653 volente
987 1631 1173 1664 quocunque
1203 1621 1235 1650 id
1264 1620 1426 1662 judicibus
1456 1619 1614 1650 deferatur
1640 1624 1672 1650 et

204 1677 347 1708 similiter
358 1677 526 1719 judicetur.
550 1677 598 1707 sin
613 1687 686 1707 vero
700 1677 805 1707 incola
825 1677 858 1707 id
874 1677 995 1713 fecerit,
1010 1686 1092 1707 anno
1108 1675 1231 1706 exsulet
1246 1684 1319 1705 uno.
1342 1674 1424 1715 quod
1439 1674 1466 1704 si
1490 1673 1673 1715 peregrinus

205 1731 334 1762 omnino
357 1731 566 1772 peregrinum,
591 1730 655 1762 sive
680 1731 814 1762 incolam
837 1732 903 1762 sive
925 1731 1038 1771 civem,
1060 1729 1230 1765 necaverit,
1256 1728 1338 1760 ultra
1363 1727 1581 1770 purgationem
1605 1733 1673 1759 tota

204 1784 298 1815 etiam
315 1795 332 1815 a
347 1785 487 1826 regione,
503 1785 536 1815 in
565 1795 627 1826 qua
642 1785 726 1826 leges
741 1785 923 1826 hujusmodi
937 1786 1146 1821 dominantur,
1163 1794 1219 1824 per
1233 1793 1359 1814 omnem
1374 1782 1493 1813 exsulet
1503 1782 1612 1812 vitam.
1634 1792 1672 1814 ac

204 1839 231 1869 si
254 1837 361 1870 contr'a
375 1840 460 1881 leges
474 1839 612 1875 redierit,
628 1844 725 1870 morte
742 1850 760 1870 a
775 1840 880 1881 legum
895 1839 1077 1871 custodibus
1092 1838 1241 1880 puniatur
1259 1848 1266 1869 :
1292 1842 1324 1868 et
1338 1837 1436 1878 bona,
1451 1836 1478 1867 si
1493 1847 1555 1878 qua
1571 1837 1673 1878 possi-

204 1892 289 1929 deat,
314 1894 453 1935 proximo
478 1893 634 1925 interfecti
658 1894 830 1926 tradantur.
854 1895 938 1936 quod
961 1894 986 1924 si
1008 1903 1070 1924 non
1086 1897 1197 1935 sponte
1211 1892 1364 1934 quispiam
1379 1891 1413 1921 in
1427 1901 1495 1922 earn
1509 1891 1669 1932 regionem

204 1947 329 1979 delatus
344 1947 446 1984 fuerit,
459 1948 656 1989 tempestatis
671 1947 796 1989 quidem
813 1948 841 1978 vi
855 1953 888 1978 et
905 1948 999 1978 fluctu
1015 1947 1109 1978 maris
1119 1947 1279 1988 depulsus,
1293 1945 1462 1987 navigandi
1485 1945 1671 1986 opportuni-

205 2005 302 2032 tatem
318 2001 453 2042 pedibus
466 2012 551 2032 mare
569 2007 700 2043 tangens
714 2007 875 2042 exspectet
890 2014 897 2032 :
914 2002 945 2032 vi
960 2007 1063 2032 autem
1081 2011 1135 2042 per
1150 2007 1263 2031 terram
1275 2000 1314 2030 ab
1329 1999 1487 2042 aliquibus
1503 1999 1670 2036 adductus,

205 2064 223 2084 a
251 2055 441 2096 magistratu,
468 2056 520 2086 cui
550 2056 650 2096 primo
675 2065 726 2085 res
754 2055 861 2086 delata
884 2055 991 2091 fuerit,
1019 2055 1187 2085 solvendus
1213 2059 1261 2084 est
1276 2059 1309 2085 et
1323 2054 1461 2084 intactus
1474 2053 1508 2084 in
1524 2044 1675 2085 exsiliumx

205 2108 422 2139 retrudendus.
465 2109 496 2140 Si
519 2110 589 2151 quis
612 2120 683 2140 vero
707 2120 802 2140 manu
829 2119 884 2139 sua
907 2109 1037 2140 liberum
1062 2108 1220 2139 hominem
1240 2109 1285 2139 ira
1300 2107 1443 2139 concitus
1458 2107 1669 2144 interfecerit,

205 2162 351 2203 bipartito
368 2163 442 2193 iram
460 2163 560 2204 primo
576 2168 698 2204 oportet
712 2163 914 2204 distinguere.
937 2173 993 2204 per
1016 2163 1090 2192 iram
1115 2162 1200 2192 enim
1215 2162 1292 2192 facit
1307 2166 1340 2191 et
1362 2162 1416 2202 qui
1431 2162 1534 2192 subito
1548 2162 1668 2203 absque

205 2216 366 2248 voluntate
387 2215 587 2248 interimendi
609 2216 787 2247 verberibus
809 2217 858 2247 vel
882 2217 992 2257 quovis
1013 2215 1107 2246 modo
1119 2215 1288 2250 interfecit,
1304 2215 1348 2245 ita
1364 2220 1399 2245 ut
1413 2215 1584 2246 confestim
1596 2222 1669 2258 post

205 2269 357 2312 impetum
386 2271 570 2312 poenitentia
596 2276 741 2311 sequatur
791 2276 822 2301 et
844 2271 897 2311 qui
924 2269 1112 2301 contumelia
1127 2269 1174 2300 vel
1193 2268 1305 2309 injuria
1319 2269 1467 2306 lacessiti,
1484 2269 1619 2311 ideoque
1635 2270 1667 2300 in

205 2324 352 2356 viudictae
376 2324 550 2366 cupiditate
575 2330 818 2366 perseverantes,
842 2330 950 2365 postea
975 2324 1115 2355 volentes
1131 2323 1380 2360 interfecerunt3
1403 2333 1462 2354 nec
1479 2324 1610 2364 poenitet
1625 2324 1669 2354 ita

206 2377 327 2409 secisse.
349 2379 509 2420 duplicem
536 2379 630 2420 igitur
657 2378 774 2410 caedem
802 2389 918 2420 pont-re
943 2378 1059 2419 placet,
1090 2383 1252 2418 utramque
1278 2377 1324 2407 ira
1349 2377 1474 2408 factam.
1497 2387 1574 2418 quas
1589 2378 1669 2410 inter

207 2432 397 2464 voluntarias
423 2439 457 2464 et
485 2433 707 2464 involuntarias
734 2433 873 2464 actiones
898 2431 1016 2463 medias
1039 2432 1107 2473 jure
1135 2430 1300 2472 posuerim.
1326 2430 1423 2474 [867]
1447 2437 1557 2462 neutra
1582 2433 1668 2463 enim

206 2487 382 2518 voluntaria
395 2498 503 2518 revera
518 2488 568 2518 vel
583 2487 790 2518 involuntaria
807 2492 854 2517 est
902 2486 957 2517 sed
973 2487 1072 2516 altera
1086 2486 1214 2516 alterius
1229 2491 1280 2515 est
1304 2486 1418 2526 imago.
1440 2495 1512 2516 nam
1528 2486 1582 2516 ille
1596 2486 1670 2527 qui-

207 2540 290 2576 dem,
315 2541 367 2582 qui
394 2543 471 2572 iram
494 2547 606 2578 servat,
626 2552 684 2573 nec
709 2547 838 2583 repente
860 2541 915 2572 sed
941 2551 1012 2572 cum
1026 2539 1149 2570 insidiis
1164 2549 1197 2570 se
1212 2545 1322 2580 postea
1336 2538 1487 2576 vindicat,
1501 2539 1667 2571 homicidae

206 2594 372 2625 voluntarii
395 2601 443 2626 est
464 2596 630 2637 persimilis
647 2607 653 2625 :
679 2601 710 2626 et
726 2595 779 2637 qui
793 2606 856 2626 non
871 2600 984 2630 servat,
999 2594 1055 2625 sed
1071 2594 1172 2636 primo
1186 2594 1239 2624 irae
1255 2593 1374 2635 impetu
1390 2593 1487 2624 fertur
1501 2598 1535 2624 et
1548 2593 1666 2634 absque

207 2648 475 2687 praemeditatione
492 2650 650 2686 interficit,
666 2650 865 2680 involuntarii
877 2648 1043 2680 homicidae
1060 2647 1171 2678 similis
1182 2647 1352 2689 judicatur.
1374 2657 1436 2678 non
1449 2652 1553 2677 tamen
1564 2646 1666 2677 omni

206 2711 248 2732 no
273 2701 496 2734 involuntarius
525 2710 583 2740 est,
618 2704 675 2734 sed
701 2703 902 2734 involuntarii
938 2703 1052 2733 habere
1089 2701 1327 2732 similitudinem
1356 2701 1481 2732 dicitur.
1518 2699 1667 2741 quocirca

207 2765 262 2796 per
287 2755 362 2786 iram
393 2758 564 2788 commissae
588 2757 689 2789 caedes
717 2758 844 2789 difficile
874 2757 1132 2792 determinantur,
1162 2761 1263 2787 utrum
1293 2752 1475 2786 voluntariae
1501 2763 1541 2785 an
1556 2760 1667 2785 contra

208 2809 363 2850 ponendae
377 2811 449 2841 sint.
493 2812 623 2852 Optima
637 2812 733 2853 igitur
748 2818 781 2843 et
795 2812 955 2843 verissima
970 2811 1126 2842 sententia
1142 2815 1201 2846 est,
1226 2815 1371 2850 utrasque
1385 2807 1540 2849 imagines
1554 2808 1666 2850 appel-

207 2863 283 2899 lare,
310 2874 424 2906 easque
446 2875 584 2896 seorsum
599 2866 642 2896 ita
659 2865 860 2907 distinguere,
875 2871 910 2896 ut
924 2866 1021 2897 altera
1035 2865 1187 2900 consulto,
1203 2863 1301 2895 altera
1313 2863 1489 2894 inconsulto
1511 2861 1666 2894 committi

209 2916 339 2949 dicatur.
362 2919 475 2961 majora
490 2930 561 2950 vero
576 2920 731 2961 supplicia
744 2920 808 2951 illis
820 2920 914 2952 decet
928 2921 1101 2962 imponere,
1116 2919 1170 2960 qui
1185 2917 1327 2949 consulto
1341 2926 1396 2958 per
1406 2916 1481 2947 iram
1496 2915 1664 2946 interfece-

208 2976 297 3002 runt:
321 2973 384 3005 illis
412 2979 531 3012 contra,
556 2974 610 3016 qui
638 2979 768 3016 repente
790 2980 822 3006 et
838 2974 1027 3011 inconsulto,
1043 2973 1174 3006 leviora.
1200 2981 1314 3014 nempe
1330 2970 1414 3012 quod
1429 2969 1567 3012 graviori
1580 2969 1665 3001 malo
