1840 3225
243 222 298 259 24
861 218 1126 258 PLATONIS
1633 223 1706 272 [55

245 324 354 366 spicue
368 323 548 355 admodum.
593 322 650 353 So.
674 320 790 355 Nonne
815 327 847 352 et
863 322 1017 363 voluptaS,
1033 323 1058 353 si
1083 322 1208 363 quidem
1232 323 1388 364 generatio
1414 328 1483 362 est;
1505 323 1639 365 alicujus
1654 334 1704 355 es-

243 378 354 411 sentiae
368 377 465 419 gratia
479 377 653 408 necessario
668 375 745 407 fiet?
791 375 879 408 Pno.
900 376 1048 412 Quidni?
1093 376 1148 406 So.
1173 376 1267 413 Quod
1294 376 1355 407 tale
1381 381 1439 413 est,
1455 382 1489 408 ut
1509 376 1578 418 ejus
1604 378 1702 419 gratia

244 433 310 473 fiat,
325 431 409 473 quod
427 441 548 472 semper
562 429 687 461 alterius
703 430 800 471 gratia
823 430 868 465 fir,
893 430 924 460 in
943 431 1016 462 boni
1032 435 1113 461 sorte
1139 430 1258 462 locatur
1274 443 1282 462 t
1306 431 1392 472 quod
1409 441 1481 462 vero
1495 431 1621 462 alterius
1633 441 1704 473 gra·

240 487 296 523 tia,
326 486 357 516 in
384 484 474 516 aliam
506 489 663 521 sortem,o
680 484 724 515 vir
748 484 877 525 optime,
895 486 1107 516 reducendum
1134 485 1267 516 videtur.
1313 485 1398 518 Pno.
1422 485 1640 518 Necessarium
1665 485 1700 516 id

237 540 377 572 omnino.
420 538 476 570 So.
500 538 709 575 Quamobrem
725 538 750 568 si
766 537 910 579 voluptas
925 538 1085 579 generatio
1113 543 1172 579 est,
1187 539 1227 568 ad
1254 538 1346 569 aliam
1368 548 1461 580 quam
1485 538 1561 569 boni
1586 543 1699 570 sortem

237 593 346 625 merito
361 592 538 624 referemus.
583 591 669 624 Pao.
692 591 809 622 Merito
825 596 920 623 certe.
965 591 1021 622 So.
1046 590 1175 632 Nonne,
1193 592 1273 622 utin
1297 592 1453 635 principio
1475 591 1699 634 disputationis

236 648 330 689 hujus
343 646 482 689 praedixi,
499 645 630 682 dicenti,
646 645 816 687 voluptatis
839 646 964 687 quidem
981 646 1227 686 generationem,
1243 646 1407 678 essentiam
1423 657 1494 678 vero
1510 646 1627 677 nullam
1645 657 1699 677 ex·

234 703 353 741 sistere,
368 700 512 732 habenda
525 700 622 741 gratia
636 700 705 731 est?
729 704 853 731 constat
877 700 959 731 enim
977 701 1059 731 hunc
1074 700 1269 742 voluptatem
1285 701 1401 731 bonum
1418 701 1624 742 praedicantes
1638 711 1695 741 pe·

234 756 319 787 nitus
344 755 525 787 derisurum.
570 754 657 785 Pno.
681 754 889 795 Magnopere.
934 754 991 786 So.
1015 754 1211 791 Quinetiam
1233 755 1292 785 iste
1307 755 1389 786 idem
1405 765 1471 792 eos»,
1486 755 1540 796 qui
1567 765 1695 796 genera-

234 811 314 842 tioni
330 809 501 852 impensius
515 809 653 846 student,
669 808 783 839 ridebit
807 814 900 850 atque
922 808 1088 849 despiciet.
1134 809 1221 840 Pno.
1247 809 1319 845 Quo
1335 814 1440 850 pact0,
1457 814 1489 839 et
1503 809 1610 850 quales
1628 808 1695 839 ais?

233 865 289 897 So.
312 864 387 901 Eos,
403 864 457 905 qui
471 864 546 894 dum
562 863 673 893 famem
689 863 833 903 sitimque
850 863 1058 904 restinguunt,
1074 862 1124 893 vel
1149 863 1268 904 aliquid
1295 862 1380 893 aliud
1398 873 1435 893 ex
1450 861 1500 898 iis,
1513 872 1583 904 quae
1599 872 1695 904 gene·

232 919 311 950 ratio
326 922 414 949 curat
429 927 465 948 ac
481 917 581 952 sedat,
598 916 798 956 generatione
815 916 970 952 laetantur,
987 916 1075 957 quasi
1091 916 1160 957 ipsa
1176 916 1321 957 voluptas
1331 916 1372 947 sit
1387 928 1393 946 :
1419 916 1581 957 aiuntque,
1597 915 1694 946 vitam

231 983 265 1005 se
280 972 407 1002 minime
424 971 589 1006 electuros,
601 969 663 1000 nisi
678 969 783 1000 sitiant
798 974 831 1000 et
845 970 993 1007 esuriant,
1009 975 1103 1011 atque
1126 970 1195 1001 aliis
1218 980 1288 1011 quae
1314 969 1376 1000 ista
1399 975 1581 1011 sequuntur,
1597 969 1694 1000 affici-

230 1031 333 1058 antur.
357 1024 432 1068 [55]
456 1025 542 1056 Pno.
565 1023 725 1054 Videntur
753 1033 838 1054 sane.
885 1023 939 1054 So.
963 1023 1042 1064 Ejus
1073 1029 1177 1055 autem
1207 1024 1291 1065 quod
1318 1023 1382 1054 ficri
1408 1029 1468 1064 est,
1492 1023 1693 1062 contrarium,

228 1079 345 1112 destrui
375 1079 476 1120 ipsum
499 1077 604 1108 cuncti
629 1077 772 1108 fatemur.
819 1076 905 1108 Pno.
928 1076 1125 1109 Necessario.
1173 1077 1228 1108 So.
1253 1077 1493 1118 Corruptionem
1517 1077 1693 1118 generatio-

228 1144 364 1175 nemque
379 1132 476 1173 eligit,
493 1130 634 1173 quisquis
650 1131 716 1163 haec
731 1129 849 1171 expetit
865 1142 871 1160 ε
896 1141 958 1161 non
975 1136 1078 1162 autem
1096 1131 1216 1162 tertiam
1234 1130 1316 1161 illam
1334 1130 1440 1168 vitam,
1456 1141 1549 1172 quam
1565 1135 1598 1162 et
1612 1130 1691 1161 laeti-

229 1189 273 1220 tia
288 1193 320 1219 et
343 1186 464 1217 tristitia
480 1196 622 1226 vacuam,
643 1184 860 1226 intelligentiae
878 1196 961 1221 vero,
977 1186 1080 1226 quoad
1098 1185 1162 1216 fieri
1184 1190 1300 1227 potest,
1324 1185 1485 1227 purissime
1511 1190 1692 1226 compotem

228 1241 456 1285 proposuimus.
501 1239 589 1271 Pno.
613 1239 644 1269 A
676 1238 795 1269 ratione
825 1239 946 1279 procul,
963 1250 981 1269 o
1009 1239 1163 1276 Socrates,
1190 1240 1259 1276 erit,
1285 1239 1466 1281 quicunque
1497 1239 1689 1281 voluptatem

226 1297 319 1329 nobis
335 1297 450 1326 bonum
466 1293 663 1324 asseverabit.
708 1292 764 1324 So.
789 1292 900 1324 Procul
917 1293 1086 1324 admodum
1102 1306 1110 1324 :
1135 1292 1401 1335 quandoquidem*
1413 1298 1445 1324 et
1463 1293 1520 1324 hac
1542 1291 1693 1334 praeterea

227 1351 347 1382 ratione
363 1348 526 1379 ostendere
542 1347 626 1378 licet.
671 1345 758 1377 Pao.
782 1346 855 1382 Qua
871 1347 882 1376 ?
927 1347 983 1378 So.
1007 1347 1073 1378 Cur
1085 1347 1168 1378 enim
1186 1358 1249 1377 non
1265 1346 1431 1377 absurdum
1457 1347 1509 1383 sit,
1525 1357 1597 1378 cnm
1612 1347 1690 1378 nihil

227 1405 344 1436 bonum
360 1404 546 1435 decorumve
561 1400 612 1437 sit,
628 1400 693 1431 sive
708 1400 740 1430 in
757 1411 897 1441 corpore,
911 1400 974 1432 sive
999 1401 1029 1431 in
1055 1401 1123 1432 aliis
1148 1401 1230 1438 ullis,
1247 1406 1450 1442 praeterquam
1477 1401 1508 1431 in
1525 1401 1640 1438 anima,
1657 1402 1689 1432 in

227 1469 265 1490 ea
281 1463 383 1489 tamen
399 1455 594 1486 solummodo
610 1454 801 1495 voluptatem
819 1455 934 1485 bonum
952 1466 1080 1498 vocare:
1104 1455 1318 1486 fortitudinem
1336 1465 1420 1491 veru,
1434 1455 1686 1497 temperantiam,

225 1510 478 1553 intelligentiam,
494 1519 530 1539 ac
546 1508 677 1549 reliqua,
692 1518 888 1550 quaecunque
905 1509 986 1540 bona
1000 1509 1124 1541 sortitus
1139 1514 1186 1540 est
1200 1510 1333 1546 animus,
1350 1508 1475 1539 minime
1489 1509 1500 1539 .²
1523 1536 1527 1538 ,
1544 1509 1594 1540 Ac
1608 1519 1687 1549 prze-

226 1571 309 1597 terea
324 1564 481 1595 hominem
493 1561 660 1602 voluptatis
675 1567 845 1602 expertem,
861 1562 966 1592 dolore
983 1573 1054 1593 vero
1071 1563 1231 1605 affectum,
1247 1563 1360 1593 malum
1384 1567 1472 1604 tunc,
1487 1563 1561 1594 dum
1588 1564 1688 1600 dolet,

224 1628 372 1660 asserere,
386 1618 460 1648 licet
474 1616 612 1647 omnium
629 1616 764 1657 optimus
780 1615 840 1647 sit:
865 1622 896 1647 et
912 1627 982 1647 eum
998 1621 1117 1653 contra,
1134 1617 1188 1658 qui
1208 1616 1422 1658 voluptatibus
1445 1616 1606 1653 delinitur,
1622 1627 1686 1658 quo

225 1673 323 1713 magis
350 1671 454 1713 gestit,
480 1681 517 1701 eo
543 1669 656 1701 virtute
682 1670 925 1711 praestantiorem
956 1671 1086 1702 dicere?
1133 1671 1220 1703 Pno.
1243 1670 1334 1707 Haec,
1365 1681 1384 1701 o
1410 1671 1563 1708 Socrates,
1580 1672 1685 1703 onmia

223 1737 317 1769 supra
331 1736 424 1767 quam
440 1724 503 1756 dici
519 1723 627 1765 possit,
643 1724 776 1754 absurda
788 1729 870 1754 sunt.
915 1724 968 1755 So.
993 1724 1044 1755 Ne
1060 1729 1163 1755 tamen
1180 1724 1348 1766 voluptatis
1363 1725 1512 1756 universae
1527 1726 1685 1758 examina-

223 1781 342 1813 tionem
358 1779 483 1821 penitus
508 1777 664 1819 persequi,
681 1782 815 1808 mentem
835 1788 904 1808 vero
927 1783 959 1809 et
983 1777 1146 1809 scientiam
1171 1778 1404 1820 praeterniittere
1421 1779 1601 1810 videamur:
1625 1791 1683 1822 age

219 1835 299 1878 jam,
315 1835 340 1865 si
355 1833 431 1875 quid
446 1832 604 1864 sordidum
621 1831 745 1872 adjacet
761 1831 833 1869 illis,
849 1832 1052 1868 excutiamus,
1069 1833 1170 1863 donec
1187 1833 1226 1864 ad
1244 1832 1437 1874 purissimam
1462 1844 1568 1864 eorum
1592 1840 1683 1865 natu-

222 1900 288 1921 ram
303 1888 439 1930 deanue
456 1891 665 1928 penetrantes,
681 1891 713 1916 et
727 1886 828 1927 ipsam
842 1885 1056 1926 inspicientes,
1070 1886 1109 1916 ad
1122 1885 1387 1927 ipsumjudicium
1405 1891 1468 1917 tum
1486 1887 1606 1927 horum,
1617 1894 1682 1918 tum

223 1942 392 1983 voluptatis
407 1941 546 1983 partibus
560 1939 737 1976 verissimis,
752 1940 797 1970 uti
813 1940 976 1981 possimus.
1023 1940 1110 1972 Pno.
1134 1940 1230 1972 Scite.
1275 1940 1331 1972 So.
1356 1939 1472 1972 Nonne
1487 1941 1571 1972 aliud
1593 1942 1683 1973 nobis

220 1996 383 2029 scientiam
398 1996 479 2026 circa
495 1994 662 2030 doctrinas,
678 1993 762 2025 aliud
780 1994 859 2025 circa
875 1994 1095 2025 educationem
1110 1994 1160 2024 vel
1184 1994 1385 2025 nutritionem
1399 1995 1550 2026 exhibet?
1594 1995 1682 2027 Pno.

220 2051 273 2083 Sic
299 2055 357 2082 est.
403 2049 456 2080 So.
481 2048 519 2079 In
542 2047 580 2078 iis
604 2047 805 2079 facultatibus
831 2048 974 2089 primum,
999 2059 1070 2089 quae
1101 2049 1243 2079 manibus
1273 2053 1416 2086 utuntur,
1447 2048 1681 2092 investigemus,

221 2110 324 2137 utrum
350 2104 383 2134 in
407 2102 467 2133 illis
493 2101 611 2143 aliquid
638 2101 809 2132 secundum
827 2102 987 2140 scientiam
1006 2102 1116 2143 magis,
1132 2102 1216 2132 aliud
1236 2102 1337 2132 minus
1352 2102 1448 2133 insit:
1473 2108 1680 2146 oporteatque

220 2157 340 2199 aliquid
357 2156 566 2199 purissimum,
580 2155 733 2196 impurius
755 2154 872 2195 aliquid
900 2155 1049 2186 arbitrari.
1096 2156 1180 2186 Pno.
1205 2155 1308 2186 Decet
1324 2155 1473 2196 profecto.
1517 2157 1572 2188 So.
1594 2158 1681 2189 Prae-

219 2212 330 2254 cipuas
357 2210 464 2251 utique
490 2220 528 2240 ex
554 2208 683 2249 singulis
705 2209 954 2240 discernendum.
1002 2210 1086 2240 Pno.
1111 2209 1241 2246 Quales,
1257 2215 1289 2240 et
1310 2219 1374 2251 quo
1390 2211 1509 2251 pacto?
1553 2211 1610 2242 So.
1635 2212 1679 2244 Ut

218 2276 307 2302 ecce,
323 2264 349 2295 si
363 2264 432 2306 quis
447 2263 485 2294 ab
499 2263 640 2294 omnibus
657 2262 772 2294 artibus
789 2268 964 2304 segregaret
978 2264 1161 2294 numerandi
1176 2263 1423 2304 dimetiendique
1438 2269 1471 2294 et
1484 2265 1679 2305 ponderandi

219 2318 374 2362 peritiam,
385 2318 445 2349 vile
456 2317 618 2359 quiddam,
633 2322 666 2347 ut
677 2317 722 2347 ita
733 2317 848 2353 dicam,
862 2322 953 2353 esset,
971 2318 1055 2358 quod
1072 2316 1320 2358 uniuscujusque
1331 2322 1468 2348 restaret.
1495 2318 1579 2351 Pno.
1605 2319 1679 2352 Vile

218 2373 370 2415 profecto.
416 2371 472 2403 So.
497 2370 670 2401 Residuum
686 2370 805 2412 quippe
821 2371 1044 2412 imaginatione
1060 2372 1194 2412 quadam
1217 2381 1253 2402 ac
1269 2381 1413 2402 sensuum
1429 2373 1620 2414 experientia
1647 2380 1681 2406 et

216 2425 437 2459 exercitatione
461 2424 709 2466 conjecturisque
733 2423 808 2465 [56]
832 2424 1001 2460 incederet,
1025 2435 1102 2466 quas
1129 2425 1268 2467 plerique
1298 2431 1377 2456 artes
1394 2431 1517 2463 vocant,
1545 2438 1619 2459 cura
1645 2433 1678 2460 et

217 2481 322 2513 labore
337 2480 398 2510 vim
414 2479 556 2520 adeptas.
600 2478 686 2509 Pno.
710 2477 894 2510 Necessaria
910 2489 1031 2519 prorsus
1055 2479 1188 2511 inducis.
1234 2479 1290 2510 So.
1314 2479 1366 2510 An
1391 2490 1455 2511 non
1481 2481 1533 2512 ubi
1557 2482 1677 2514 musica

216 2535 256 2566 iis
272 2534 367 2576 plena
391 2538 449 2574 est,
464 2537 649 2564 concentum
673 2532 772 2573 primo
795 2537 1009 2573 contemperat
1036 2542 1100 2563 non
1125 2543 1277 2569 mensura,
1293 2533 1348 2564 sed
1371 2533 1543 2575 diligentiae
1569 2537 1676 2577 potius

216 2587 398 2628 conjectura
412 2598 419 2616 :
445 2591 477 2616 et
492 2586 634 2616 universa
649 2584 717 2626 ejus
733 2585 877 2626 pulsandi
893 2585 1025 2616 facultas
1041 2596 1212 2616 mensuram
1229 2587 1353 2618 cliordae
1369 2587 1522 2630 cujusque
1546 2589 1674 2630 conjec-

216 2648 286 2673 tura
296 2646 390 2672 motae
407 2639 567 2681 perquirit.
590 2640 668 2670 adeo
692 2644 726 2670 ut
751 2639 968 2670 obscuritatem
993 2639 1154 2681 plurimam
1181 2641 1307 2671 mixtam
1333 2641 1458 2681 habeat,
1473 2642 1676 2675 stabilitatem

216 2706 289 2727 vero
320 2703 517 2736 perpaucum.
561 2693 647 2725 Pao.
674 2693 849 2724 Verissime.
895 2693 950 2725 So.
975 2694 1060 2731 Quin
1089 2696 1181 2725 etiam
1214 2695 1412 2732 medicinam,
1441 2695 1674 2736 agriculturam.

216 2748 476 2792 gubernatoriam,
499 2747 674 2787 militarem,
690 2747 829 2778 similiter
854 2748 1013 2779 institutas
1036 2759 1102 2779 esse
1119 2749 1315 2790 reperiemus.
1359 2748 1446 2783 Pno.
1470 2749 1575 2787 Quam
1591 2761 1676 2782 max-

215 2804 290 2835 ime.
335 2802 391 2834 So.
417 2801 665 2843 Architecturam
682 2812 753 2832 vero
769 2812 918 2834 mensurae
936 2801 1076 2843 plurimae
1091 2808 1122 2834 et
1134 2803 1346 2840 instrumenta,
1359 2803 1471 2845 quibus
1479 2803 1673 2847 frequentius

215 2858 326 2898 utitur,
338 2861 374 2887 ut
390 2856 598 2898 perspicacem
616 2855 759 2893 maxime,
774 2856 818 2888 ita
834 2856 963 2887 maxime
980 2867 1041 2898 prae
1058 2857 1162 2888 multis
1177 2857 1378 2889 facultatibus
1392 2857 1589 2890 artificiosam
1605 2859 1672 2890 effi-

215 2912 314 2943 ciunt.
359 2911 444 2942 Pno.
468 2908 621 2947 Quonam
638 2911 755 2951 pacto?
798 2911 852 2942 So.
878 2910 915 2942 In
945 2911 1013 2952 ipsa
1043 2912 1182 2952 profecto
1204 2912 1330 2944 navium
1355 2917 1388 2944 et
1411 2912 1573 2944 domorum
1597 2923 1673 2945 con·
