1840 3225
167 221 262 272 112]
728 223 1053 262 ALCIBIADES
1086 225 1118 264 Î™.
1581 230 1633 267 45

162 329 304 366 tempora
332 330 438 357 noune
467 336 533 358 eras
565 326 667 368 puer?
711 325 778 358 Ar..
802 326 908 358 Eram.
953 326 1012 359 So.
1033 326 1126 359 Tunc
1163 337 1237 359 sane
1264 327 1353 365 novi,
1383 333 1414 360 te
1443 339 1633 371 cognoscere

163 379 334 421 putavisse.
379 379 445 412 AL.
468 380 637 418 Quomodo
667 380 806 411 novisti?
851 380 909 412 So.
933 380 1157 422 Saepenumero
1189 386 1220 412 te
1248 392 1380 424 puerum
1412 383 1530 421 audivi,
1560 394 1632 415 cum

163 433 250 474 apud
267 433 510 476 ludimagistros,
525 439 621 476 atque
643 434 733 472 alibi,
755 435 790 465 in
805 433 996 466 calculorum
1015 434 1106 476 jactu
1130 435 1304 477 ceterisque
1328 437 1499 478 puerilibus
1521 438 1635 469 studiis

164 488 360 526 exercereris,
375 493 525 530 tanquam
539 489 580 520 de
591 489 687 530 justis
713 493 808 530 atque
830 488 956 529 injustis
983 488 1111 520 minime
1133 489 1343 527 dubitantem,
1369 501 1473 522 verum
1489 492 1638 523 audacter

167 541 361 583 loquentem,
376 542 418 573 de
433 553 624 585 quocunque
640 553 736 585 puero
751 553 850 574 sermo
866 543 1040 580 incidebat,
1056 543 1142 585 quod
1168 545 1268 574 malus
1283 549 1315 575 et
1339 544 1474 585 injustus
1488 550 1582 586 esset,
1606 550 1639 576 et

165 595 284 637 injuste
299 602 416 638 ageret.
461 596 547 629 Num
565 608 636 629 vera
652 598 785 640 loquor?
830 597 895 630 AL.
918 598 1006 635 Quid
1022 608 1070 629 me
1095 599 1261 640 oportebat
1284 598 1396 636 facere,
1412 610 1483 630 cum
1498 598 1569 641 quis
1592 599 1639 630 in-

162 649 247 692 juria
261 661 310 681 rne
324 651 481 682 afficeret?
506 652 564 683 So.
586 652 648 689 Tu,
664 652 689 683 si
705 657 735 683 te
752 652 893 694 ignorare
908 652 1087 694 contigerit,
1103 657 1206 683 utrum
1221 651 1370 683 inferatur
1383 652 1512 694 injuria,
1525 663 1637 693 necne,

167 709 243 736 tune
258 705 372 746 quaeris
387 705 463 747 quid
480 716 571 747 agere
586 713 616 737 te
633 706 800 748 oporteat?
845 706 912 738 Ar..
935 705 998 737 Per
1009 705 1124 737 Jovem
1147 715 1212 736 non
1228 706 1408 747 ignorabam
1424 706 1564 748 quidem,
1585 707 1641 738 sed

167 758 262 799 plane
278 759 506 801 intelligebam,
523 760 667 801 injuriam
684 760 761 791 mihi
776 759 856 792 fieri.
901 760 957 791 SO.
982 759 1065 800 Ergo
1082 760 1226 801 putabas,
1242 760 1337 791 etiam
1354 761 1429 791 dum
1446 771 1528 792 esses
1552 772 1642 803 puer,

163 811 252 853 justa
267 817 300 843 et
313 812 434 854 injusta
458 814 655 856 dignoscere.
699 814 763 848 Ar..
785 814 828 845 Et
842 813 978 846 sciebam
995 813 1155 855 equidem.
1201 814 1259 846 So.
1282 814 1355 851 Quo
1380 814 1413 845 in
1431 820 1570 856 tempore
1596 815 1644 845 in-

168 867 321 898 veneras?
344 878 408 899 non
423 868 507 899 enirn
523 869 556 900 in
571 868 638 906 illo,
654 880 724 902 cum
741 875 771 900 te
788 868 865 901 scire
881 868 1042 900 credebas.
1077 868 1144 901 Ar..
1167 867 1388 910 Nequaquam.
1420 868 1476 900 So.
1502 868 1641 905 Quando

168 920 266 962 igitur
280 922 348 953 haec
363 922 504 964 ignorare
528 924 684 965 putabas?
708 923 883 955 considera.
906 933 970 954 non
994 922 1078 954 enim
1102 922 1134 954 id
1159 928 1282 964 tempus
1296 921 1452 954 invenies.
1496 921 1559 953 AL.
1583 922 1645 953 Per

171 975 296 1013 Jovem,
312 987 331 1007 o
355 977 510 1015 Socrates,
535 978 622 1020 quod
637 978 741 1010 dicam
756 988 821 1010 nou
843 978 956 1009 habeo.
1003 978 1056 1009 So.
1080 977 1156 1008 Non
1182 987 1255 1018 ergo
1279 987 1335 1018 per
1349 975 1562 1007 inventionem
1585 976 1647 1007 ista

171 1031 359 1070 cognoscis?
405 1031 472 1063 Ar..
496 1031 571 1063 Non
588 1033 707 1065 videor.
754 1033 810 1064 So.
833 1033 895 1064 Sed
923 1032 1018 1074 paulo
1042 1037 1115 1063 ante
1138 1041 1240 1073 neque
1266 1041 1322 1072 per
1336 1030 1534 1072 disciplinam
1550 1029 1644 1061 etiam

173 1084 352 1126 percepisse
367 1085 506 1117 dicebas.
528 1087 615 1128 quod
631 1087 656 1119 si
672 1097 730 1119 nec
758 1087 914 1118 inveneris
935 1097 1039 1128 neque
1055 1085 1215 1123 didiceris,
1242 1095 1379 1127 quonam
1406 1089 1498 1126 pacto
1514 1089 1547 1115 et
1562 1084 1646 1114 unde

172 1138 360 1179 cognoscis?
405 1139 469 1170 AL.
492 1140 584 1171 Forte
600 1141 684 1171 haud
700 1146 784 1172 recte
797 1140 957 1182 respondi,
973 1150 1044 1171 cum
1060 1139 1138 1171 scire
1156 1150 1203 1171 me
1219 1150 1275 1181 per
1289 1138 1503 1170 inventionem
1520 1137 1647 1170 asserui.

174 1192 214 1223 Id
230 1203 303 1223 vero
318 1193 352 1224 in
368 1194 451 1226 hunc
468 1195 594 1225 modum
610 1206 642 1226 se
660 1195 780 1227 habuit.
814 1195 925 1226 Didiei
938 1194 1006 1236 ipse
1023 1204 1161 1236 quoque,
1178 1200 1214 1225 ut
1228 1193 1369 1235 arbitror,
1384 1193 1646 1235 quemadmodum

173 1246 238 1277 alii.
284 1248 339 1279 So.
364 1248 486 1279 Rursus
502 1249 534 1279 in
560 1249 644 1280 idern
668 1249 843 1280 relabimur.
868 1249 920 1280 dic
943 1248 1047 1285 nobis,
1064 1259 1082 1278 a
1098 1258 1161 1289 quo
1187 1247 1350 1278 didicisti?
1397 1247 1460 1278 AL.
1486 1246 1518 1277 A
1541 1247 1649 1288 vulgo.

175 1301 232 1332 So.
254 1301 329 1332 Non
351 1303 391 1333 ad
409 1303 556 1343 probatos
578 1303 694 1345 refugis
711 1307 931 1344 prteceptores,
948 1313 1019 1333 cum
1036 1302 1075 1333 ad
1093 1302 1203 1344 vulgus
1220 1307 1251 1333 te
1265 1301 1368 1333 refers.
1415 1300 1482 1331 AL.
1506 1300 1559 1331 An
1583 1311 1648 1331 non

175 1354 335 1386 sufficiunt
349 1356 388 1386 ad
404 1357 472 1388 lraec
487 1357 634 1388 docenda
647 1356 725 1388 isti?
772 1356 890 1388 Nonne
906 1357 1002 1387 etiam
1031 1357 1144 1387 docere
1169 1360 1316 1397 possunt,
1341 1365 1411 1397 quae
1427 1355 1587 1396 pertinent
1609 1355 1650 1385 ad

177 1408 286 1440 talares
303 1410 404 1448 ludos,
420 1415 452 1442 et
466 1421 537 1453 quae
552 1421 616 1442 non
630 1412 641 1442 ?
664 1411 724 1442 etsi
739 1410 848 1442 viliora
871 1411 931 1441 ista
946 1400 1030 1447 sunt,
1047 1421 1140 1452 quam
1163 1410 1262 1452 justa.
1306 1409 1361 1440 An
1379 1419 1442 1440 non
1458 1409 1503 1440 sic
1519 1413 1553 1439 tu
1569 1419 1647 1452 quo-

175 1473 237 1504 que
253 1465 369 1505 putas?
418 1465 476 1497 So.
496 1465 592 1497 Puto.
637 1465 701 1498 AL.
727 1465 856 1497 Deinde
884 1475 991 1496 nonne
1016 1465 1136 1496 minora
1158 1465 1317 1507 quaedam,
1341 1469 1436 1505 atque
1459 1463 1553 1494 etiam
1571 1474 1651 1494 non-

177 1517 264 1548 nulla
290 1518 409 1560 majora
438 1520 558 1551 tradere
590 1520 744 1562 possunt?
791 1520 844 1552 So.
868 1519 1010 1550 Arbitror
1048 1519 1207 1561 equidem.
1255 1517 1321 1551 AL.
1345 1517 1513 1548 Enimvero
1552 1517 1652 1547 multa

178 1571 291 1603 docere
308 1579 439 1613 possunt
455 1574 583 1605 meliora
598 1575 674 1605 ludo
691 1573 790 1606 talari.
836 1573 892 1605 So.
917 1573 1072 1610 Quaenam
1088 1573 1172 1604 ista?
1199 1572 1296 1614 [111]
1321 1572 1384 1603 AL.
1408 1571 1454 1602 Ut
1476 1575 1524 1602 est
1540 1570 1652 1603 Graece

177 1624 274 1667 loqui.
297 1627 336 1657 ab
358 1627 396 1658 iis
410 1627 492 1658 enirn
510 1629 622 1665 didici,
648 1639 707 1660 nec
725 1632 950 1670 praeceptorern
975 1627 1073 1658 ullum
1090 1627 1184 1658 habui
1202 1631 1316 1669 praeter
1338 1626 1425 1662 istos,
1440 1635 1518 1666 quos
1535 1630 1569 1656 tu
1586 1635 1651 1656 ma-

182 1680 293 1721 gistros
309 1681 392 1712 baud
420 1683 493 1714 satis
509 1684 657 1724 probatos
671 1693 739 1714 esse
755 1682 895 1714 dicebas.
940 1682 996 1714 So.
1021 1681 1050 1712 O
1079 1692 1242 1723 generose,
1267 1680 1362 1722 liujus
1381 1679 1510 1722 quidem
1526 1679 1570 1711 rei
1586 1679 1654 1710 vul-

182 1744 269 1774 gares
284 1734 427 1766 homines
450 1736 558 1767 idonei
574 1741 781 1779 praeceptores
796 1742 882 1773 sunt,
897 1742 930 1768 et
952 1735 1062 1767 metito
1077 1736 1112 1766 in
1127 1737 1187 1767 hac
1203 1734 1347 1767 doctrina
1363 1735 1540 1766 laudantur.
1585 1733 1653 1766 AL.

182 1788 269 1819 Cur?
314 1788 369 1820 So.
393 1789 551 1826 Quoniam
580 1792 698 1822 habent
722 1791 808 1833 quod
834 1791 934 1822 bonos
960 1791 1054 1821 decet
1077 1795 1288 1831 praeceptores
1307 1789 1434 1821 habere.
1478 1787 1544 1819 Ar..
1567 1788 1654 1825 Quid

182 1844 242 1874 hoc
256 1843 267 1873 ?
311 1843 367 1877 So.
390 1843 509 1876 Nonne
525 1846 597 1887 scis,
612 1851 756 1888 oportere
771 1856 825 1877 eos
841 1845 894 1886 qui
917 1844 1036 1886 aliquid
1059 1844 1180 1876 docturi
1198 1849 1282 1880 sunt,
1298 1843 1384 1885 prius
1399 1853 1492 1884 quam
1507 1843 1657 1880 doceant,

179 1897 379 1940 intelligere?
424 1899 488 1930 AL.
509 1899 655 1937 Quidni?
701 1900 758 1931 So.
783 1899 1003 1940 Intelligentes
1039 1902 1144 1929 autern
1174 1897 1352 1929 consentire
1378 1896 1526 1933 invicem,
1549 1906 1654 1937 neque

179 1952 329 1984 differre?
373 1953 438 1984 Ar..
462 1953 524 1986 Ita.
568 1955 624 1986 So.
649 1954 688 1985 In
712 1953 827 1995 quibus
852 1953 947 1994 igitur
971 1952 1185 1989 dissentirent,
1212 1962 1250 1982 ea
1275 1951 1354 1982 scire
1378 1950 1448 1981 illos
1478 1950 1653 1981 assereres?

180 2005 247 2038 AL.
271 2007 418 2039 Minime.
454 2008 511 2040 So.
535 2008 655 2039 Horum
671 2018 745 2049 ergo
761 2007 920 2048 quomodo
937 2006 1013 2037 boni
1027 2011 1134 2037 essent
1146 2005 1306 2047 magistri?
1344 2004 1408 2036 AL.
1433 2003 1532 2035 Nullo
1548 2004 1654 2036 modo.

178 2059 234 2092 SoÎ‡
258 2061 435 2093 Videt-utne
450 2062 508 2093 tibi
521 2062 685 2093 dissentire
701 2061 882 2099 multitudo,
906 2061 931 2092 si
947 2061 1074 2103 quando
1098 2060 1319 2101 interrogetur,
1331 2059 1410 2101 quid
1433 2058 1512 2100 lapis
1528 2063 1560 2089 et
1575 2057 1654 2100 quid

185 2114 302 2157 lignum
319 2116 330 2146 ?
354 2127 395 2146 an
411 2127 475 2147 non
492 2117 524 2147 in
548 2117 631 2148 idem
646 2116 787 2147 feruntur
800 2121 920 2153 omnes,
936 2126 1006 2147 cum
1030 2115 1150 2157 lignum
1169 2114 1283 2145 volunt
1296 2118 1351 2145 aut
1366 2113 1503 2155 lapidem
1519 2113 1655 2154 capere?

185 2174 281 2211 atque
295 2170 406 2201 eodem
434 2176 529 2212 pacto
544 2171 578 2201 in
593 2171 715 2202 cunctis
737 2170 946 2212 hujusmodi?
994 2169 1060 2201 Ar..
1084 2168 1235 2211 Intelligo
1258 2168 1366 2205 ferme,
1382 2167 1466 2209 quod
1485 2166 1547 2198 tale
1562 2167 1655 2208 quid-

181 2223 254 2254 dam
272 2223 416 2256 Graecam
440 2225 630 2257 locutionem
654 2236 722 2257 esse
736 2225 827 2256 dicis.
848 2225 979 2256 nonne?
1025 2225 1081 2256 So.
1104 2223 1188 2255 Dico
1211 2223 1370 2265 equidem.
1417 2221 1526 2264 Atque
1541 2222 1655 2254 iccirco

183 2277 215 2309 in
233 2279 271 2310 iis
286 2289 390 2311 nonne
406 2280 612 2318 conveniunt,
626 2285 662 2312 ut
677 2280 824 2318 diximus,
841 2285 873 2311 et
881 2278 1026 2321 privatim
1035 2285 1067 2310 et
1082 2279 1209 2321 publice
1224 2278 1368 2309 civitates
1381 2276 1529 2314 invicem,
1552 2287 1655 2318 neque

183 2332 342 2371 dubitant,
357 2335 406 2364 hae
421 2334 547 2376 quidem
563 2335 636 2372 hoc,
660 2336 708 2366 hae
724 2345 796 2366 vero
811 2334 897 2365 aliud
922 2334 1074 2376 quiddam
1097 2333 1270 2366 vocantes?
1315 2332 1380 2362 Ar..
1402 2330 1478 2362 Non
1495 2332 1653 2363 dubitant.

185 2387 241 2418 So.
266 2387 383 2419 Merito
409 2399 482 2430 ergo
502 2388 630 2420 istorum
658 2389 768 2421 idonei
790 2394 998 2431 praeceptores
1021 2394 1138 2422 essent.
1184 2387 1250 2419 AL.
1271 2386 1407 2427 Nempe.
1451 2385 1506 2417 So.
1530 2385 1657 2427 Itaque,

183 2440 208 2470 si
225 2451 317 2482 quem
333 2442 364 2472 in
381 2442 431 2474 his
455 2442 605 2474 vellemus
630 2443 786 2474 eruditum
801 2443 946 2480 evadere,
971 2447 1054 2473 recte
1077 2443 1162 2473 hunc
1185 2441 1220 2472 in
1243 2440 1416 2472 doctrinam
1444 2439 1655 2471 multitudinis

186 2495 388 2529 mitteremus.
431 2496 497 2529 AL.
519 2497 661 2530 Prorsus.
706 2497 763 2530 So.
787 2497 821 2528 Si
837 2502 940 2529 autem
957 2507 1048 2528 nosse
1071 2496 1233 2533 vellemus,
1250 2505 1312 2525 non
1329 2493 1424 2524 modo
1439 2492 1495 2534 qui
1510 2492 1654 2524 homines

184 2555 219 2581 ct
231 2551 286 2592 qui
301 2551 376 2593 equi
389 2551 464 2589 siut,
480 2563 584 2584 verum
600 2554 695 2584 etiam
712 2553 767 2595 qui
781 2563 819 2583 ex
834 2552 894 2583 illis
907 2552 1041 2583 maxime
1055 2561 1145 2583 cursu
1160 2549 1285 2580 valeant
1295 2546 1392 2588 etqui
1405 2556 1469 2577 non
1484 2557 1491 2577 Îµ
1509 2547 1655 2588 nunquid

188 2605 300 2646 vulgus
324 2606 448 2637 erudire
472 2607 612 2648 poterit?
656 2606 721 2638 Ar..
747 2606 969 2648 Nequaquam.
1015 2605 1071 2637 So.
1096 2602 1260 2635 Sufficiens
1291 2602 1358 2631 baec
1387 2599 1446 2631 tibi
1473 2599 1656 2640 conjectura

185 2659 255 2700 erit,
270 2660 356 2702 quod
373 2670 431 2692 nec
447 2660 549 2692 sciant
561 2660 703 2703 vulgares
717 2671 839 2701 omnes,
856 2670 960 2702 neque
976 2659 1043 2700 apti
1058 2660 1169 2690 horum
1193 2660 1400 2698 praeceptores
1415 2654 1489 2691 sint,
1504 2654 1654 2695 quoniam

187 2713 228 2744 de
254 2713 292 2744 iis
316 2715 396 2745 inter
425 2725 457 2746 se
486 2724 683 2756 nequaquam
713 2715 919 2747 conveniunt.
964 2713 1031 2746 Ar..
1055 2713 1085 2744 V
1087 2712 1202 2743 ideturÎ‡
1247 2710 1302 2741 SO-
1325 2708 1448 2746 QÂ¹10dâµi
1478 2707 1655 2749 intelligere

187 2767 363 2810 cupiamus,
378 2779 442 2800 non
458 2773 578 2800 tantum
594 2769 648 2811 qui
664 2769 727 2800 sint
741 2770 897 2806 homines,
911 2771 967 2801 sed
992 2768 1048 2810 qui
1064 2769 1144 2799 bene
1166 2765 1292 2796 valeant
1308 2763 1354 2794 vel
1373 2767 1525 2804 aegrotent
1539 2773 1546 2791 z
1572 2772 1654 2792 nun-

188 2821 266 2861 quid
291 2822 460 2854 multitudo
484 2823 636 2855 docebit?
680 2824 743 2855 Ar..
766 2823 853 2855 Non.
899 2825 956 2856 So.
981 2821 1223 2854 Multitudinern
1249 2819 1310 2849 ista
1335 2818 1447 2848 docere
1476 2825 1539 2846 nou
1564 2826 1655 2856 posse

189 2875 282 2907 facile
297 2877 452 2916 advertes,
468 2878 493 2909 si
508 2878 668 2910 discordes
694 2878 861 2921 opiniones
883 2876 1140 2911 consideraveris,
1185 2874 1250 2905 AL.
1273 2874 1367 2905 Sane.
1412 2870 1466 2901 So.
1492 2868 1543 2900 De
1561 2868 1660 2910 justis

187 2935 291 2962 autem
308 2931 485 2964 hominibus
501 2938 595 2976 atque
609 2934 700 2966 rebus
716 2933 886 2966 multitudo
910 2933 1008 2976 [112]
1031 2940 1135 2964 secum
1159 2929 1228 2972 ipsa
1244 2933 1276 2960 et
1296 2936 1367 2960 cum
1391 2923 1459 2956 aliisÎ‡
1476 2923 1656 2955 consentit?
