1840 3225
196 233 290 284 363]
730 231 987 269 EPISTOLA
1023 231 1135 269 XIII.
1574 229 1646 267 :301

192 340 296 365 tamen
314 335 488 376 graviterne
505 346 545 365 an
563 334 665 370 facile,
680 334 761 364 sica
782 333 903 368 fierent,
929 334 1094 363 toleraret:
1122 344 1156 363 ac
1179 333 1252 363 milri
1277 333 1361 363 visus
1385 339 1434 363 cst
1457 343 1518 362 non
1545 333 1653 362 leviter

197 390 457 425 stomaclnaturus,
488 390 513 419 si
543 399 582 421 ea
610 388 794 418 confierent.
839 385 996 418 Caeterum
1011 386 1088 416 mibi
1118 386 1181 417 Dio
1194 387 1280 417 visus
1303 393 1352 417 est
1381 391 1446 416 tum
1471 387 1564 417 dictis
1589 392 1655 416 tum

200 442 291 473 sactis
310 453 400 483 aequo
416 443 448 473 in
466 450 496 473 te
509 452 579 473 esse
592 442 708 473 animo.
732 440 872 476 Cratino,
884 440 1042 471 Timothei
1056 440 1152 481 [363]
1177 440 1277 475 fratri,
1291 440 1391 471 sodali
1403 451 1486 476 meo,
1500 442 1657 471 thoracem

198 496 342 526 (labimus
357 497 529 527 militarem
541 495 784 531 ornatissimum,
801 505 840 526 ex
869 504 910 525 eo
933 504 1047 535 genere
1065 504 1127 534 quo
1148 493 1272 534 pedites
1296 495 1344 524 uti
1371 495 1485 524 solent.
1530 494 1659 525 Cebetis

199 550 322 580 filiabus
345 556 407 580 tres
422 550 555 586 tunicas,
580 559 646 580 non
677 549 838 590 pretiosas,
869 554 904 579 ut
933 554 1005 579 sunt
1026 548 1241 589 Amorgineae,
1269 548 1325 578 sed
1354 555 1388 578 ut
1414 549 1528 578 Siculae
1557 549 1660 579 lineam

200 604 329 635 Cebetis
343 611 446 635 autem
461 614 577 634 nomen
592 603 650 634 tibi
664 604 797 634 maxime
813 608 924 633 notum
938 609 1000 633 est.
1022 608 1106 633 extat
1118 603 1205 632 enim
1218 601 1249 632 in
1265 602 1408 644 Dialogis
1423 602 1603 638 Socraticis,
1628 608 1662 633 et

199 658 233 688 in
251 657 387 698 Dialogo
401 658 441 688 de
456 658 562 688 animo
577 657 718 699 disputat
733 657 826 688 simul
840 667 912 688 cum
934 656 1065 687 Simmia
1079 656 1229 687 adversus
1245 657 1420 693 Socratem,
1443 657 1491 687 vir
1517 656 1662 687 omnibus

202 712 293 742 nobis
302 718 331 742 et
348 712 511 742 familiaris
523 717 557 742 et
570 712 756 743 benevolus.
799 710 919 742 Notam
931 716 1037 742 autem
1053 711 1259 752 epistolarum
1270 721 1347 752 quas
1362 717 1418 741 aut
1433 711 1513 742 serio
1530 716 1583 742 aut
1600 721 1661 741 non

202 766 282 796 serio
311 766 413 796 scribo
425 766 485 797 etsi
501 765 616 807 opinor
637 771 669 797 te
685 766 877 802 meminisse,
893 771 998 796 tamen
1015 765 1172 796 attendito
1189 765 1371 805 diligenter,
1387 766 1591 806 animumque
1608 767 1662 795 ad-

202 820 326 850 vertito.
350 819 540 861 Complures
553 819 762 861 enimjubent
773 830 825 851 me
841 819 988 857 scribere,
1004 830 1083 861 quos
1097 830 1160 850 non
1171 819 1264 850 facile
1283 830 1411 861 possum
1427 827 1534 860 aperte
1560 821 1663 861 repel-

203 874 280 904 lere.
325 874 420 904 Seriae
436 874 530 914 igitur
545 874 688 916 epistolae
702 875 828 906 initium
843 880 891 905 est
905 873 994 905 Deus
1008 886 1013 903 :
1031 884 1094 905 non
1110 875 1210 910 seriae,
1227 874 1294 905 Dii.
1311 874 1422 916 Legati
1437 885 1564 916 quoque
1580 885 1598 905 a
1613 885 1665 905 me

206 930 358 969 petebant
373 933 407 958 ut
418 928 475 958 tibi
490 929 658 960 scriberem
672 940 679 959 :
703 938 808 970 neque
820 929 942 971 injuria.
988 928 1169 959 Admodum
1186 929 1270 959 enim
1286 929 1421 959 libenter
1435 935 1466 959 te
1490 929 1604 969 ubique
1628 938 1665 959 ac

204 992 255 1013 me
268 981 444 1013 dilaudant.
467 983 500 1012 in
514 982 564 1013 his
574 993 638 1013 non
651 982 814 1014 minimum
832 983 992 1023 Philager,
1012 984 1068 1024 qui
1083 993 1142 1024 per
1153 983 1183 1014 id
1216 988 1341 1024 tempus
1365 994 1400 1014 ex
1425 993 1536 1013 manus
1559 983 1667 1014 dolore

206 1036 387 1066 laborabat:
413 1038 487 1066 item
503 1035 676 1074 Philaedes,
693 1047 712 1067 a
729 1037 830 1068 Dario
839 1047 910 1078 rege
922 1047 1037 1076 magno
1049 1037 1190 1072 veniens,
1203 1038 1242 1067 de
1267 1043 1298 1067 te
1326 1037 1420 1068 verba
1444 1037 1599 1068 faciebat:
1631 1047 1668 1068 ac

207 1090 268 1120 nisi
283 1090 372 1121 valde
389 1091 518 1130 prolixae
535 1095 569 1122 et
580 1092 719 1122 verbosae
734 1090 879 1132 epistolae
891 1101 969 1132 opus
978 1098 1070 1124 essct,
1098 1102 1168 1132 qua:
1186 1091 1238 1121 ille
1268 1091 1405 1130 dicebat,
1432 1092 1668 1132 perscriberem.

207 1144 238 1175 N
242 1154 302 1175 unc
313 1154 354 1174 ex
370 1144 504 1185 Leptine
519 1150 706 1186 percontare
723 1156 762 1176 an
777 1146 936 1176 thoracem
947 1151 1000 1175 aut
1014 1146 1099 1176 aliud
1112 1146 1275 1187 quidpiam
1286 1157 1393 1176 eorum
1413 1146 1451 1176 de
1468 1146 1580 1187 quibus
1597 1147 1670 1175 scri-

207 1199 258 1234 bo,
276 1198 381 1229 mittas
394 1210 400 1227 :
427 1199 452 1229 si
466 1204 576 1230 tamen
590 1200 622 1230 ei
636 1205 671 1230 tu
686 1200 764 1230 velis
776 1200 990 1231 committere:
1015 1200 1064 1230 sin
1076 1200 1190 1236 minus,
1205 1200 1324 1230 Terillo
1341 1201 1539 1231 committito.
1576 1201 1621 1231 Ex
1636 1200 1673 1230 iis

208 1252 263 1292 qui
272 1257 428 1293 perpetuo
444 1253 594 1295 navigant
607 1254 701 1284 nobis
715 1260 763 1284 est
778 1253 910 1289 amicus,
925 1260 958 1283 ct
980 1263 1052 1284 cum
1069 1254 1140 1284 aliis
1154 1254 1184 1284 in
1200 1255 1306 1289 rebus,
1324 1260 1392 1284 tum
1418 1255 1448 1284 in
1474 1254 1672 1296 philosophia

209 1306 340 1337 minime
355 1305 498 1347 ineptus.
536 1307 725 1349 Titonisque
738 1318 836 1349 gener
850 1312 909 1343 est,
928 1307 996 1348 ejus
1010 1307 1064 1348 qui
1079 1318 1142 1348 quo
1155 1314 1301 1349 tempore
1315 1309 1550 1349 navigabamus,
1565 1309 1674 1338 urbem

209 1359 350 1401 regebat.
392 1360 487 1397 Vale,
516 1367 550 1392 et
571 1362 805 1404 philosophare,
838 1361 979 1403 aliosque
1005 1363 1224 1393 adolescentes
1242 1363 1346 1393 excita
1371 1369 1466 1404 atque
1498 1363 1675 1398 adhortare.

210 1414 351 1455 meisque
365 1413 471 1444 verbis
485 1419 558 1446 tuos
571 1415 606 1446 in
620 1416 694 1458 pilae
724 1417 801 1447 ludo
828 1416 1002 1446 collusores
1032 1417 1144 1446 saluta.
1188 1417 1208 1448 J
1212 1417 1270 1447 ube
1300 1427 1373 1448 vero
1404 1427 1476 1448 cum
1504 1417 1584 1454 aliis,
1611 1422 1674 1447 tum

214 1467 413 1505 Aristocrito,
427 1468 531 1510 siquid
542 1479 562 1500 a
571 1480 623 1502 me
639 1475 696 1502 aut
705 1470 813 1502 verbis
827 1476 881 1501 aut
896 1469 999 1501 literis
1013 1470 1070 1500 tibi
1081 1471 1253 1507 nuntietur,
1267 1471 1322 1502 det
1333 1481 1460 1513 operam
1470 1479 1504 1502 ut
1516 1471 1678 1512 quampri-

211 1532 297 1553 mum
323 1521 365 1553 ad
378 1526 411 1553 te
426 1524 604 1564 perferatur
618 1535 626 1554 τ
642 1524 765 1566 tibique
779 1525 814 1556 in
824 1524 1007 1555 memoriam
1021 1532 1151 1556 revocet
1166 1536 1205 1557 ea
1220 1537 1290 1567 quae
1306 1526 1381 1566 tibi·
1389 1527 1505 1568 scripta
1528 1532 1628 1562 erunt,
1643 1531 1679 1556 ut

214 1587 252 1608 ea
261 1587 342 1608 curae
355 1576 482 1610 habeas.
498 1578 594 1610 Nunc
602 1590 677 1610 vero
692 1580 733 1611 da
741 1590 865 1622 operam
875 1584 910 1610 ut
922 1580 1053 1620 Leptini
1065 1589 1123 1610 sua
1134 1581 1269 1621 pecunia
1283 1581 1386 1623 primo
1399 1591 1526 1622 quoque
1537 1587 1680 1622 tempore

217 1631 434 1673 persolvatur:
460 1637 495 1663 ut
510 1633 564 1663 alii
576 1634 612 1664 in
627 1644 700 1664 eum
714 1634 932 1677 respicienteS,
959 1635 1138 1674 promptius
1164 1641 1198 1665 et
1224 1636 1359 1666 alacrius
1384 1636 1474 1666 nobis
1501 1636 1683 1666 inserviant.

215 1686 367 1717 Iatrocles
383 1698 402 1719 a
416 1696 466 1718 me
478 1686 622 1729 unaqum
637 1688 808 1731 Myronida
820 1689 966 1729 libertate
984 1687 1130 1725 donatus,
1147 1689 1275 1730 navigat
1287 1699 1371 1721 nunc
1386 1701 1459 1721 cum
1474 1691 1514 1721 iis
1530 1691 1585 1732 qui
1601 1701 1618 1721 a
1628 1701 1681 1721 me

216 1740 396 1773 mittuntur.
439 1741 523 1773 Huic
539 1742 630 1774 dabis
651 1743 857 1785 stipendium,
881 1747 990 1784 utpote
1018 1743 1157 1774 animum
1184 1754 1258 1785 erga
1274 1750 1306 1775 te
1335 1745 1526 1776 benevolum
1548 1745 1682 1786 gerenti,

218 1794 350 1837 ejusque
365 1806 460 1837 opera
472 1796 526 1827 ubi
541 1796 626 1829 voles
641 1798 751 1830 uteris.
772 1804 807 1830 et
818 1797 983 1841 epistolam
999 1803 1053 1828 aut
1067 1797 1176 1840 ipsam,
1190 1805 1243 1830 aut
1258 1799 1283 1830 si
1293 1799 1392 1841 ipsius
1403 1800 1563 1842 exemplar
1577 1810 1683 1831 serva-

218 1856 278 1887 tur,
295 1855 362 1882 tute
375 1861 544 1893 cognosce.
