1840 3225
206 244 286 282 438
796 237 1063 278 PLATONIS
1570 241 1668 293 [945

204 346 267 378 bile
281 345 323 377 sit
349 345 467 377 homini
488 346 521 376 in
541 343 727 376 contrarium
755 343 952 379 commutari,
978 348 1012 373 ut
1037 341 1192 374 Caeneum
1216 342 1404 374 Thessalum
1430 340 1535 374 fenmt
1559 342 1669 374 divina

206 399 338 441 quadam
356 400 385 430 vi
402 400 434 430 in
447 404 591 431 naturam
607 398 665 429 viri
681 408 716 428 ex
732 397 848 428 femina
872 403 1107 428 commutatum.
1130 397 1280 438 abjectori
1305 397 1388 428 enim
1412 406 1570 428 armorum
1593 405 1670 427 con-

205 454 334 485 trarium
348 454 482 485 maxime
500 453 691 488 conveniret,
708 459 742 482 ut
757 452 788 482 in
804 452 965 482 mulierem
984 463 1020 482 ex
1045 452 1112 481 viro
1139 452 1308 482 translatus
1330 451 1377 482 sic
1402 451 1559 492 puniatur.
1581 459 1669 480 nunc

204 518 280 539 vero
297 509 444 549 quoniam
454 509 486 538 id
499 508 565 538 fieri
581 517 643 537 non
657 511 772 547 potest,
785 506 959 546 proximum
974 505 1094 546 aliquid
1115 506 1337 546 excogitemus,
1363 510 1398 535 ut
1417 510 1585 546 postquam
1611 503 1667 533 ille

204 573 304 603 usque
318 562 397 593 adeo
411 562 540 592 vivendi
555 561 687 602 cupidus
701 567 762 596 est,
778 559 928 601 deinceps
939 560 1058 590 nullum
1087 560 1263 601 periculum
1286 560 1406 596 subeat,
1427 558 1485 590 sed
1509 558 1665 599 reliquam

204 617 312 652 vitam,
329 622 360 647 et
376 615 501 658 quidem
519 626 611 657 quani
629 615 851 656 longissimam,
869 614 1027 654 improbus
1042 619 1073 644 et
1089 625 1158 644 cum
1183 613 1338 645 dedecore
1362 614 1461 644 vivat.
1480 614 1548 643 haec
1569 612 1668 653 igitur

206 662 256 701 lei:
272 671 332 701 sit:
362 670 420 707 Eo,
438 670 492 711 qui
507 680 591 700 arma
606 669 743 710 turpiter
758 668 927 710 projecisse
949 669 1113 699 damnatus
1128 676 1187 704 est,
1202 679 1262 699 nec
1288 669 1460 709 imperator
1475 676 1576 708 neque
1591 676 1673 708 prae-

206 725 309 755 sectus
321 724 434 765 aliquis
447 734 504 765 pro
519 724 618 754 milite
639 733 775 764 unquam
803 729 915 759 utatur,
942 733 1001 754 nec
1028 723 1060 753 in
1086 723 1184 753 aciem
1215 722 1355 764 recipiat.
1380 722 1477 765 [945]
1502 721 1529 752 si
1559 725 1669 752 coum

206 778 326 814 fecerit,
339 778 491 809 rationum
508 778 739 808 referendarum
746 776 843 818 judex
862 776 891 807 id
906 783 1076 818 cognoscat
1089 787 1098 808 t
1130 782 1163 808 et
1178 776 1205 806 si
1220 777 1349 807 maximi
1365 786 1479 807 census
1493 776 1545 812 sit,
1558 775 1667 806 decem

207 833 323 871 minis;
353 832 380 862 si
399 832 540 868 secundi,
564 831 724 873 quinque3
749 831 775 862 si
802 831 898 868 tertii,
919 831 1043 869 tribus3
1066 832 1095 862 si
1115 832 1229 873 quarti,
1254 842 1317 862 una
1335 831 1441 872 ipsum
1467 829 1672 862 condemnet.

206 886 407 929 projectionis
418 891 523 917 autem
537 885 702 916 damnatus
714 895 778 915 non
794 886 895 916 solum
909 886 949 916 ob
960 891 1080 916 naturae
1097 885 1167 926 ejus
1181 885 1338 926 ignaviam
1356 895 1375 916 a
1389 885 1531 916 virilibus
1545 884 1671 925 pericu-

204 941 245 972 lis
259 945 411 976 arceatur,
426 940 483 971 sed
499 941 606 975 etiam,
622 940 648 969 si
665 939 791 969 maximi
806 949 919 969 census
931 944 989 974 cst,
1005 939 1112 970 decenn
1134 939 1275 970 similiter
1297 939 1468 970 mulctetur
1495 939 1588 969 minis
1601 949 1610 976 ;
1641 938 1669 969 si

205 994 346 1031 secundi,
370 995 506 1035 quinque
521 1005 530 1031 3
558 993 667 1030 tribus,
697 993 721 1023 si
754 993 836 1023 tertii
850 1005 856 1022 :
884 1003 947 1023 una
980 1003 1063 1029 vero,
1083 993 1111 1023 'si
1139 993 1252 1033 quarti.
1279 992 1319 1023 de
1349 993 1533 1034 repetendis
1560 1000 1664 1023 autem

204 1049 385 1084 rationibus,
397 1059 471 1089 quas
485 1047 684 1088 magistratus
699 1047 796 1077 annui
812 1052 894 1077 sorte
908 1047 1013 1083 creati,
1029 1047 1079 1077 vel
1093 1046 1230 1088 plurium
1244 1047 1339 1078 etiam
1361 1056 1514 1078 annorum
1536 1046 1669 1077 consilio

205 1103 341 1145 quodam
357 1102 483 1139 delecti,
498 1102 609 1133 referre
624 1101 755 1141 debent,
777 1101 852 1142 quid
870 1101 1031 1132 dicemus?
1055 1101 1125 1142 quis
1140 1101 1223 1132 enim
1245 1101 1405 1134 sufficiens
1423 1099 1671 1142 repetundarum

201 1156 303 1198 judex
328 1157 398 1194 crit,
427 1156 455 1187 si
483 1157 552 1197 quis
580 1158 791 1197 magistratus,
829 1166 930 1186 rerum
961 1156 1100 1197 pondere
1129 1166 1266 1197 pressus,
1296 1155 1411 1186 dixerit
1437 1155 1588 1186 feceritve
1617 1164 1674 1186 suo

205 1211 325 1252 aliquid
334 1210 499 1252 indignum
512 1210 717 1251 principatu?
746 1209 872 1241 difficile
888 1211 1020 1241 inventu
1038 1211 1095 1241 hoc
1112 1218 1169 1240 est.
1183 1221 1258 1241 nam
1272 1220 1343 1241 cum
1358 1209 1475 1241 delecti
1502 1208 1674 1251 magistra·

203 1269 257 1296 tus
271 1266 383 1296 virtute
399 1265 479 1295 alios
492 1265 696 1301 antecellant,
712 1276 772 1306 quo
799 1271 892 1305 pacto
917 1265 1167 1306 praestantiorem
1188 1265 1234 1295 eis
1255 1264 1476 1295 inveniemus?
1502 1268 1536 1294 et
1564 1268 1671 1293 tamen

206 1319 305 1350 divini
319 1319 416 1361 aliqui
428 1319 496 1355 viri,
509 1320 660 1349 rationum
676 1319 905 1350 referendarum
922 1325 1084 1350 exactores
1100 1324 1133 1349 et
1142 1319 1280 1361 judices,
1302 1319 1392 1349 nobis
1414 1317 1576 1360 quaerendi
1589 1324 1673 1349 sunt.

203 1373 248 1404 sic
270 1374 354 1404 enim
379 1384 411 1404 se
439 1384 490 1404 res
511 1373 606 1404 habet
620 1384 626 1402 :
650 1374 758 1403 multae
787 1374 966 1404 occasiones
993 1373 1152 1404 solvendae
1181 1373 1373 1414 reipublicae,
1406 1370 1672 1414 quemadmodum

203 1428 293 1458 navis
308 1433 362 1458 aut
377 1427 522 1458 animalis
537 1427 709 1469 cujusdam,
733 1437 802 1458 esse
826 1428 994 1458 videntur:
1021 1437 1150 1469 quarum
1175 1428 1249 1458 licet
1275 1437 1339 1458 una
1362 1431 1474 1457 natura
1494 1427 1536 1457 sit
1556 1425 1673 1466 ubique

202 1481 330 1517 diffusa,
346 1491 400 1512 eas
415 1487 519 1512 tamen
534 1481 731 1512 intensiones
747 1481 994 1523 fulcimentaque
1010 1487 1043 1512 et
1067 1491 1234 1512 nervorum
1255 1481 1468 1516 extensiones,
1495 1479 1670 1521 multisque

204 1535 275 1566 aliis
291 1536 469 1566 nominibus
486 1536 694 1577 appellamus.
714 1534 770 1566 sed
782 1535 849 1566 haec
864 1540 926 1566 tam
940 1535 1050 1566 salutis
1061 1545 1152 1576 quam
1168 1535 1341 1566 eversionis
1356 1534 1541 1575 reipublicae
1550 1532 1675 1564 occasio

203 1598 267 1620 non
282 1589 412 1620 minima
428 1595 486 1620 est.
508 1599 578 1620 narn
596 1589 622 1619 si
631 1588 766 1630 judices,
788 1589 840 1630 qui
872 1589 953 1630 gesti
979 1589 1176 1631 magistratus
1200 1589 1355 1620 rationem
1382 1588 1523 1629 exigunt,
1554 1587 1671 1617 virtute

202 1643 439 1683 magistratibus
450 1648 610 1685 praestent,
620 1648 713 1684 atque
723 1644 767 1674 ita
778 1644 809 1673 id
823 1643 888 1680 fiat,
901 1649 936 1674 ut
956 1654 1050 1674 nemo
1068 1643 1140 1684 jure
1161 1643 1309 1684 conqueri
1331 1643 1441 1684 possit,
1464 1642 1609 1672 universa
1628 1640 1674 1672 sic

203 1697 288 1738 regio
296 1697 432 1728 feliciter
441 1698 613 1738 civitasque
622 1697 809 1728 florebit.sin
821 1697 911 1728 aliter
914 1697 1069 1738 judicium
1079 1697 1324 1739 repetundarum
1341 1696 1541 1738 processerit,
1551 1700 1627 1726 tunc
1633 1705 1672 1726 eo

198 1749 323 1791 jndicio
335 1752 449 1788 soluto,
459 1762 521 1793 quo
531 1752 670 1782 inunum
679 1752 786 1783 civilia
794 1753 898 1783 omnia
909 1752 1102 1788 vinciuntur,
1115 1761 1222 1783 omnes
1237 1752 1439 1793 magistratus
1451 1751 1533 1782 alius
1557 1750 1596 1781 ab
1612 1749 1677 1781 alio

203 1803 432 1835 distrahuntur:
458 1805 580 1846 ipsique
593 1816 632 1836 ex
646 1815 709 1836 uno
726 1806 815 1836 multi
822 1805 888 1847 jam
904 1806 979 1837 facti
996 1816 1033 1836 ex
1048 1816 1111 1836 una
1125 1805 1334 1846 multiplicem
1348 1805 1506 1836 civitatem
1523 1803 1678 1835 efficiunt.

202 1857 275 1888 hinc
289 1859 385 1899 plena
400 1859 557 1890 seditione
574 1859 637 1890 cito
658 1860 763 1891 omnia
787 1865 982 1892 evertuntur.
1008 1869 1105 1901 quare
1132 1865 1291 1890 exactores
1315 1859 1470 1889 rationum
1495 1862 1620 1898 oportet
1644 1857 1679 1888 in

203 1912 289 1942 omni
313 1912 463 1943 virtutum
488 1924 603 1954 genere
628 1915 750 1944 cunctis
773 1914 938 1944 excellere.
962 1915 1021 1944 lioc
1044 1913 1140 1954 igitur
1163 1913 1259 1943 modo
1279 1913 1418 1954 ipsorum
1435 1911 1672 1952 generationem

203 1966 429 1996 machinemur.
452 1967 583 2007 singulis
598 1968 700 2003 annis,
713 1972 784 2007 post
799 1967 937 1997 aestivale
955 1967 1135 2003 solstitium,
1151 1967 1189 1996 ad
1206 1966 1312 1996 locum
1327 1966 1392 1996 Soli
1409 1971 1504 2007 atque
1528 1964 1677 2006 Apollini

204 2019 410 2050 communiter
425 2018 607 2050 dedicatum
623 2020 734 2050 civitas
748 2021 891 2050 universa
906 2019 1086 2055 conveniat,
1101 2025 1165 2050 tres
1181 2020 1263 2050 viros
1285 2019 1428 2055 electuri,
1454 2018 1552 2062 [946]
1577 2029 1673 2061 quem

203 2073 419 2114 unusquisque
434 2074 608 2108 meliorem,
631 2084 664 2104 se
680 2073 746 2104 solo
761 2079 907 2114 excepto,
915 2073 1038 2115 judicet
1055 2085 1061 2102 ι
1086 2074 1140 2114 qui
1155 2083 1220 2104 non
1237 2073 1399 2114 pauciores
1410 2083 1504 2114 quam
1517 2072 1675 2114 quinqua·

204 2127 290 2167 ginta
316 2132 408 2156 natus
434 2126 472 2157 sit
499 2137 610 2157 annos.
636 2127 808 2157 electorum
824 2127 939 2158 deinde
957 2127 1122 2158 dimidiam
1138 2133 1271 2168 partem,
1286 2127 1341 2167 qui
1359 2137 1379 2157 a
1394 2127 1537 2167 pluribus
1550 2126 1676 2168 praelati

204 2180 333 2216 fuerint,
349 2181 375 2210 si
389 2191 481 2221 pares
496 2186 579 2216 sunt,
596 2185 808 2221 anteponant:
833 2181 881 2211 sin
896 2191 968 2211 vero
982 2181 1117 2221 impares
1133 2181 1205 2216 sint,
1224 2191 1286 2212 uuo
1300 2186 1442 2222 excepto,
1459 2180 1509 2211 cui
1524 2180 1674 2221 pauciora

205 2234 353 2276 suffragia
367 2235 578 2275 contigemnt,
595 2234 755 2265 dimidiam
768 2234 911 2264 similiter
924 2235 1116 2275 reliquorum
1131 2239 1253 2275 partem
1269 2234 1438 2275 accipiant,
1454 2233 1673 2274 suffragiorum

205 2299 336 2320 numero
350 2288 601 2332 praejudicantes.
624 2288 707 2329 quod
731 2288 757 2318 si
774 2288 907 2329 aequalia
922 2298 1049 2319 numero
1065 2288 1211 2329 suffragia
1227 2288 1331 2318 multis
1345 2287 1473 2323 fuerint,
1490 2287 1676 2318 dimidium-

206 2353 267 2384 que
297 2353 460 2373 numerum
489 2342 643 2378 auxerint,
667 2342 772 2384 junior
799 2347 1025 2384 postponatur:
1065 2342 1267 2383 acceptisque
1294 2341 1364 2372 aliis
1390 2351 1511 2372 rursum
1536 2341 1674 2372 ferantur

207 2397 364 2437 suffragia,
382 2407 545 2438 quousque
562 2403 624 2427 tres
638 2396 809 2438 inaequales
825 2397 999 2428 obtineant.
1021 2401 1055 2427 at
1078 2397 1104 2426 si
1119 2397 1264 2427 omnibus
1276 2396 1327 2426 his
1340 2396 1391 2426 vel
1405 2395 1526 2426 duobus
1542 2396 1678 2436 aequalia

207 2451 357 2492 suffragia
379 2451 451 2486 sint,
471 2451 561 2481 bonae
581 2451 646 2493 jani
671 2451 802 2482 sortunae
828 2461 878 2481 res
893 2450 1113 2486 committatur,
1128 2455 1208 2481 sorte
1225 2450 1255 2480 hi
1272 2448 1500 2480 discernantur.
1521 2459 1603 2485 eum,
1619 2449 1676 2490 qui

209 2505 365 2546 suffragiis
380 2511 517 2546 superat,
533 2515 713 2546 rursumque
730 2506 867 2536 secundo
880 2505 950 2536 loco
964 2511 997 2535 et
1011 2504 1105 2535 tertio
1121 2503 1326 2540 declaratum,
1352 2513 1467 2535 corona
1489 2513 1526 2534 ex
1549 2512 1675 2544 semper

209 2559 336 2589 virentis
351 2556 588 2589 arboris'fronde
604 2564 753 2590 contexta
768 2565 906 2591 coronet.
930 2559 1013 2590 datis
1027 2559 1162 2600 praemiis
1183 2558 1341 2600 praeconio
1365 2557 1537 2593 declarent,
1562 2565 1675 2598 quem·

209 2612 378 2643 admodum
403 2614 642 2654 Magnesiorum
667 2614 788 2650 civitas,
812 2623 916 2644 rursus
941 2613 1012 2644 Deo
1036 2613 1117 2644 duce
1142 2618 1236 2643 nacta
1266 2612 1411 2648 salutem,
1427 2611 1513 2642 cives
1527 2609 1597 2651 ejus
1612 2614 1676 2641 tres

209 2667 350 2697 omnium
361 2667 508 2707 optimos,
519 2667 584 2698 Soli
596 2673 629 2698 et
642 2667 778 2709 Apollini
793 2677 974 2698 communes
982 2668 1135 2708 primitias
1144 2667 1246 2708 prisca
1256 2667 1340 2708 lege,
1353 2669 1508 2707 quatenus
1515 2663 1672 2706 judicium

210 2720 343 2751 secuturi
361 2727 442 2756 sunt,
459 2727 631 2752 consecrat.
650 2723 704 2762 qui
720 2722 820 2763 primo
836 2732 918 2752 anno
933 2720 1102 2752 duodecim
1117 2720 1363 2763 repetundarum
1383 2718 1538 2750 rationum
1554 2717 1670 2749 exami-

211 2781 334 2805 natores
357 2774 569 2805 constituant:
594 2775 689 2816 idque
710 2775 838 2814 faciant,
864 2775 964 2807 donec
987 2776 1118 2817 singulis
1143 2773 1393 2817 septuagesimus
1417 2772 1546 2814 quintus
1571 2781 1675 2802 annus

212 2831 341 2858 exactus
352 2827 393 2858 sit
410 2839 416 2856 :
442 2827 557 2859 deinde
573 2829 706 2871 singulis
727 2829 817 2860 annis
831 2835 896 2860 tres
911 2840 1034 2871 semper
1050 2830 1216 2860 addantur.
1239 2829 1269 2859 hi
1291 2827 1492 2868 magistratus
1506 2834 1627 2865 omnes,
1643 2825 1677 2856 in

214 2887 319 2923 partes
334 2881 499 2914 duodecim
512 2882 706 2920 distributos,
722 2885 805 2914 omni
823 2884 921 2915 libera
936 2884 1167 2915 examinatione
1187 2881 1371 2924 judicaturi,
1387 2879 1558 2922 diligenter
1572 2880 1679 2910 obser-

214 2942 297 2967 vent.
321 2935 464 2966 habitent
493 2943 598 2967 autern
623 2943 774 2978 tempore.
805 2948 866 2980 qno
891 2939 1026 2969 rationes
1050 2939 1108 2969 sibi
1132 2937 1315 2972 redduntur,
1340 2936 1374 2966 in
1397 2935 1480 2967 loco.
1506 2933 1559 2965 ubi
1581 2933 1676 2964 electi
