1840 3225
237 223 314 260 228
832 215 1098 255 PLATONJS
1609 213 1707 266 [606

238 325 355 366 quique
369 328 520 359 nostrum,
536 333 607 354 cum
622 322 766 353 audimus
782 321 955 352 Homerum
982 326 1036 351 aut
1063 319 1160 351 alium
1183 319 1326 361 quemvis
1352 319 1506 361 tragicum
1531 319 1709 351 imitantem

242 379 372 409 heroum
388 378 526 419 aliquem
550 377 657 408 dolore
688 376 847 412 afflictum,
876 376 1112 411 vociferantem,
1137 379 1171 405 et
1193 374 1365 405 deflentem
1391 374 1529 416 querulis
1554 373 1714 405 fortunam

241 441 331 461 suam
345 431 488 465 modulis,
503 436 536 461 et
550 436 679 471 pectora
694 430 807 470 pugnis
832 430 1072 470 percutientem,
1096 429 1291 459 delectamur
1316 427 1560 470 quodammodo,
1585 427 1710 458 inhian-

240 490 352 525 tesque
369 485 408 514 ad
421 485 478 515 illa
493 485 650 526 sequimur
665 494 714 519 ea,
731 493 854 524 unaque
869 483 1028 518 afficimur,
1042 493 1078 514 ac
1095 482 1177 513 serio
1193 482 1394 524 studioseque
1407 482 1508 518 illum,
1523 486 1560 512 ut
1580 480 1712 522 poetam

245 538 371 573 bonum,
389 537 563 574 laudamus,
580 537 634 578 qui
649 537 694 567 sic
709 547 766 567 nos
780 536 912 567 maxime
928 537 1077 567 moveat?
1124 535 1197 566 Grai
1205 547 1238 566 υ.
1263 535 1497 566 Animadverti.
1540 536 1599 566 So.
1620 534 1708 572 Quo-

243 591 328 621 tiens
342 597 448 622 autem
461 592 602 632 aliquem
617 596 756 622 nostrum
771 591 914 632 proprius
929 590 1057 631 quidam
1071 590 1193 620 invadit
1207 600 1330 626 moeror,
1344 600 1382 620 ex
1397 590 1553 621 contrario
1574 599 1633 620 nos
1656 589 1713 619 ho-

242 650 369 675 nestare
385 645 614 681 contendimus,
632 645 658 675 si
681 655 744 685 quo
767 646 864 685 paacto
880 645 1020 685 quietem
1048 654 1142 685 agere
1159 652 1192 674 et
1206 644 1339 675 tolerare
1364 644 1506 675 dolorem
1532 643 1692 674 valeamus
1707 654 1715 672 :

245 699 334 739 quasi
350 699 410 729 hoc
423 699 550 740 quidem
568 699 625 729 viri
640 699 691 734 sit,
707 699 848 729 mulieris
872 699 963 734 illud,
982 698 1066 738 quod
1082 703 1176 728 antea
1202 697 1420 733 laudabamus.
1463 696 1579 729 Graiu.
1601 696 1715 728 Plane.

245 753 302 784 So.
326 753 430 789 Quam
446 754 595 793 praeclara
611 753 679 783 haec
702 753 787 782 laus!
814 752 890 793 quin
917 751 1086 782 absurdum
1109 758 1168 787 est,
1188 758 1223 782 ut
1248 752 1302 793 qui
1325 752 1424 782 talem
1450 756 1576 792 spectat
1599 750 1714 786 virum,

246 807 374 846 qualem
397 817 467 837 esse
483 817 516 837 se
543 807 672 837 minime
696 807 794 837 vellet
822 807 1016 847 puderetque
1041 806 1188 841 maxime,
1209 815 1274 836 non
1301 811 1408 836 tamen
1436 805 1642 840 abominetur,
1658 803 1717 835 sed

247 859 423 891 delectetur
438 866 471 890 et
495 860 614 891 laudet.
658 860 774 891 Grau.
798 861 915 891 Praeter
937 860 1092 891 rationem
1106 860 1140 890 id
1161 870 1295 901 prorsus.
1319 860 1416 902 [606]
1440 859 1495 890 So-
1518 859 1625 894 certe,
1641 858 1669 889 si
1684 863 1719 888 et

247 914 306 945 hoc
319 913 414 945 modo
425 913 510 944 istud
522 914 790 945 animadverteris.
836 913 953 945 Gtsu.
976 914 1048 951 Quo
1060 914 1176 945 modo?
1221 914 1277 945 So.
1300 913 1394 952 Quod
1406 913 1557 944 videlicet
1575 912 1620 949 id,
1632 911 1718 953 quod

246 967 279 998 i¹n
293 967 427 1008 propriis
443 968 674 998 calamitatibus
686 968 718 998 vi
735 968 908 1003 cohibetur,
925 968 1167 1009 prohibeturque
1182 967 1216 997 in
1231 968 1376 998 lacrimas
1387 967 1541 1009 fletusque
1553 975 1718 1007 erumpere

249 1026 282 1051 et
293 1027 412 1051 naturae
429 1032 492 1052 suae
507 1022 706 1052 lacrimarum
732 1022 832 1052 avidae
852 1021 1029 1063 indulgere,
1042 1021 1122 1052 illud
1138 1022 1238 1062 ipsum
1260 1027 1319 1058 est,
1336 1021 1421 1063 quod
1446 1021 1551 1062 poete
1576 1020 1718 1061 explent,

249 1075 302 1105 cui
317 1074 442 1116 penitus
457 1075 672 1107 blandiuntur.
716 1076 807 1107 Tunc
823 1082 906 1107 certe
923 1081 956 1106 et
971 1076 1055 1117 quod
1069 1082 1182 1106 natura
1204 1076 1239 1106 in
1250 1076 1342 1107 nobis
1355 1081 1405 1106 est
1429 1075 1594 1116 optimum,
1607 1079 1719 1115 utliote

250 1139 310 1160 nec
325 1129 446 1160 ratione
462 1140 523 1160 nec
537 1140 596 1161 usu
611 1130 801 1161 sufficienter
816 1130 1015 1166 instructum,
1032 1131 1197 1171 querulum
1211 1130 1294 1161 istud
1312 1129 1430 1160 desinit
1444 1128 1611 1164 custodire,
1627 1127 1719 1169 quasi

250 1182 371 1213 alienas
384 1189 507 1224 spectet
522 1185 784 1225 perturbationes,
798 1185 942 1225 nihilque
958 1184 1018 1214 sibi
1039 1184 1189 1214 dedecori
1204 1184 1257 1220 sit,
1273 1184 1312 1220 si,
1326 1183 1399 1214 dum
1414 1184 1459 1214 vir
1473 1183 1566 1219 alius,
1587 1182 1644 1224 qui
1657 1181 1720 1212 vit-

247 1242 314 1267 tute
331 1243 480 1278 przestare
496 1249 530 1269 se
546 1238 708 1280 praedjcat,
732 1238 970 1269 immoderatius
993 1237 1118 1274 defleat,
1142 1238 1212 1279 ipse
1239 1238 1348 1269 laudet
1371 1248 1441 1269 eum
1468 1243 1502 1268 et
1526 1237 1722 1268 miseream-

251 1291 326 1332 quin
340 1292 584 1323 oblectationem
599 1293 687 1323 illam
703 1293 816 1324 lucran‘
832 1303 865 1323 se
879 1298 980 1333 putat,
1005 1303 1108 1334 neque
1124 1293 1192 1323 ulla
1205 1293 1327 1323 ratione
1343 1302 1381 1323 ex
1405 1297 1590 1332 contemptu
1613 1289 1722 1332 poesis

248 1345 306 1375 illa
321 1355 428 1376 carere
444 1357 478 1377 se
494 1348 601 1377 vellet.
618 1347 710 1387 pauci
724 1357 799 1377 sane
814 1347 1078 1383 animadvertunt,
1096 1353 1129 1377 ut
1142 1347 1283 1383 arbitror,
1300 1346 1385 1388 quod
1407 1357 1445 1377 ex
1462 1346 1575 1377 alienis
1588 1345 1623 1376 in
1645 1354 1719 1386 pro-

248 1399 319 1439 pria
334 1399 477 1441 trajicere
494 1400 615 1441 aliquid
629 1411 760 1431 necesse
777 1407 836 1432 est.
847 1411 963 1442 nempe
981 1412 1053 1432 cum
1067 1401 1100 1431 in
1116 1401 1228 1432 alienis
1255 1401 1401 1432 aerumnis
1425 1400 1530 1432 flebile
1555 1399 1721 1441 ingenim

252 1453 332 1484 illud
349 1454 516 1484 nutriveris
533 1455 811 1496 vehementiusque
828 1455 1015 1491 reddideris,
1031 1455 1116 1486 haud
1131 1455 1223 1486 facile
1239 1455 1318 1486 illud
1333 1456 1366 1486 in
1389 1455 1523 1497 propriis
1549 1453 1721 1486 coercebis.

253 1506 368 1538 GLAU.
392 1507 477 1539 Vera
488 1509 619 1539 nimium
630 1509 777 1550 loquelis.
814 1510 871 1540 So.
888 1509 1003 1540 Nonne
1017 1509 1127 1540 eadem
1138 1509 1178 1539 de
1191 1510 1255 1540 risu
1271 1515 1320 1541 est
1330 1510 1432 1540 ratio'!
1454 1508 1539 1551 quod
1550 1508 1636 1540 enim
1647 1507 1718 1548 ipse

249 1559 390 1591 effusiori
406 1561 469 1591 risu
485 1562 599 1593 imitari
616 1563 827 1599 erubesceres,
854 1575 925 1595 cum
949 1564 982 1594 in
1011 1563 1183 1595 comoedica
1197 1565 1247 1594 vel
1275 1564 1397 1605 privata
1422 1563 1598 1595 imitatione
1617 1561 1720 1596 audis,

251 1619 403 1655 tanquam
430 1615 597 1647 ridiculum
614 1617 820 1648 libentissime
838 1619 996 1649 auscultas
1011 1624 1043 1649 et
1057 1619 1200 1653 imitaris,
1226 1619 1374 1661 idemque
1397 1619 1450 1650 hic
1474 1618 1565 1654 facis,
1586 1614 1672 1658 quod
1686 1615 1721 1646 in

250 1668 428 1700 imitatione
445 1669 543 1700 flebili
559 1671 625 1701 fieri
642 1670 787 1702 diximus.
802 1682 876 1702 nam
900 1673 1063 1713 ingenium
1083 1672 1163 1703 illud
1190 1678 1277 1704 tuum
1292 1672 1333 1704 ad
1347 1673 1444 1704 risum
1470 1671 1610 1714 pruniuS,
1635 1669 1721 1711 quod

249 1723 319 1763 ipse
337 1723 368 1754 in
385 1728 416 1754 te
434 1734 452 1754 a
466 1725 529 1755 risu
545 1726 747 1762 continueris,
763 1727 881 1757 ven'tus
904 1727 1099 1758 scurrilitatis
1124 1728 1253 1764 crimen,
1273 1728 1323 1758 hic
1334 1727 1401 1770 jam
1424 1727 1556 1758 resolvis
1568 1726 1603 1756 in
1621 1726 1722 1767 jocos,

252 1777 582 1819 vehementioremque
600 1781 716 1810 sensim
728 1780 836 1810 reddis
852 1781 930 1810 n'sns
945 1781 1042 1822 ipsius
1059 1781 1218 1817 affectum,
1235 1788 1270 1812 ut
1281 1787 1313 1812 et
1327 1782 1462 1823 propriis
1475 1782 1509 1812 in
1533 1779 1671 1822 gesu'bus
1685 1778 1720 1809 in

252 1829 343 1866 risus,
357 1832 439 1861 ultra
456 1842 549 1872 quam
563 1833 687 1869 deceat,
703 1835 800 1875 ipsius
817 1834 931 1865 deferri
952 1835 1096 1876 incipias,
1114 1841 1146 1866 et
1170 1845 1273 1866 scurra
1296 1835 1446 1866 ridiculus
1471 1832 1722 1875 comoediaejocis

252 1883 390 1914 imbutus
406 1886 534 1916 evadas.
581 1887 697 1918 Gtiv.
720 1889 937 1919 Vehementer
952 1889 1090 1930 quidem.
1135 1890 1186 1921 So.
1213 1889 1301 1921 ldem
1328 1900 1451 1932 quoque
1467 1888 1507 1920 de
1525 1888 1668 1920 venereis
1690 1893 1723 1918 et

257 1937 421 1969 iracundia
437 1939 580 1977 dicimus,
598 1941 700 1983 deque
717 1943 862 1973 omnibus
877 1943 973 1973 animi
990 1944 1217 1984 cupiditatibus
1232 1954 1268 1975 ac
1284 1944 1458 1980 affectibus,
1475 1943 1515 1974 de
1534 1943 1676 1974 triffiibus
1689 1947 1724 1972 et

247 1991 408 2031 jucundis,
422 2004 499 2033 quas
522 2005 632 2026 omncs
657 1997 797 2027 actiones
813 2008 869 2028 nos
885 1998 974 2038 sequi
989 1999 1021 2034 in
1038 1998 1247 2039 superioribus
1261 1999 1406 2035 diximus,
1429 2004 1463 2029 et
1477 1998 1554 2029 talia
1577 1996 1721 2039 quaednm

254 2044 414 2084 poeticam
430 2047 639 2079 imitationem
655 2050 688 2080 iu
703 2051 799 2086 nobis,
809 2051 968 2092 effingere.
991 2053 1089 2082 nutrit
1104 2053 1189 2083 enim
1204 2053 1275 2088 ista,
1292 2054 1367 2084 dum
1382 2053 1468 2084 fovet
1482 2058 1577 2094 atque
1599 2052 1720 2093 irrigat,

250 2108 319 2139 qua¹
338 2100 441 2138 potius
454 2101 601 2133 ariditate
619 2104 818 2135 extenuanda
834 2106 914 2135 sint:
941 2106 1109 2147 efficitque,
1126 2114 1159 2137 ut
1173 2108 1238 2138 haec
1263 2107 1463 2138 dominentur
1477 2107 1509 2138 iu
1530 2106 1631 2142 nobis,
1647 2115 1719 2136 cum

254 2152 382 2183 subesse
399 2154 504 2194 potius
519 2155 641 2190 deccat,
657 2163 691 2187 ut
709 2159 852 2188 meliores
867 2159 1085 2200 beatiorosque
1102 2171 1137 2191 ex
1155 2161 1360 2192 deterioribus
1375 2166 1407 2191 et
1421 2159 1632 2191 miserioribus
1646 2169 1720 2190 eva-

251 2205 373 2236 damus.
417 2207 493 2238 Gti
502 2220 533 2239 υ.
558 2210 653 2240 Haud
682 2211 772 2242 aliter
802 2213 906 2243 dicere
934 2224 1072 2254 possum.
1117 2216 1172 2245 So.
1195 2215 1228 2245 Si
1259 2214 1385 2255 quando
1413 2215 1532 2255 itaque,
1563 2213 1720 2248 Glaucen.

252 2259 383 2290 Homeri
398 2261 577 2293 laudatores
603 2264 785 2301 offenderis
814 2267 1012 2307 audierisque
1041 2268 1185 2299 dicentes
1212 2269 1384 2300 Homerum
1409 2278 1536 2299 omnem
1563 2268 1721 2299 Graeciam

249 2312 401 2349 erudisse,
419 2325 536 2356 proque
553 2327 656 2348 rerum
672 2319 877 2350 humanarum
898 2322 1123 2362 gubernatione
1140 2329 1171 2353 et
1187 2323 1356 2364 disciplina
1371 2323 1500 2364 poetam
1516 2323 1598 2354 hune
1613 2322 1719 2353 obser-

249 2367 315 2396 vari
334 2374 506 2405 monentes,
524 2376 555 2400 et
572 2372 610 2401 ad
628 2372 695 2414 ejus
718 2373 861 2404 instituta
885 2385 1010 2405 omnem
1035 2376 1131 2406 vitam
1158 2378 1333 2407 instruere:
1361 2376 1460 2419 [607]
1481 2382 1654 2418 memento,
1671 2377 1721 2407 his

250 2430 320 2451 esse.
338 2425 630 2463 congratulandum,
646 2432 795 2468 tanquam
817 2439 873 2469 pro
895 2429 1044 2460 facultate
1060 2441 1116 2460 sua
1143 2431 1271 2471 optimis
1297 2431 1394 2470 viris3
1418 2430 1720 2472 concedendumque

249 2474 424 2507 Homerum
441 2479 583 2519 apprime
599 2480 760 2520 po'e'ticum
775 2492 845 2512 esse
861 2484 1109 2525 tragicorumque
1127 2486 1328 2526 praecipuum.
1351 2485 1432 2517 scito
1458 2493 1563 2516 autem
1583 2485 1720 2527 hymnos

247 2528 281 2558 in
297 2528 383 2560 Deos
399 2532 478 2562 etin
504 2533 640 2574 optimos
658 2535 738 2566 viros
762 2535 959 2568 laudationes
986 2537 1137 2570 duntaxat
1164 2550 1201 2570 ex
1224 2539 1315 2580 poesi
1341 2540 1375 2571 in
1397 2539 1526 2570 civim
1551 2537 1718 2570 admittere

250 2588 405 2622 opoitere.
430 2586 454 2615 si
472 2592 576 2617 autem
605 2589 821 2630 voluptuosam
849 2591 976 2622 Musam
1000 2592 1032 2623 in
1062 2593 1194 2624 canticis
1221 2599 1254 2624 et
1280 2594 1468 2625 carminibus
1494 2592 1720 2633 acceptumst&

250 2636 394 2676 voluptas
411 2639 443 2668 in
460 2639 587 2671 civitate
605 2653 642 2673 ac
658 2643 747 2674 dolor
761 2654 818 2685 pro
833 2645 904 2685 lege
920 2651 953 2676 et
967 2656 1023 2687 pro
1039 2647 1105 2683 illo,
1120 2647 1205 2689 quod
1219 2658 1344 2690 semper
1363 2648 1516 2689 optimum
1530 2646 1631 2677 visum
1658 2650 1720 2682 est.

245 2689 368 2720 ratione
405 2692 538 2729 scilicet,
567 2695 819 2729 dominabuntur.
872 2698 987 2731 GtAu.
1026 2701 1109 2732 Vera
1143 2702 1290 2743 loqueris.
1345 2702 1398 2733 So.
1430 2700 1508 2732 Haec
1542 2700 1650 2741 itaque
1683 2698 1717 2730 in

247 2751 318 2772 earn
343 2746 532 2777 sententiam
558 2748 642 2780 dicta
667 2751 729 2782 sint
755 2753 855 2789 nobis,
883 2754 966 2794 quod
994 2756 1104 2786 merito
1124 2766 1142 2786 e
1163 2757 1290 2787 civi-tate
1319 2755 1459 2797 poesim²
1476 2765 1546 2796 qum
1569 2754 1642 2785 talis
1665 2753 1717 2788 sit.

245 2797 433 2855 erpulimuS.
479 2799 593 2832 Grau.
616 2804 666 2834 Sic
683 2806 768 2836 enim
783 2807 863 2838 ratio
879 2809 1020 2849 cogebat.
1065 2810 1120 2840 So.
1145 2810 1183 2841 Id
1210 2820 1335 2851 quoque
1355 2809 1549 2852 adjiciamus,
1573 2818 1615 2839 ne
1642 2807 1716 2848 figi·

245 2849 353 2881 dltatis
380 2862 437 2884 nos
460 2855 705 2899 msticitatisque
733 2866 870 2897 accuset,
887 2863 960 2903 quia
978 2870 1067 2894 vetus
1094 2864 1237 2905 qnaedam
1265 2869 1365 2895 exstat
1394 2863 1477 2894 inter
1502 2862 1626 2904 poesim
1646 2861 1717 2902 phi-

240 2903 478 2947 losophiamque
507 2908 672 2942 dissensio.
700 2914 787 2956 cujus
811 2922 895 2947 certe
921 2919 1131 2950 contentionis
1159 2924 1376 2960 argumentum
1410 2917 1502 2948 nobis
1528 2916 1614 2947 dicta
1647 2916 1716 2946 haec

238 2967 306 2989 ‘²⁵⁵0
342 2970 482 3000 1³05ssssssss
519 2974 588 3004 ‘11¹ae
613 2967 787 3008 subjiciam,
817 2971 939 3014 aliaque
971 2974 1136 3014 permulta.
1165 2983 1290 3016 nempe,
1318 2972 1404 3004 canis
1438 2971 1494 3003 illa
1517 2971 1640 3012 garrula
1669 2968 1713 2999 nd
