<?xml version="1.0" encoding="UTF-8"?>
<!DOCTYPE html PUBLIC "-//W3C//DTD XHTML 1.0 Transitional//EN"
    "http://www.w3.org/TR/xhtml1/DTD/xhtml1-transitional.dtd">
<html xmlns="http://www.w3.org/1999/xhtml" xml:lang="en" lang="en">
 <head>
  <title>
</title>
<meta http-equiv="Content-Type" content="text/html;charset=utf-8" />
  <meta name='ocr-system' content='tesseract 3.04.00' />
  <meta name='ocr-capabilities' content='ocr_page ocr_carea ocr_par ocr_line ocrx_word'/>
</head>
<body>
  <div class='ocr_page' id='page_1' title='image "./platonisetquaeve11plat_0248.png"; bbox 0 0 1840 3225; ppageno 0'>
   <div class='ocr_carea' id='block_1_1' title="bbox 223 186 1688 238">
    <p class='ocr_par' dir='ltr' id='par_1_1' title="bbox 223 186 1688 238">
     <span class='ocr_line' id='line_1_1' title="bbox 223 186 1688 238; baseline -0.001 -14"><span class='ocrx_word' id='word_1_1' title='bbox 223 188 300 226; x_wconf 77' lang='lat'><strong>232</strong></span> <span class='ocrx_word' id='word_1_2' title='bbox 823 187 1090 228; x_wconf 77' lang='lat' dir='ltr'><strong>PLATONIS</strong></span> <span class='ocrx_word' id='word_1_3' title='bbox 1590 186 1688 238; x_wconf 84' lang='lat'><strong>[613</strong></span> 
     </span>
    </p>
   </div>
   <div class='ocr_carea' id='block_1_2' title="bbox 206 289 1691 2989">
    <p class='ocr_par' dir='ltr' id='par_1_2' title="bbox 206 289 1691 2989">
     <span class='ocr_line' id='line_1_2' title="bbox 224 289 1691 333; baseline -0.001 -12"><span class='ocrx_word' id='word_1_4' title='bbox 224 289 390 325; x_wconf 80' lang='lat' dir='ltr'><strong>amabitur,</strong></span> <span class='ocrx_word' id='word_1_5' title='bbox 406 290 485 321; x_wconf 86' lang='lat' dir='ltr'><strong>alter</strong></span> <span class='ocrx_word' id='word_1_6' title='bbox 499 289 572 321; x_wconf 89' lang='lat' dir='ltr'><strong>odio</strong></span> <span class='ocrx_word' id='word_1_7' title='bbox 587 289 760 327; x_wconf 81' lang='lat' dir='ltr'>habebitur,</span> <span class='ocrx_word' id='word_1_8' title='bbox 777 291 1040 332; x_wconf 81' lang='lat' dir='ltr'><strong>quemadmodum</strong></span> <span class='ocrx_word' id='word_1_9' title='bbox 1051 292 1083 323; x_wconf 90' lang='lat' dir='ltr'><strong>in</strong></span> <span class='ocrx_word' id='word_1_10' title='bbox 1097 291 1251 333; x_wconf 78' lang='lat' dir='ltr'><strong>principio</strong></span> <span class='ocrx_word' id='word_1_11' title='bbox 1262 291 1399 324; x_wconf 79' lang='lat' dir='ltr'>confessi</span> <span class='ocrx_word' id='word_1_12' title='bbox 1413 301 1531 322; x_wconf 86' lang='lat' dir='ltr'><strong>sumus.</strong></span> <span class='ocrx_word' id='word_1_13' title='bbox 1573 289 1691 322; x_wconf 61' lang='lat' dir='ltr'><strong>Gmu&#39;.</strong></span> 
     </span>
     <span class='ocr_line' id='line_1_3' title="bbox 229 343 1691 387; baseline 0 -13"><span class='ocrx_word' id='word_1_14' title='bbox 229 343 287 374; x_wconf 87' lang='lat' dir='ltr'><strong>Est</strong></span> <span class='ocrx_word' id='word_1_15' title='bbox 301 344 355 374; x_wconf 88' lang='lat' dir='ltr'><strong>ita.</strong></span> <span class='ocrx_word' id='word_1_16' title='bbox 398 343 454 376; x_wconf 88' lang='lat' dir='ltr'><strong>So.</strong></span> <span class='ocrx_word' id='word_1_17' title='bbox 475 343 618 375; x_wconf 86' lang='lat' dir='ltr'>Deorum</span> <span class='ocrx_word' id='word_1_18' title='bbox 634 349 740 375; x_wconf 87' lang='lat' dir='ltr'><strong>autem</strong></span> <span class='ocrx_word' id='word_1_19' title='bbox 755 345 855 376; x_wconf 86' lang='lat' dir='ltr'><strong>amico</strong></span> <span class='ocrx_word' id='word_1_20' title='bbox 871 346 987 382; x_wconf 82' lang='lat' dir='ltr'><strong>omnia,</strong></span> <span class='ocrx_word' id='word_1_21' title='bbox 1014 346 1111 387; x_wconf 80' lang='lat'><strong>[613]</strong></span> <span class='ocrx_word' id='word_1_22' title='bbox 1128 345 1232 387; x_wconf 87' lang='lat' dir='ltr'><strong>quoad</strong></span> <span class='ocrx_word' id='word_1_23' title='bbox 1247 346 1315 377; x_wconf 84' lang='lat' dir='ltr'><strong>fieri</strong></span> <span class='ocrx_word' id='word_1_24' title='bbox 1331 351 1445 387; x_wconf 79' lang='lat' dir='ltr'><strong>potest,</strong></span> <span class='ocrx_word' id='word_1_25' title='bbox 1461 355 1480 376; x_wconf 88' lang='lat' dir='ltr'><strong>a</strong></span> <span class='ocrx_word' id='word_1_26' title='bbox 1495 344 1557 376; x_wconf 79' lang='lat' dir='ltr'><strong>diis</strong></span> <span class='ocrx_word' id='word_1_27' title='bbox 1571 343 1691 385; x_wconf 73' lang='lat' dir='ltr'><strong>optima</strong></span> 
     </span>
     <span class='ocr_line' id='line_1_4' title="bbox 225 397 1688 441; baseline -0.001 -13"><span class='ocrx_word' id='word_1_28' title='bbox 225 398 401 430; x_wconf 81' lang='lat' dir='ltr'><strong>tribuuntur</strong></span> <span class='ocrx_word' id='word_1_29' title='bbox 415 409 424 437; x_wconf 76' lang='lat'><em>3</em></span> <span class='ocrx_word' id='word_1_30' title='bbox 446 398 508 429; x_wconf 87' lang='lat' dir='ltr'><strong>nisi</strong></span> <span class='ocrx_word' id='word_1_31' title='bbox 520 397 597 439; x_wconf 89' lang='lat' dir='ltr'><strong>quid</strong></span> <span class='ocrx_word' id='word_1_32' title='bbox 612 399 688 429; x_wconf 89' lang='lat' dir='ltr'><strong>mali</strong></span> <span class='ocrx_word' id='word_1_33' title='bbox 702 409 738 429; x_wconf 86' lang='lat' dir='ltr'><strong>ex</strong></span> <span class='ocrx_word' id='word_1_34' title='bbox 756 399 850 440; x_wconf 85' lang='lat' dir='ltr'>priori</span> <span class='ocrx_word' id='word_1_35' title='bbox 863 399 979 430; x_wconf 73' lang='lat' dir='ltr'><strong>delicto</strong></span> <span class='ocrx_word' id='word_1_36' title='bbox 992 401 1021 430; x_wconf 90' lang='lat' dir='ltr'><strong>ei</strong></span> <span class='ocrx_word' id='word_1_37' title='bbox 1032 400 1221 431; x_wconf 78' lang='lat' dir='ltr'><strong>necessitate</strong></span> <span class='ocrx_word' id='word_1_38' title='bbox 1231 399 1368 441; x_wconf 86' lang='lat' dir='ltr'><strong>quadam</strong></span> <span class='ocrx_word' id='word_1_39' title='bbox 1378 400 1553 431; x_wconf 74' lang='lat' dir='ltr'><strong>immineat.</strong></span> <span class='ocrx_word' id='word_1_40' title='bbox 1575 397 1688 429; x_wconf 75' lang='lat' dir='ltr'><strong>Guu.</strong></span> 
     </span>
     <span class='ocr_line' id='line_1_5' title="bbox 226 451 1688 496; baseline -0.001 -13"><span class='ocrx_word' id='word_1_41' title='bbox 226 451 376 484; x_wconf 84' lang='lat' dir='ltr'><strong>Omnino.</strong></span> <span class='ocrx_word' id='word_1_42' title='bbox 420 452 474 483; x_wconf 86' lang='lat' dir='ltr'><strong>So.</strong></span> <span class='ocrx_word' id='word_1_43' title='bbox 496 452 549 484; x_wconf 89' lang='lat' dir='ltr'><strong>Sic</strong></span> <span class='ocrx_word' id='word_1_44' title='bbox 563 452 669 494; x_wconf 83' lang='lat' dir='ltr'><strong>itaque</strong></span> <span class='ocrx_word' id='word_1_45' title='bbox 685 451 724 484; x_wconf 82' lang='lat' dir='ltr'><strong>de</strong></span> <span class='ocrx_word' id='word_1_46' title='bbox 734 453 819 495; x_wconf 86' lang='lat' dir='ltr'><strong>justo</strong></span> <span class='ocrx_word' id='word_1_47' title='bbox 835 453 900 484; x_wconf 90' lang='lat' dir='ltr'><strong>viro</strong></span> <span class='ocrx_word' id='word_1_48' title='bbox 915 453 1170 489; x_wconf 83' lang='lat' dir='ltr'><strong>existimandum,</strong></span> <span class='ocrx_word' id='word_1_49' title='bbox 1185 454 1252 485; x_wconf 88' lang='lat' dir='ltr'><strong>sive</strong></span> <span class='ocrx_word' id='word_1_50' title='bbox 1267 454 1299 485; x_wconf 90' lang='lat' dir='ltr'><strong>in</strong></span> <span class='ocrx_word' id='word_1_51' title='bbox 1314 453 1464 496; x_wconf 82' lang='lat' dir='ltr'><strong>pauperie</strong></span> <span class='ocrx_word' id='word_1_52' title='bbox 1489 463 1547 484; x_wconf 85' lang='lat' dir='ltr'><strong>seu</strong></span> <span class='ocrx_word' id='word_1_53' title='bbox 1571 452 1688 482; x_wconf 80' lang='lat' dir='ltr'>morbis</span> 
     </span>
     <span class='ocr_line' id='line_1_6' title="bbox 223 505 1687 548; baseline 0 -12"><span class='ocrx_word' id='word_1_54' title='bbox 223 506 290 537; x_wconf 85' lang='lat' dir='ltr'><strong>sive</strong></span> <span class='ocrx_word' id='word_1_55' title='bbox 306 507 466 547; x_wconf 78' lang='lat' dir='ltr'>quibusvis</span> <span class='ocrx_word' id='word_1_56' title='bbox 480 506 552 538; x_wconf 81' lang='lat' dir='ltr'><strong>aliis</strong></span> <span class='ocrx_word' id='word_1_57' title='bbox 565 517 602 537; x_wconf 90' lang='lat' dir='ltr'><strong>ex</strong></span> <span class='ocrx_word' id='word_1_58' title='bbox 618 507 669 543; x_wconf 86' lang='lat' dir='ltr'><strong>iis,</strong></span> <span class='ocrx_word' id='word_1_59' title='bbox 685 517 754 548; x_wconf 78' lang='lat' dir='ltr'><strong>quae</strong></span> <span class='ocrx_word' id='word_1_60' title='bbox 770 508 855 538; x_wconf 82' lang='lat' dir='ltr'><strong>mala</strong></span> <span class='ocrx_word' id='word_1_61' title='bbox 876 506 1032 543; x_wconf 87' lang='lat' dir='ltr'><strong>videntur,</strong></span> <span class='ocrx_word' id='word_1_62' title='bbox 1059 507 1153 538; x_wconf 82' lang='lat' dir='ltr'><strong>suerit</strong></span> <span class='ocrx_word' id='word_1_63' title='bbox 1175 507 1374 544; x_wconf 67' lang='lat' dir='ltr'><strong>constitutus,</strong></span> <span class='ocrx_word' id='word_1_64' title='bbox 1398 507 1471 539; x_wconf 87' lang='lat' dir='ltr'><strong>huic</strong></span> <span class='ocrx_word' id='word_1_65' title='bbox 1493 506 1621 537; x_wconf 84' lang='lat' dir='ltr'><strong>demum</strong></span> <span class='ocrx_word' id='word_1_66' title='bbox 1634 505 1687 536; x_wconf 84' lang='lat' dir='ltr'><strong>vel</strong></span> 
     </span>
     <span class='ocr_line' id='line_1_7' title="bbox 223 560 1688 604; baseline -0.001 -13"><span class='ocrx_word' id='word_1_67' title='bbox 223 560 343 592; x_wconf 87' lang='lat' dir='ltr'><strong>viventi</strong></span> <span class='ocrx_word' id='word_1_68' title='bbox 356 561 408 592; x_wconf 86' lang='lat' dir='ltr'><strong>vel</strong></span> <span class='ocrx_word' id='word_1_69' title='bbox 423 566 544 592; x_wconf 85' lang='lat' dir='ltr'><strong>mortuo</strong></span> <span class='ocrx_word' id='word_1_70' title='bbox 559 560 600 592; x_wconf 92' lang='lat' dir='ltr'><strong>ad</strong></span> <span class='ocrx_word' id='word_1_71' title='bbox 622 561 739 592; x_wconf 91' lang='lat' dir='ltr'><strong>bonum</strong></span> <span class='ocrx_word' id='word_1_72' title='bbox 753 561 879 603; x_wconf 82' lang='lat' dir='ltr'>aliquod</span> <span class='ocrx_word' id='word_1_73' title='bbox 903 562 964 592; x_wconf 83' lang='lat' dir='ltr'><strong>ista</strong></span> <span class='ocrx_word' id='word_1_74' title='bbox 990 561 1177 594; x_wconf 84' lang='lat' dir='ltr'><strong>conducere.</strong></span> <span class='ocrx_word' id='word_1_75' title='bbox 1197 572 1302 604; x_wconf 88' lang='lat' dir='ltr'><strong>neque</strong></span> <span class='ocrx_word' id='word_1_76' title='bbox 1327 562 1413 593; x_wconf 89' lang='lat' dir='ltr'><strong>enim</strong></span> <span class='ocrx_word' id='word_1_77' title='bbox 1428 571 1447 592; x_wconf 83' lang='lat' dir='ltr'><strong>a</strong></span> <span class='ocrx_word' id='word_1_78' title='bbox 1462 560 1524 592; x_wconf 81' lang='lat' dir='ltr'><strong>diis</strong></span> <span class='ocrx_word' id='word_1_79' title='bbox 1549 568 1688 601; x_wconf 76' lang='lat' dir='ltr'><strong>unquam</strong></span> 
     </span>
     <span class='ocr_line' id='line_1_8' title="bbox 223 612 1687 658; baseline -0.003 -11"><span class='ocrx_word' id='word_1_80' title='bbox 223 615 405 656; x_wconf 84' lang='lat' dir='ltr'><strong>negligitur,</strong></span> <span class='ocrx_word' id='word_1_81' title='bbox 417 615 595 657; x_wconf 87' lang='lat' dir='ltr'><strong>quicunque</strong></span> <span class='ocrx_word' id='word_1_82' title='bbox 607 615 713 646; x_wconf 79' lang='lat' dir='ltr'><strong>conari</strong></span> <span class='ocrx_word' id='word_1_83' title='bbox 723 616 857 647; x_wconf 86' lang='lat' dir='ltr'><strong>voluerit</strong></span> <span class='ocrx_word' id='word_1_84' title='bbox 864 616 966 658; x_wconf 81' lang='lat' dir='ltr'><strong>justus</strong></span> <span class='ocrx_word' id='word_1_85' title='bbox 975 615 1109 648; x_wconf 84' lang='lat' dir='ltr'><strong>evadere</strong></span> <span class='ocrx_word' id='word_1_86' title='bbox 1125 617 1310 658; x_wconf 84' lang='lat' dir='ltr'><strong>virtutisque</strong></span> <span class='ocrx_word' id='word_1_87' title='bbox 1321 616 1442 652; x_wconf 81' lang='lat' dir='ltr'><strong>officiis,</strong></span> <span class='ocrx_word' id='word_1_88' title='bbox 1451 613 1556 657; x_wconf 80' lang='lat' dir='ltr'><strong>quoad</strong></span> <span class='ocrx_word' id='word_1_89' title='bbox 1567 612 1687 644; x_wconf 83' lang='lat' dir='ltr'><strong>homini</strong></span> 
     </span>
     <span class='ocr_line' id='line_1_9' title="bbox 223 667 1688 706; baseline -0.002 -5"><span class='ocrx_word' id='word_1_90' title='bbox 223 670 309 706; x_wconf 87' lang='lat' dir='ltr'><strong>licet,</strong></span> <span class='ocrx_word' id='word_1_91' title='bbox 326 669 398 700; x_wconf 87' lang='lat' dir='ltr'><strong>Deo</strong></span> <span class='ocrx_word' id='word_1_92' title='bbox 412 668 523 700; x_wconf 83' lang='lat' dir='ltr'><strong>similis</strong></span> <span class='ocrx_word' id='word_1_93' title='bbox 537 669 616 702; x_wconf 77' lang='lat' dir='ltr'><strong>fieri.</strong></span> <span class='ocrx_word' id='word_1_94' title='bbox 662 668 776 700; x_wconf 76' lang='lat' dir='ltr'><strong>GLAU.</strong></span> <span class='ocrx_word' id='word_1_95' title='bbox 799 669 930 702; x_wconf 86' lang='lat' dir='ltr'><strong>Decens</strong></span> <span class='ocrx_word' id='word_1_96' title='bbox 950 676 998 701; x_wconf 88' lang='lat' dir='ltr'><strong>est</strong></span> <span class='ocrx_word' id='word_1_97' title='bbox 1023 671 1120 702; x_wconf 87' lang='lat' dir='ltr'><strong>talem</strong></span> <span class='ocrx_word' id='word_1_98' title='bbox 1147 671 1248 702; x_wconf 90' lang='lat' dir='ltr'><strong>virum</strong></span> <span class='ocrx_word' id='word_1_99' title='bbox 1262 681 1282 702; x_wconf 83' lang='lat' dir='ltr'><strong>a</strong></span> <span class='ocrx_word' id='word_1_100' title='bbox 1305 669 1403 702; x_wconf 82' lang='lat' dir='ltr'><strong>simili</strong></span> <span class='ocrx_word' id='word_1_101' title='bbox 1424 679 1489 701; x_wconf 86' lang='lat' dir='ltr'><strong>non</strong></span> <span class='ocrx_word' id='word_1_102' title='bbox 1514 667 1688 700; x_wconf 77' lang='lat' dir='ltr'><strong>contemni.</strong></span> 
     </span>
     <span class='ocr_line' id='line_1_10' title="bbox 220 721 1685 766; baseline -0.002 -11"><span class='ocrx_word' id='word_1_103' title='bbox 220 724 275 756; x_wconf 93' lang='lat' dir='ltr'><strong>So.</strong></span> <span class='ocrx_word' id='word_1_104' title='bbox 299 724 350 755; x_wconf 86' lang='lat' dir='ltr'><strong>De</strong></span> <span class='ocrx_word' id='word_1_105' title='bbox 366 723 480 766; x_wconf 83' lang='lat' dir='ltr'><strong>injusto</strong></span> <span class='ocrx_word' id='word_1_106' title='bbox 505 729 611 754; x_wconf 87' lang='lat' dir='ltr'><strong>autem</strong></span> <span class='ocrx_word' id='word_1_107' title='bbox 626 728 735 755; x_wconf 81' lang='lat' dir='ltr'><strong>contra</strong></span> <span class='ocrx_word' id='word_1_108' title='bbox 758 724 887 755; x_wconf 81' lang='lat' dir='ltr'><strong>omnino</strong></span> <span class='ocrx_word' id='word_1_109' title='bbox 902 730 950 755; x_wconf 73' lang='lat' dir='ltr'><strong>est</strong></span> <span class='ocrx_word' id='word_1_110' title='bbox 965 724 1177 756; x_wconf 85' lang='lat' dir='ltr'><strong>sentiendum.</strong></span> <span class='ocrx_word' id='word_1_111' title='bbox 1221 726 1337 757; x_wconf 62' lang='lat' dir='ltr'><strong>Gnsu.</strong></span> <span class='ocrx_word' id='word_1_112' title='bbox 1360 724 1585 756; x_wconf 79' lang='lat' dir='ltr'><strong>Vehementer.</strong></span> <span class='ocrx_word' id='word_1_113' title='bbox 1627 721 1685 752; x_wconf 88' lang='lat' dir='ltr'><strong>So.</strong></span> 
     </span>
     <span class='ocr_line' id='line_1_11' title="bbox 219 774 1684 820; baseline -0.003 -10"><span class='ocrx_word' id='word_1_114' title='bbox 219 777 320 820; x_wconf 84' lang='lat' dir='ltr'><strong>Apud</strong></span> <span class='ocrx_word' id='word_1_115' title='bbox 335 777 412 809; x_wconf 86' lang='lat' dir='ltr'><strong>deos</strong></span> <span class='ocrx_word' id='word_1_116' title='bbox 421 778 517 818; x_wconf 84' lang='lat' dir='ltr'><strong>igitur</strong></span> <span class='ocrx_word' id='word_1_117' title='bbox 525 777 611 819; x_wconf 83' lang='lat' dir='ltr'><strong>justo</strong></span> <span class='ocrx_word' id='word_1_118' title='bbox 624 777 690 808; x_wconf 85' lang='lat' dir='ltr'><strong>viro</strong></span> <span class='ocrx_word' id='word_1_119' title='bbox 705 778 771 809; x_wconf 85' lang='lat' dir='ltr'><strong>haec</strong></span> <span class='ocrx_word' id='word_1_120' title='bbox 796 777 919 810; x_wconf 83' lang='lat' dir='ltr'><strong>dabitur</strong></span> <span class='ocrx_word' id='word_1_121' title='bbox 945 779 1060 820; x_wconf 73' lang='lat' dir='ltr'><strong>palma.</strong></span> <span class='ocrx_word' id='word_1_122' title='bbox 1105 779 1221 811; x_wconf 71' lang='lat' dir='ltr'><strong>GLAu.</strong></span> <span class='ocrx_word' id='word_1_123' title='bbox 1243 779 1296 811; x_wconf 87' lang='lat' dir='ltr'><strong>Sic</strong></span> <span class='ocrx_word' id='word_1_124' title='bbox 1323 779 1463 810; x_wconf 80' lang='lat' dir='ltr'><strong>arbitror.</strong></span> <span class='ocrx_word' id='word_1_125' title='bbox 1507 777 1562 809; x_wconf 88' lang='lat' dir='ltr'><strong>So.</strong></span> <span class='ocrx_word' id='word_1_126' title='bbox 1585 774 1684 817; x_wconf 81' lang='lat' dir='ltr'><strong>Apud</strong></span> 
     </span>
     <span class='ocr_line' id='line_1_12' title="bbox 219 830 1685 875; baseline -0.003 -11"><span class='ocrx_word' id='word_1_127' title='bbox 219 833 362 864; x_wconf 83' lang='lat' dir='ltr'><strong>homines</strong></span> <span class='ocrx_word' id='word_1_128' title='bbox 374 838 480 863; x_wconf 85' lang='lat' dir='ltr'><strong>autem</strong></span> <span class='ocrx_word' id='word_1_129' title='bbox 494 842 599 863; x_wconf 91' lang='lat' dir='ltr'><strong>nonne</strong></span> <span class='ocrx_word' id='word_1_130' title='bbox 611 832 656 863; x_wconf 85' lang='lat' dir='ltr'><strong>sic</strong></span> <span class='ocrx_word' id='word_1_131' title='bbox 675 832 791 868; x_wconf 90' lang='lat' dir='ltr'><strong>evenit,</strong></span> <span class='ocrx_word' id='word_1_132' title='bbox 807 833 834 863; x_wconf 88' lang='lat' dir='ltr'><strong>si</strong></span> <span class='ocrx_word' id='word_1_133' title='bbox 846 843 921 864; x_wconf 86' lang='lat' dir='ltr'><strong>vera</strong></span> <span class='ocrx_word' id='word_1_134' title='bbox 935 833 1026 866; x_wconf 80' lang='lat' dir='ltr'><strong>fateri</strong></span> <span class='ocrx_word' id='word_1_135' title='bbox 1041 834 1217 865; x_wconf 86' lang='lat' dir='ltr'><strong>debemus?</strong></span> <span class='ocrx_word' id='word_1_136' title='bbox 1263 833 1382 865; x_wconf 84' lang='lat' dir='ltr'><strong>Canidi</strong></span> <span class='ocrx_word' id='word_1_137' title='bbox 1396 831 1526 875; x_wconf 82' lang='lat' dir='ltr'><strong>quidem</strong></span> <span class='ocrx_word' id='word_1_138' title='bbox 1540 830 1685 862; x_wconf 85' lang='lat' dir='ltr'><strong>homines</strong></span> 
     </span>
     <span class='ocr_line' id='line_1_13' title="bbox 220 884 1683 929; baseline -0.003 -10"><span class='ocrx_word' id='word_1_139' title='bbox 220 892 254 919; x_wconf 85' lang='lat' dir='ltr'><strong>et</strong></span> <span class='ocrx_word' id='word_1_140' title='bbox 281 887 382 929; x_wconf 90' lang='lat' dir='ltr'><strong>iniqui</strong></span> <span class='ocrx_word' id='word_1_141' title='bbox 407 885 538 928; x_wconf 83' lang='lat' dir='ltr'><strong>perinde</strong></span> <span class='ocrx_word' id='word_1_142' title='bbox 565 885 685 917; x_wconf 77' lang='lat' dir='ltr'><strong>faciunt</strong></span> <span class='ocrx_word' id='word_1_143' title='bbox 720 896 757 917; x_wconf 86' lang='lat' dir='ltr'><strong>ac</strong></span> <span class='ocrx_word' id='word_1_144' title='bbox 780 897 920 918; x_wconf 87' lang='lat' dir='ltr'><strong>cursores</strong></span> <span class='ocrx_word' id='word_1_145' title='bbox 958 888 1017 924; x_wconf 88' lang='lat' dir='ltr'><strong>illi,</strong></span> <span class='ocrx_word' id='word_1_146' title='bbox 1043 889 1096 929; x_wconf 86' lang='lat' dir='ltr'><strong>qui</strong></span> <span class='ocrx_word' id='word_1_147' title='bbox 1120 889 1158 919; x_wconf 87' lang='lat' dir='ltr'><strong>ab</strong></span> <span class='ocrx_word' id='word_1_148' title='bbox 1189 887 1387 919; x_wconf 78' lang='lat' dir='ltr'><strong>inferioribus</strong></span> <span class='ocrx_word' id='word_1_149' title='bbox 1423 891 1551 918; x_wconf 83' lang='lat' dir='ltr'><strong>currunt</strong></span> <span class='ocrx_word' id='word_1_150' title='bbox 1586 884 1683 920; x_wconf 82' lang='lat' dir='ltr'><strong>bene,</strong></span> 
     </span>
     <span class='ocr_line' id='line_1_14' title="bbox 220 939 1683 983; baseline -0.003 -10"><span class='ocrx_word' id='word_1_151' title='bbox 220 952 240 973; x_wconf 87' lang='lat' dir='ltr'><strong>a</strong></span> <span class='ocrx_word' id='word_1_152' title='bbox 263 941 474 983; x_wconf 84' lang='lat' dir='ltr'><strong>superioribus</strong></span> <span class='ocrx_word' id='word_1_153' title='bbox 499 940 640 971; x_wconf 86' lang='lat' dir='ltr'><strong>minime.</strong></span> <span class='ocrx_word' id='word_1_154' title='bbox 681 951 756 972; x_wconf 85' lang='lat' dir='ltr'><strong>nam</strong></span> <span class='ocrx_word' id='word_1_155' title='bbox 790 941 891 982; x_wconf 87' lang='lat' dir='ltr'><strong>primo</strong></span> <span class='ocrx_word' id='word_1_156' title='bbox 929 943 1074 973; x_wconf 85' lang='lat' dir='ltr'><strong>celeriter</strong></span> <span class='ocrx_word' id='word_1_157' title='bbox 1108 943 1256 973; x_wconf 84' lang='lat' dir='ltr'><strong>exsiliunt</strong></span> <span class='ocrx_word' id='word_1_158' title='bbox 1270 953 1277 972; x_wconf 90' lang='lat'>:</span> <span class='ocrx_word' id='word_1_159' title='bbox 1309 941 1441 972; x_wconf 81' lang='lat' dir='ltr'><strong>tandem</strong></span> <span class='ocrx_word' id='word_1_160' title='bbox 1478 949 1552 970; x_wconf 79' lang='lat' dir='ltr'><strong>vero</strong></span> <span class='ocrx_word' id='word_1_161' title='bbox 1584 939 1683 969; x_wconf 81' lang='lat' dir='ltr'><strong>risum</strong></span> 
     </span>
     <span class='ocr_line' id='line_1_15' title="bbox 219 994 1684 1038; baseline -0.001 -11"><span class='ocrx_word' id='word_1_162' title='bbox 219 1001 393 1038; x_wconf 83' lang='lat' dir='ltr'><strong>reportant,</strong></span> <span class='ocrx_word' id='word_1_163' title='bbox 425 995 551 1026; x_wconf 86' lang='lat' dir='ltr'><strong>auribus</strong></span> <span class='ocrx_word' id='word_1_164' title='bbox 582 994 728 1025; x_wconf 85' lang='lat' dir='ltr'><strong>demissis</strong></span> <span class='ocrx_word' id='word_1_165' title='bbox 755 1000 788 1025; x_wconf 87' lang='lat' dir='ltr'><strong>et</strong></span> <span class='ocrx_word' id='word_1_166' title='bbox 815 996 884 1026; x_wconf 88' lang='lat' dir='ltr'><strong>sine</strong></span> <span class='ocrx_word' id='word_1_167' title='bbox 911 1006 1026 1028; x_wconf 86' lang='lat' dir='ltr'><strong>corona</strong></span> <span class='ocrx_word' id='word_1_168' title='bbox 1059 996 1272 1028; x_wconf 85' lang='lat' dir='ltr'><strong>discedentes.</strong></span> <span class='ocrx_word' id='word_1_169' title='bbox 1301 995 1368 1026; x_wconf 89' lang='lat' dir='ltr'><strong>veri</strong></span> <span class='ocrx_word' id='word_1_170' title='bbox 1405 1000 1512 1026; x_wconf 72' lang='lat' dir='ltr'><strong>autem</strong></span> <span class='ocrx_word' id='word_1_171' title='bbox 1541 1001 1684 1025; x_wconf 75' lang='lat' dir='ltr'><strong>cursores</strong></span> 
     </span>
     <span class='ocr_line' id='line_1_16' title="bbox 216 1045 1682 1092; baseline -0.003 -11"><span class='ocrx_word' id='word_1_172' title='bbox 216 1050 260 1082; x_wconf 87' lang='lat' dir='ltr'><strong>ad</strong></span> <span class='ocrx_word' id='word_1_173' title='bbox 283 1051 378 1080; x_wconf 87' lang='lat' dir='ltr'><strong>finem</strong></span> <span class='ocrx_word' id='word_1_174' title='bbox 401 1049 600 1090; x_wconf 88' lang='lat' dir='ltr'><strong>perveniunt,</strong></span> <span class='ocrx_word' id='word_1_175' title='bbox 624 1049 796 1090; x_wconf 85' lang='lat' dir='ltr'><strong>adeptique</strong></span> <span class='ocrx_word' id='word_1_176' title='bbox 817 1050 981 1091; x_wconf 63' lang='lat' dir='ltr'><strong>praemium</strong></span> <span class='ocrx_word' id='word_1_177' title='bbox 1006 1057 1204 1082; x_wconf 80' lang='lat' dir='ltr'><strong>coronantur.</strong></span> <span class='ocrx_word' id='word_1_178' title='bbox 1227 1050 1303 1081; x_wconf 85' lang='lat' dir='ltr'><strong>viris</strong></span> <span class='ocrx_word' id='word_1_179' title='bbox 1317 1049 1410 1092; x_wconf 88' lang='lat' dir='ltr'><strong>justis</strong></span> <span class='ocrx_word' id='word_1_180' title='bbox 1435 1047 1579 1079; x_wconf 79' lang='lat' dir='ltr'><strong>similiter</strong></span> <span class='ocrx_word' id='word_1_181' title='bbox 1593 1045 1682 1078; x_wconf 82' lang='lat' dir='ltr'><strong>idem</strong></span> 
     </span>
     <span class='ocr_line' id='line_1_17' title="bbox 218 1101 1681 1148; baseline -0.003 -12"><span class='ocrx_word' id='word_1_182' title='bbox 218 1110 254 1136; x_wconf 91' lang='lat' dir='ltr'><strong>ut</strong></span> <span class='ocrx_word' id='word_1_183' title='bbox 267 1105 437 1146; x_wconf 87' lang='lat' dir='ltr'><strong>plurimum</strong></span> <span class='ocrx_word' id='word_1_184' title='bbox 459 1103 586 1135; x_wconf 80' lang='lat' dir='ltr'><strong>accidit.</strong></span> <span class='ocrx_word' id='word_1_185' title='bbox 608 1113 725 1145; x_wconf 82' lang='lat' dir='ltr'><strong>nempe</strong></span> <span class='ocrx_word' id='word_1_186' title='bbox 751 1104 784 1135; x_wconf 85' lang='lat' dir='ltr'><strong>in</strong></span> <span class='ocrx_word' id='word_1_187' title='bbox 809 1105 871 1135; x_wconf 87' lang='lat' dir='ltr'><strong>fine</strong></span> <span class='ocrx_word' id='word_1_188' title='bbox 902 1105 1051 1148; x_wconf 87' lang='lat' dir='ltr'><strong>cujusque</strong></span> <span class='ocrx_word' id='word_1_189' title='bbox 1076 1105 1209 1136; x_wconf 79' lang='lat' dir='ltr'><strong>aetionis</strong></span> <span class='ocrx_word' id='word_1_190' title='bbox 1235 1103 1532 1144; x_wconf 81' lang='lat' dir='ltr'><strong>consuetudinisque</strong></span> <span class='ocrx_word' id='word_1_191' title='bbox 1557 1106 1592 1133; x_wconf 82' lang='lat' dir='ltr'><strong>et</strong></span> <span class='ocrx_word' id='word_1_192' title='bbox 1605 1101 1681 1132; x_wconf 77' lang='lat' dir='ltr'><strong>vitae</strong></span> 
     </span>
     <span class='ocr_line' id='line_1_18' title="bbox 216 1147 1679 1200; baseline -0.002 -11"><span class='ocrx_word' id='word_1_193' title='bbox 216 1159 396 1200; x_wconf 82' lang='lat' dir='ltr'><strong>probantur,</strong></span> <span class='ocrx_word' id='word_1_194' title='bbox 426 1168 619 1200; x_wconf 85' lang='lat' dir='ltr'><strong>muneraque</strong></span> <span class='ocrx_word' id='word_1_195' title='bbox 650 1158 689 1189; x_wconf 83' lang='lat' dir='ltr'><strong>ab</strong></span> <span class='ocrx_word' id='word_1_196' title='bbox 719 1159 898 1190; x_wconf 84' lang='lat' dir='ltr'><strong>hominibus</strong></span> <span class='ocrx_word' id='word_1_197' title='bbox 928 1159 1078 1190; x_wconf 84' lang='lat' dir='ltr'><strong>referunt.</strong></span> <span class='ocrx_word' id='word_1_198' title='bbox 1122 1159 1240 1192; x_wconf 71' lang='lat' dir='ltr'><strong>GLAu.</strong></span> <span class='ocrx_word' id='word_1_199' title='bbox 1271 1160 1481 1200; x_wconf 84' lang='lat' dir='ltr'><strong>Magnopere.</strong></span> <span class='ocrx_word' id='word_1_200' title='bbox 1523 1157 1582 1189; x_wconf 88' lang='lat' dir='ltr'><strong>So.</strong></span> <span class='ocrx_word' id='word_1_201' title='bbox 1604 1147 1679 1188; x_wconf 76' lang='lat' dir='ltr'><strong>Su&#39;s-</strong></span> 
     </span>
     <span class='ocr_line' id='line_1_19' title="bbox 217 1209 1685 1256; baseline 0.001 -12"><span class='ocrx_word' id='word_1_202' title='bbox 217 1213 386 1249; x_wconf 82' lang='lat' dir='ltr'><strong>tinebisne‚</strong></span> <span class='ocrx_word' id='word_1_203' title='bbox 402 1218 437 1244; x_wconf 90' lang='lat' dir='ltr'><strong>ut</strong></span> <span class='ocrx_word' id='word_1_204' title='bbox 450 1223 509 1254; x_wconf 87' lang='lat' dir='ltr'><strong>ego</strong></span> <span class='ocrx_word' id='word_1_205' title='bbox 522 1212 561 1243; x_wconf 90' lang='lat' dir='ltr'><strong>de</strong></span> <span class='ocrx_word' id='word_1_206' title='bbox 577 1213 636 1249; x_wconf 88' lang='lat' dir='ltr'><strong>his,</strong></span> <span class='ocrx_word' id='word_1_207' title='bbox 652 1223 721 1254; x_wconf 84' lang='lat' dir='ltr'><strong>quae</strong></span> <span class='ocrx_word' id='word_1_208' title='bbox 741 1218 776 1244; x_wconf 86' lang='lat' dir='ltr'><strong>tu</strong></span> <span class='ocrx_word' id='word_1_209' title='bbox 791 1213 831 1244; x_wconf 91' lang='lat' dir='ltr'><strong>de</strong></span> <span class='ocrx_word' id='word_1_210' title='bbox 847 1214 981 1256; x_wconf 86' lang='lat' dir='ltr'><strong>injustis,</strong></span> <span class='ocrx_word' id='word_1_211' title='bbox 994 1213 1172 1246; x_wconf 82' lang='lat' dir='ltr'><strong>adducam?</strong></span> <span class='ocrx_word' id='word_1_212' title='bbox 1195 1212 1300 1245; x_wconf 84' lang='lat' dir='ltr'><strong>dicam</strong></span> <span class='ocrx_word' id='word_1_213' title='bbox 1322 1213 1481 1255; x_wconf 78' lang='lat' dir='ltr'><strong>equidem.</strong></span> <span class='ocrx_word' id='word_1_214' title='bbox 1497 1210 1577 1254; x_wconf 86' lang='lat' dir='ltr'><strong>justi</strong></span> <span class='ocrx_word' id='word_1_215' title='bbox 1587 1209 1685 1245; x_wconf 47' lang='lat' dir='ltr'><strong>enims</strong></span> 
     </span>
     <span class='ocr_line' id='line_1_20' title="bbox 216 1265 1682 1309; baseline 0 -10"><span class='ocrx_word' id='word_1_216' title='bbox 216 1278 289 1299; x_wconf 90' lang='lat' dir='ltr'><strong>cum</strong></span> <span class='ocrx_word' id='word_1_217' title='bbox 305 1267 346 1299; x_wconf 89' lang='lat' dir='ltr'><strong>ad</strong></span> <span class='ocrx_word' id='word_1_218' title='bbox 361 1272 515 1298; x_wconf 86' lang='lat' dir='ltr'><strong>maturam</strong></span> <span class='ocrx_word' id='word_1_219' title='bbox 529 1272 655 1298; x_wconf 85' lang='lat' dir='ltr'><strong>aetatem</strong></span> <span class='ocrx_word' id='word_1_220' title='bbox 672 1268 885 1309; x_wconf 83' lang='lat' dir='ltr'><strong>pervenerint,</strong></span> <span class='ocrx_word' id='word_1_221' title='bbox 909 1269 1046 1299; x_wconf 86' lang='lat' dir='ltr'><strong>civitatis</strong></span> <span class='ocrx_word' id='word_1_222' title='bbox 1063 1268 1240 1300; x_wconf 89' lang='lat' dir='ltr'><strong>muneribus</strong></span> <span class='ocrx_word' id='word_1_223' title='bbox 1266 1278 1323 1309; x_wconf 88' lang='lat' dir='ltr'><strong>pro</strong></span> <span class='ocrx_word' id='word_1_224' title='bbox 1346 1267 1474 1299; x_wconf 85' lang='lat' dir='ltr'><strong>arbitrio</strong></span> <span class='ocrx_word' id='word_1_225' title='bbox 1498 1265 1682 1307; x_wconf 72' lang='lat' dir='ltr'><strong>fimguntur,</strong></span> 
     </span>
     <span class='ocr_line' id='line_1_21' title="bbox 216 1321 1679 1364; baseline -0.003 -11"><span class='ocrx_word' id='word_1_226' title='bbox 216 1321 416 1353; x_wconf 69' lang='lat' dir='ltr'><strong>matrimonia</strong></span> <span class='ocrx_word' id='word_1_227' title='bbox 430 1321 614 1363; x_wconf 87' lang='lat' dir='ltr'><strong>quibuscum</strong></span> <span class='ocrx_word' id='word_1_228' title='bbox 629 1322 784 1353; x_wconf 82' lang='lat' dir='ltr'><strong>voluerint</strong></span> <span class='ocrx_word' id='word_1_229' title='bbox 799 1327 832 1353; x_wconf 88' lang='lat' dir='ltr'><strong>et</strong></span> <span class='ocrx_word' id='word_1_230' title='bbox 845 1321 950 1353; x_wconf 89' lang='lat' dir='ltr'><strong>dando</strong></span> <span class='ocrx_word' id='word_1_231' title='bbox 965 1328 998 1353; x_wconf 89' lang='lat' dir='ltr'><strong>et</strong></span> <span class='ocrx_word' id='word_1_232' title='bbox 1021 1322 1208 1364; x_wconf 86' lang='lat' dir='ltr'><strong>accipiendo</strong></span> <span class='ocrx_word' id='word_1_233' title='bbox 1222 1322 1361 1354; x_wconf 84' lang='lat' dir='ltr'><strong>vicissim</strong></span> <span class='ocrx_word' id='word_1_234' title='bbox 1384 1322 1497 1353; x_wconf 87' lang='lat' dir='ltr'><strong>ineunt</strong></span> <span class='ocrx_word' id='word_1_235' title='bbox 1511 1331 1518 1350; x_wconf 73' lang='grc' dir='ltr'><strong><em>ε</em></strong></span> <span class='ocrx_word' id='word_1_236' title='bbox 1541 1329 1579 1351; x_wconf 84' lang='lat' dir='ltr'><strong>ac</strong></span> <span class='ocrx_word' id='word_1_237' title='bbox 1593 1328 1679 1349; x_wconf 88' lang='lat' dir='ltr'><strong>sum-</strong></span> 
     </span>
     <span class='ocr_line' id='line_1_22' title="bbox 217 1372 1678 1418; baseline -0.003 -11"><span class='ocrx_word' id='word_1_238' title='bbox 217 1376 337 1412; x_wconf 84' lang='lat' dir='ltr'><strong>matim,</strong></span> <span class='ocrx_word' id='word_1_239' title='bbox 347 1385 541 1417; x_wconf 74' lang='lat' dir='ltr'><strong>quaecunque</strong></span> <span class='ocrx_word' id='word_1_240' title='bbox 557 1375 596 1405; x_wconf 90' lang='lat' dir='ltr'><strong>de</strong></span> <span class='ocrx_word' id='word_1_241' title='bbox 611 1375 676 1406; x_wconf 87' lang='lat' dir='ltr'><strong>illis</strong></span> <span class='ocrx_word' id='word_1_242' title='bbox 690 1380 736 1412; x_wconf 83' lang='lat' dir='ltr'><strong>tu,</strong></span> <span class='ocrx_word' id='word_1_243' title='bbox 752 1386 811 1417; x_wconf 87' lang='lat' dir='ltr'><strong>ego</strong></span> <span class='ocrx_word' id='word_1_244' title='bbox 826 1386 910 1407; x_wconf 92' lang='lat' dir='ltr'><strong>nunc</strong></span> <span class='ocrx_word' id='word_1_245' title='bbox 923 1376 964 1407; x_wconf 88' lang='lat' dir='ltr'><strong>de</strong></span> <span class='ocrx_word' id='word_1_246' title='bbox 979 1376 1028 1407; x_wconf 91' lang='lat' dir='ltr'><strong>his</strong></span> <span class='ocrx_word' id='word_1_247' title='bbox 1041 1377 1178 1408; x_wconf 86' lang='lat' dir='ltr'><strong>affirmo:</strong></span> <span class='ocrx_word' id='word_1_248' title='bbox 1202 1387 1367 1418; x_wconf 76' lang='lat' dir='ltr'><strong>rursusque</strong></span> <span class='ocrx_word' id='word_1_249' title='bbox 1382 1374 1422 1406; x_wconf 93' lang='lat' dir='ltr'><strong>de</strong></span> <span class='ocrx_word' id='word_1_250' title='bbox 1440 1374 1564 1417; x_wconf 82' lang='lat' dir='ltr'><strong>injustis</strong></span> <span class='ocrx_word' id='word_1_251' title='bbox 1578 1372 1678 1404; x_wconf 79' lang='lat' dir='ltr'><strong>homi-</strong></span> 
     </span>
     <span class='ocr_line' id='line_1_23' title="bbox 215 1425 1678 1472; baseline -0.003 -11"><span class='ocrx_word' id='word_1_252' title='bbox 215 1429 308 1461; x_wconf 81' lang='lat' dir='ltr'><strong>nibus</strong></span> <span class='ocrx_word' id='word_1_253' title='bbox 322 1439 438 1465; x_wconf 86' lang='lat' dir='ltr'><strong>assero,</strong></span> <span class='ocrx_word' id='word_1_254' title='bbox 455 1429 597 1471; x_wconf 87' lang='lat' dir='ltr'><strong>plerique</strong></span> <span class='ocrx_word' id='word_1_255' title='bbox 612 1430 698 1460; x_wconf 88' lang='lat' dir='ltr'><strong>enim</strong></span> <span class='ocrx_word' id='word_1_256' title='bbox 711 1430 860 1471; x_wconf 83' lang='lat' dir='ltr'><strong>ipsorum,</strong></span> <span class='ocrx_word' id='word_1_257' title='bbox 878 1431 1020 1472; x_wconf 83' lang='lat' dir='ltr'><strong>quamvis</strong></span> <span class='ocrx_word' id='word_1_258' title='bbox 1034 1430 1076 1461; x_wconf 88' lang='lat' dir='ltr'><strong>ad</strong></span> <span class='ocrx_word' id='word_1_259' title='bbox 1090 1435 1215 1472; x_wconf 84' lang='lat' dir='ltr'><strong>tempus</strong></span> <span class='ocrx_word' id='word_1_260' title='bbox 1230 1441 1286 1462; x_wconf 84' lang='lat' dir='ltr'><strong>sua</strong></span> <span class='ocrx_word' id='word_1_261' title='bbox 1308 1430 1384 1461; x_wconf 85' lang='lat' dir='ltr'><strong>vitia</strong></span> <span class='ocrx_word' id='word_1_262' title='bbox 1405 1430 1522 1464; x_wconf 86' lang='lat' dir='ltr'><strong>celent,</strong></span> <span class='ocrx_word' id='word_1_263' title='bbox 1546 1425 1678 1458; x_wconf 76' lang='lat' dir='ltr'><strong>tandem</strong></span> 
     </span>
     <span class='ocr_line' id='line_1_24' title="bbox 216 1481 1680 1526; baseline -0.003 -10"><span class='ocrx_word' id='word_1_264' title='bbox 216 1483 252 1516; x_wconf 84' lang='lat' dir='ltr'><strong>in</strong></span> <span class='ocrx_word' id='word_1_265' title='bbox 267 1483 412 1515; x_wconf 83' lang='lat' dir='ltr'><strong>curriculi</strong></span> <span class='ocrx_word' id='word_1_266' title='bbox 425 1483 524 1519; x_wconf 86' lang='lat' dir='ltr'><strong>calce,</strong></span> <span class='ocrx_word' id='word_1_267' title='bbox 537 1484 647 1524; x_wconf 83' lang='lat' dir='ltr'><strong>quales</strong></span> <span class='ocrx_word' id='word_1_268' title='bbox 661 1484 725 1514; x_wconf 89' lang='lat' dir='ltr'><strong>sint</strong></span> <span class='ocrx_word' id='word_1_269' title='bbox 740 1483 1028 1525; x_wconf 85' lang='lat' dir='ltr'><strong>deprehenduntur.</strong></span> <span class='ocrx_word' id='word_1_270' title='bbox 1048 1484 1174 1515; x_wconf 77' lang='lat' dir='ltr'><strong>ridiculi</strong></span> <span class='ocrx_word' id='word_1_271' title='bbox 1190 1495 1314 1526; x_wconf 82' lang='lat' dir='ltr'><strong>prorsus</strong></span> <span class='ocrx_word' id='word_1_272' title='bbox 1328 1483 1477 1520; x_wconf 81' lang='lat' dir='ltr'><strong>evadunt,</strong></span> <span class='ocrx_word' id='word_1_273' title='bbox 1493 1488 1526 1513; x_wconf 89' lang='lat' dir='ltr'><strong>et</strong></span> <span class='ocrx_word' id='word_1_274' title='bbox 1541 1483 1574 1513; x_wconf 91' lang='lat' dir='ltr'><strong>in</strong></span> <span class='ocrx_word' id='word_1_275' title='bbox 1590 1481 1680 1513; x_wconf 79' lang='lat' dir='ltr'><strong>senio</strong></span> 
     </span>
     <span class='ocr_line' id='line_1_25' title="bbox 215 1537 1680 1581; baseline -0.003 -11"><span class='ocrx_word' id='word_1_276' title='bbox 215 1538 322 1570; x_wconf 84' lang='lat' dir='ltr'><strong>miseri</strong></span> <span class='ocrx_word' id='word_1_277' title='bbox 337 1548 357 1570; x_wconf 88' lang='lat' dir='ltr'><strong>a</strong></span> <span class='ocrx_word' id='word_1_278' title='bbox 370 1538 543 1579; x_wconf 75' lang='lat' dir='ltr'><strong>peregrinis</strong></span> <span class='ocrx_word' id='word_1_279' title='bbox 554 1543 588 1569; x_wconf 90' lang='lat' dir='ltr'><strong>et</strong></span> <span class='ocrx_word' id='word_1_280' title='bbox 601 1539 721 1570; x_wconf 86' lang='lat' dir='ltr'><strong>civibus</strong></span> <span class='ocrx_word' id='word_1_281' title='bbox 736 1538 944 1581; x_wconf 79' lang='lat' dir='ltr'><strong>objurgantur,</strong></span> <span class='ocrx_word' id='word_1_282' title='bbox 960 1540 1225 1581; x_wconf 84' lang='lat' dir='ltr'><strong>verberanturque</strong></span> <span class='ocrx_word' id='word_1_283' title='bbox 1253 1549 1353 1580; x_wconf 89' lang='lat' dir='ltr'><strong>eaque</strong></span> <span class='ocrx_word' id='word_1_284' title='bbox 1376 1538 1483 1570; x_wconf 80' lang='lat' dir='ltr'><strong>onmia</strong></span> <span class='ocrx_word' id='word_1_285' title='bbox 1506 1537 1680 1578; x_wconf 85' lang='lat' dir='ltr'><strong>patiuntur,</strong></span> 
     </span>
     <span class='ocr_line' id='line_1_26' title="bbox 215 1592 1678 1634; baseline -0.001 -11"><span class='ocrx_word' id='word_1_286' title='bbox 215 1602 285 1634; x_wconf 79' lang='lat' dir='ltr'><strong>quae</strong></span> <span class='ocrx_word' id='word_1_287' title='bbox 300 1597 336 1623; x_wconf 88' lang='lat' dir='ltr'><strong>tu</strong></span> <span class='ocrx_word' id='word_1_288' title='bbox 351 1603 462 1634; x_wconf 83' lang='lat' dir='ltr'><strong>aspera</strong></span> <span class='ocrx_word' id='word_1_289' title='bbox 477 1603 546 1623; x_wconf 84' lang='lat' dir='ltr'><strong>esse</strong></span> <span class='ocrx_word' id='word_1_290' title='bbox 561 1603 671 1623; x_wconf 87' lang='lat' dir='ltr'><strong>revera</strong></span> <span class='ocrx_word' id='word_1_291' title='bbox 698 1592 836 1624; x_wconf 82' lang='lat' dir='ltr'><strong>dicebas.</strong></span> <span class='ocrx_word' id='word_1_292' title='bbox 850 1594 1075 1634; x_wconf 82' lang='lat' dir='ltr'><strong>torquebuntur</strong></span> <span class='ocrx_word' id='word_1_293' title='bbox 1094 1594 1180 1624; x_wconf 91' lang='lat' dir='ltr'><strong>enim</strong></span> <span class='ocrx_word' id='word_1_294' title='bbox 1196 1603 1229 1624; x_wconf 88' lang='lat' dir='ltr'><strong>et</strong></span> <span class='ocrx_word' id='word_1_295' title='bbox 1254 1594 1426 1624; x_wconf 86' lang='lat' dir='ltr'><strong>inurentur.</strong></span> <span class='ocrx_word' id='word_1_296' title='bbox 1471 1592 1570 1623; x_wconf 84' lang='lat' dir='ltr'><strong>Porro</strong></span> <span class='ocrx_word' id='word_1_297' title='bbox 1593 1601 1678 1632; x_wconf 76' lang='lat' dir='ltr'><strong>quae-</strong></span> 
     </span>
     <span class='ocr_line' id='line_1_27' title="bbox 215 1645 1677 1689; baseline -0.001 -12"><span class='ocrx_word' id='word_1_298' title='bbox 215 1656 337 1687; x_wconf 88' lang='lat' dir='ltr'><strong>cunque</strong></span> <span class='ocrx_word' id='word_1_299' title='bbox 352 1646 421 1688; x_wconf 89' lang='lat' dir='ltr'><strong>ipse</strong></span> <span class='ocrx_word' id='word_1_300' title='bbox 437 1648 713 1683; x_wconf 61' lang='lat' dir='ltr'><strong>commemorabam,</strong></span> <span class='ocrx_word' id='word_1_301' title='bbox 729 1647 836 1678; x_wconf 83' lang='lat' dir='ltr'><strong>audire.</strong></span> <span class='ocrx_word' id='word_1_302' title='bbox 852 1647 966 1678; x_wconf 86' lang='lat' dir='ltr'><strong>iterum</strong></span> <span class='ocrx_word' id='word_1_303' title='bbox 981 1658 1018 1678; x_wconf 83' lang='lat' dir='ltr'><strong>ex</strong></span> <span class='ocrx_word' id='word_1_304' title='bbox 1035 1659 1085 1678; x_wconf 92' lang='lat' dir='ltr'><strong>me</strong></span> <span class='ocrx_word' id='word_1_305' title='bbox 1099 1654 1218 1689; x_wconf 88' lang='lat' dir='ltr'><strong>putato.</strong></span> <span class='ocrx_word' id='word_1_306' title='bbox 1232 1647 1300 1684; x_wconf 87' lang='lat' dir='ltr'><strong>sed,</strong></span> <span class='ocrx_word' id='word_1_307' title='bbox 1316 1653 1352 1679; x_wconf 88' lang='lat' dir='ltr'><strong>ut</strong></span> <span class='ocrx_word' id='word_1_308' title='bbox 1365 1647 1521 1682; x_wconf 85' lang='lat' dir='ltr'><strong>dicebam,</strong></span> <span class='ocrx_word' id='word_1_309' title='bbox 1536 1645 1622 1682; x_wconf 83' lang='lat' dir='ltr'><strong>vide,</strong></span> <span class='ocrx_word' id='word_1_310' title='bbox 1634 1655 1677 1676; x_wconf 84' lang='lat' dir='ltr'><strong>an</strong></span> 
     </span>
     <span class='ocr_line' id='line_1_28' title="bbox 213 1699 1675 1745; baseline -0.001 -14"><span class='ocrx_word' id='word_1_311' title='bbox 213 1700 257 1731; x_wconf 82' lang='lat' dir='ltr'><strong>sis</strong></span> <span class='ocrx_word' id='word_1_312' title='bbox 271 1701 333 1731; x_wconf 86' lang='lat' dir='ltr'><strong>ista</strong></span> <span class='ocrx_word' id='word_1_313' title='bbox 347 1702 543 1732; x_wconf 82' lang='lat' dir='ltr'><strong>toleraturus.</strong></span> <span class='ocrx_word' id='word_1_314' title='bbox 588 1701 703 1732; x_wconf 79' lang='lat' dir='ltr'><strong>GLAU.</strong></span> <span class='ocrx_word' id='word_1_315' title='bbox 727 1701 888 1732; x_wconf 74' lang='lat' dir='ltr'><strong>Perfer-am</strong></span> <span class='ocrx_word' id='word_1_316' title='bbox 903 1701 1062 1743; x_wconf 81' lang='lat' dir='ltr'><strong>equidem.</strong></span> <span class='ocrx_word' id='word_1_317' title='bbox 1076 1713 1150 1733; x_wconf 85' lang='lat' dir='ltr'><strong>nam</strong></span> <span class='ocrx_word' id='word_1_318' title='bbox 1167 1702 1314 1733; x_wconf 79' lang='lat' dir='ltr'><strong>decentia</strong></span> <span class='ocrx_word' id='word_1_319' title='bbox 1328 1702 1474 1745; x_wconf 73' lang='lat' dir='ltr'><strong>loqueris.</strong></span> <span class='ocrx_word' id='word_1_320' title='bbox 1516 1701 1572 1732; x_wconf 89' lang='lat' dir='ltr'><strong>So.</strong></span> <span class='ocrx_word' id='word_1_321' title='bbox 1595 1699 1675 1730; x_wconf 73' lang='lat' dir='ltr'><strong>Haec</strong></span> 
     </span>
     <span class='ocr_line' id='line_1_29' title="bbox 214 1755 1675 1799; baseline -0.002 -12"><span class='ocrx_word' id='word_1_322' title='bbox 214 1755 321 1796; x_wconf 84' lang='lat' dir='ltr'><strong>itaque</strong></span> <span class='ocrx_word' id='word_1_323' title='bbox 333 1760 406 1790; x_wconf 79' lang='lat' dir='ltr'><strong>sunt</strong></span> <span class='ocrx_word' id='word_1_324' title='bbox 416 1755 555 1796; x_wconf 86' lang='lat' dir='ltr'><strong>praemia,</strong></span> <span class='ocrx_word' id='word_1_325' title='bbox 568 1755 728 1786; x_wconf 77' lang='lat' dir='ltr'><strong>mercedes</strong></span> <span class='ocrx_word' id='word_1_326' title='bbox 740 1761 773 1786; x_wconf 92' lang='lat' dir='ltr'><strong>et</strong></span> <span class='ocrx_word' id='word_1_327' title='bbox 787 1766 927 1791; x_wconf 85' lang='lat' dir='ltr'><strong>munera,</strong></span> <span class='ocrx_word' id='word_1_328' title='bbox 944 1756 1040 1797; x_wconf 66' lang='lat'><strong>[614]</strong></span> <span class='ocrx_word' id='word_1_329' title='bbox 1059 1766 1127 1798; x_wconf 78' lang='lat' dir='ltr'><strong>quae</strong></span> <span class='ocrx_word' id='word_1_330' title='bbox 1140 1757 1225 1799; x_wconf 87' lang='lat' dir='ltr'><strong>justo</strong></span> <span class='ocrx_word' id='word_1_331' title='bbox 1240 1757 1306 1788; x_wconf 79' lang='lat' dir='ltr'><strong>viro</strong></span> <span class='ocrx_word' id='word_1_332' title='bbox 1321 1762 1434 1798; x_wconf 63' lang='lat' dir='ltr'><strong>praeter</strong></span> <span class='ocrx_word' id='word_1_333' title='bbox 1449 1766 1488 1787; x_wconf 84' lang='lat' dir='ltr'><strong>ea</strong></span> <span class='ocrx_word' id='word_1_334' title='bbox 1496 1755 1589 1791; x_wconf 85' lang='lat' dir='ltr'><strong>bona,</strong></span> <span class='ocrx_word' id='word_1_335' title='bbox 1605 1764 1675 1796; x_wconf 76' lang='lat' dir='ltr'><strong>quae</strong></span> 
     </span>
     <span class='ocr_line' id='line_1_30' title="bbox 215 1807 1676 1852; baseline 0 -12"><span class='ocrx_word' id='word_1_336' title='bbox 215 1809 286 1851; x_wconf 87' lang='lat' dir='ltr'><strong>ipsa</strong></span> <span class='ocrx_word' id='word_1_337' title='bbox 299 1810 332 1841; x_wconf 92' lang='lat' dir='ltr'><strong>in</strong></span> <span class='ocrx_word' id='word_1_338' title='bbox 348 1820 381 1840; x_wconf 85' lang='lat' dir='ltr'><strong>se</strong></span> <span class='ocrx_word' id='word_1_339' title='bbox 394 1810 517 1852; x_wconf 68' lang='lat' dir='ltr'><strong>justitia</strong></span> <span class='ocrx_word' id='word_1_340' title='bbox 530 1810 682 1846; x_wconf 88' lang='lat' dir='ltr'><strong>continet,</strong></span> <span class='ocrx_word' id='word_1_341' title='bbox 695 1820 714 1840; x_wconf 82' lang='lat' dir='ltr'><strong>a</strong></span> <span class='ocrx_word' id='word_1_342' title='bbox 728 1810 789 1840; x_wconf 84' lang='lat' dir='ltr'><strong>diis</strong></span> <span class='ocrx_word' id='word_1_343' title='bbox 813 1816 846 1840; x_wconf 89' lang='lat' dir='ltr'><strong>et</strong></span> <span class='ocrx_word' id='word_1_344' title='bbox 861 1811 1037 1841; x_wconf 87' lang='lat' dir='ltr'><strong>hominibus</strong></span> <span class='ocrx_word' id='word_1_345' title='bbox 1062 1811 1247 1842; x_wconf 87' lang='lat' dir='ltr'><strong>tribuuntur.</strong></span> <span class='ocrx_word' id='word_1_346' title='bbox 1293 1811 1406 1842; x_wconf 70' lang='lat' dir='ltr'><strong>GLAu.</strong></span> <span class='ocrx_word' id='word_1_347' title='bbox 1429 1810 1566 1850; x_wconf 77' lang='lat' dir='ltr'><strong>Egregia</strong></span> <span class='ocrx_word' id='word_1_348' title='bbox 1585 1807 1676 1839; x_wconf 79' lang='lat' dir='ltr'><strong>valde</strong></span> 
     </span>
     <span class='ocr_line' id='line_1_31' title="bbox 215 1862 1670 1907; baseline -0.001 -12"><span class='ocrx_word' id='word_1_349' title='bbox 215 1864 282 1895; x_wconf 84' lang='lat' dir='ltr'><strong>haec</strong></span> <span class='ocrx_word' id='word_1_350' title='bbox 297 1870 371 1895; x_wconf 87' lang='lat' dir='ltr'><strong>sunt</strong></span> <span class='ocrx_word' id='word_1_351' title='bbox 384 1870 418 1895; x_wconf 90' lang='lat' dir='ltr'><strong>et</strong></span> <span class='ocrx_word' id='word_1_352' title='bbox 431 1864 567 1895; x_wconf 82' lang='lat' dir='ltr'><strong>stabilia.</strong></span> <span class='ocrx_word' id='word_1_353' title='bbox 611 1865 666 1896; x_wconf 88' lang='lat' dir='ltr'><strong>So.</strong></span> <span class='ocrx_word' id='word_1_354' title='bbox 690 1864 734 1895; x_wconf 81' lang='lat' dir='ltr'><strong>At</strong></span> <span class='ocrx_word' id='word_1_355' title='bbox 745 1865 830 1896; x_wconf 87' lang='lat' dir='ltr'><strong>enim</strong></span> <span class='ocrx_word' id='word_1_356' title='bbox 846 1865 912 1895; x_wconf 69' lang='lat' dir='ltr'><strong>haec</strong></span> <span class='ocrx_word' id='word_1_357' title='bbox 929 1871 961 1896; x_wconf 87' lang='lat' dir='ltr'><strong>et</strong></span> <span class='ocrx_word' id='word_1_358' title='bbox 974 1875 1105 1896; x_wconf 91' lang='lat' dir='ltr'><strong>numero</strong></span> <span class='ocrx_word' id='word_1_359' title='bbox 1119 1871 1152 1896; x_wconf 90' lang='lat' dir='ltr'><strong>et</strong></span> <span class='ocrx_word' id='word_1_360' title='bbox 1165 1866 1382 1907; x_wconf 81' lang='lat' dir='ltr'><strong>magnitudine</strong></span> <span class='ocrx_word' id='word_1_361' title='bbox 1396 1865 1475 1896; x_wconf 85' lang='lat' dir='ltr'><strong>nihil</strong></span> <span class='ocrx_word' id='word_1_362' title='bbox 1490 1870 1574 1899; x_wconf 85' lang='lat' dir='ltr'><strong>sunt,</strong></span> <span class='ocrx_word' id='word_1_363' title='bbox 1588 1863 1615 1894; x_wconf 85' lang='lat' dir='ltr'><strong>si</strong></span> <span class='ocrx_word' id='word_1_364' title='bbox 1629 1862 1670 1893; x_wconf 84' lang='lat' dir='ltr'><strong>ad</strong></span> 
     </span>
     <span class='ocr_line' id='line_1_32' title="bbox 216 1919 1675 1961; baseline -0.002 -12"><span class='ocrx_word' id='word_1_365' title='bbox 216 1928 255 1949; x_wconf 83' lang='lat' dir='ltr'><strong>ea</strong></span> <span class='ocrx_word' id='word_1_366' title='bbox 263 1924 493 1960; x_wconf 83' lang='lat' dir='ltr'><strong>comparentur,</strong></span> <span class='ocrx_word' id='word_1_367' title='bbox 507 1929 576 1960; x_wconf 83' lang='lat' dir='ltr'><strong>quae</strong></span> <span class='ocrx_word' id='word_1_368' title='bbox 591 1924 756 1961; x_wconf 88' lang='lat' dir='ltr'><strong>utrumque</strong></span> <span class='ocrx_word' id='word_1_369' title='bbox 773 1919 952 1950; x_wconf 84' lang='lat' dir='ltr'><strong>defunctum</strong></span> <span class='ocrx_word' id='word_1_370' title='bbox 967 1925 1162 1961; x_wconf 84' lang='lat' dir='ltr'><strong>exspectant.</strong></span> <span class='ocrx_word' id='word_1_371' title='bbox 1208 1919 1377 1951; x_wconf 78' lang='lat' dir='ltr'><strong>Audienda</strong></span> <span class='ocrx_word' id='word_1_372' title='bbox 1390 1929 1464 1950; x_wconf 87' lang='lat' dir='ltr'><strong>vero</strong></span> <span class='ocrx_word' id='word_1_373' title='bbox 1473 1924 1507 1949; x_wconf 92' lang='lat' dir='ltr'><strong>et</strong></span> <span class='ocrx_word' id='word_1_374' title='bbox 1517 1919 1578 1949; x_wconf 81' lang='lat' dir='ltr'><strong>ista</strong></span> <span class='ocrx_word' id='word_1_375' title='bbox 1592 1921 1675 1952; x_wconf 81' lang='lat' dir='ltr'><strong>sunt,</strong></span> 
     </span>
     <span class='ocr_line' id='line_1_33' title="bbox 215 1971 1678 2016; baseline -0.001 -12"><span class='ocrx_word' id='word_1_376' title='bbox 215 1977 250 2004; x_wconf 86' lang='lat' dir='ltr'><strong>ut</strong></span> <span class='ocrx_word' id='word_1_377' title='bbox 265 1973 371 2004; x_wconf 82' lang='lat' dir='ltr'><strong>omnia</strong></span> <span class='ocrx_word' id='word_1_378' title='bbox 385 1973 585 2009; x_wconf 77' lang='lat' dir='ltr'><strong>sufficienter,</strong></span> <span class='ocrx_word' id='word_1_379' title='bbox 609 1984 677 2015; x_wconf 80' lang='lat' dir='ltr'><strong>quae</strong></span> <span class='ocrx_word' id='word_1_380' title='bbox 702 1974 826 2015; x_wconf 87' lang='lat' dir='ltr'><strong>utrique</strong></span> <span class='ocrx_word' id='word_1_381' title='bbox 852 1975 1054 2010; x_wconf 85' lang='lat' dir='ltr'><strong>conveniunt,</strong></span> <span class='ocrx_word' id='word_1_382' title='bbox 1080 1974 1394 2016; x_wconf 80' lang='lat' dir='ltr'><strong>comprehendantur.</strong></span> <span class='ocrx_word' id='word_1_383' title='bbox 1438 1973 1555 2006; x_wconf 69' lang='lat' dir='ltr'><strong>GLAu.</strong></span> <span class='ocrx_word' id='word_1_384' title='bbox 1578 1971 1678 2003; x_wconf 76' lang='lat' dir='ltr'><strong>Dicas</strong></span> 
     </span>
     <span class='ocr_line' id='line_1_34' title="bbox 216 2026 1677 2070; baseline 0 -14"><span class='ocrx_word' id='word_1_385' title='bbox 216 2037 300 2063; x_wconf 75' lang='lat' dir='ltr'><strong>vero,</strong></span> <span class='ocrx_word' id='word_1_386' title='bbox 316 2037 380 2058; x_wconf 92' lang='lat' dir='ltr'><strong>non</strong></span> <span class='ocrx_word' id='word_1_387' title='bbox 396 2027 524 2068; x_wconf 90' lang='lat' dir='ltr'><strong>quidem</strong></span> <span class='ocrx_word' id='word_1_388' title='bbox 546 2033 580 2059; x_wconf 85' lang='lat' dir='ltr'><strong>ut</strong></span> <span class='ocrx_word' id='word_1_389' title='bbox 604 2027 663 2068; x_wconf 83' lang='lat' dir='ltr'><strong>jam</strong></span> <span class='ocrx_word' id='word_1_390' title='bbox 684 2028 778 2058; x_wconf 84' lang='lat' dir='ltr'><strong>nimis</strong></span> <span class='ocrx_word' id='word_1_391' title='bbox 805 2029 912 2064; x_wconf 82' lang='lat' dir='ltr'><strong>multa,</strong></span> <span class='ocrx_word' id='word_1_392' title='bbox 936 2028 994 2059; x_wconf 89' lang='lat' dir='ltr'><strong>sed</strong></span> <span class='ocrx_word' id='word_1_393' title='bbox 1017 2035 1165 2070; x_wconf 83' lang='lat' dir='ltr'><strong>tanquam</strong></span> <span class='ocrx_word' id='word_1_394' title='bbox 1192 2028 1398 2060; x_wconf 76' lang='lat' dir='ltr'><strong>libentissime</strong></span> <span class='ocrx_word' id='word_1_395' title='bbox 1425 2027 1580 2059; x_wconf 81' lang='lat' dir='ltr'><strong>audituro.</strong></span> <span class='ocrx_word' id='word_1_396' title='bbox 1621 2026 1677 2057; x_wconf 88' lang='lat' dir='ltr'><strong>So.</strong></span> 
     </span>
     <span class='ocr_line' id='line_1_35' title="bbox 217 2080 1675 2124; baseline -0.001 -12"><span class='ocrx_word' id='word_1_397' title='bbox 217 2080 371 2121; x_wconf 84' lang='lat' dir='ltr'><strong>Equidem</strong></span> <span class='ocrx_word' id='word_1_398' title='bbox 387 2081 445 2112; x_wconf 89' lang='lat' dir='ltr'><strong>tibi</strong></span> <span class='ocrx_word' id='word_1_399' title='bbox 459 2092 522 2113; x_wconf 87' lang='lat' dir='ltr'><strong>non</strong></span> <span class='ocrx_word' id='word_1_400' title='bbox 539 2081 646 2112; x_wconf 86' lang='lat' dir='ltr'><strong>Alcini</strong></span> <span class='ocrx_word' id='word_1_401' title='bbox 661 2083 839 2123; x_wconf 82' lang='lat' dir='ltr'><strong>apologum,</strong></span> <span class='ocrx_word' id='word_1_402' title='bbox 856 2083 912 2114; x_wconf 82' lang='lat' dir='ltr'><strong>sed</strong></span> <span class='ocrx_word' id='word_1_403' title='bbox 924 2084 1174 2124; x_wconf 75' lang='lat' dir='ltr'><strong>praestantissimi</strong></span> <span class='ocrx_word' id='word_1_404' title='bbox 1189 2084 1258 2119; x_wconf 76' lang='lat' dir='ltr'><strong>viri,</strong></span> <span class='ocrx_word' id='word_1_405' title='bbox 1280 2083 1334 2114; x_wconf 87' lang='lat' dir='ltr'><strong>Eri</strong></span> <span class='ocrx_word' id='word_1_406' title='bbox 1360 2082 1535 2117; x_wconf 73' lang='lat' dir='ltr'><strong>Harmenii,</strong></span> <span class='ocrx_word' id='word_1_407' title='bbox 1559 2089 1675 2122; x_wconf 85' lang='lat' dir='ltr'><strong>genere</strong></span> 
     </span>
     <span class='ocr_line' id='line_1_36' title="bbox 216 2133 1680 2177; baseline 0 -13"><span class='ocrx_word' id='word_1_408' title='bbox 216 2133 401 2175; x_wconf 72' lang='lat' dir='ltr'><strong>pamphilii,</strong></span> <span class='ocrx_word' id='word_1_409' title='bbox 414 2135 570 2166; x_wconf 79' lang='lat' dir='ltr'><strong>reserabo.</strong></span> <span class='ocrx_word' id='word_1_410' title='bbox 592 2136 644 2176; x_wconf 85' lang='lat' dir='ltr'><strong>qui</strong></span> <span class='ocrx_word' id='word_1_411' title='bbox 676 2146 747 2166; x_wconf 87' lang='lat' dir='ltr'><strong>cum</strong></span> <span class='ocrx_word' id='word_1_412' title='bbox 777 2136 973 2167; x_wconf 78' lang='lat' dir='ltr'><strong>occubuisset</strong></span> <span class='ocrx_word' id='word_1_413' title='bbox 1003 2137 1036 2167; x_wconf 86' lang='lat' dir='ltr'><strong>in</strong></span> <span class='ocrx_word' id='word_1_414' title='bbox 1060 2138 1179 2177; x_wconf 82' lang='lat' dir='ltr'><strong>proelio,</strong></span> <span class='ocrx_word' id='word_1_415' title='bbox 1205 2137 1336 2168; x_wconf 83' lang='lat' dir='ltr'><strong>sublatis</strong></span> <span class='ocrx_word' id='word_1_416' title='bbox 1361 2136 1484 2167; x_wconf 85' lang='lat' dir='ltr'><strong>decimo</strong></span> <span class='ocrx_word' id='word_1_417' title='bbox 1508 2135 1560 2166; x_wconf 88' lang='lat' dir='ltr'><strong>die</strong></span> <span class='ocrx_word' id='word_1_418' title='bbox 1582 2133 1680 2165; x_wconf 73' lang='lat' dir='ltr'><strong>cuda-</strong></span> 
     </span>
     <span class='ocr_line' id='line_1_37' title="bbox 216 2189 1675 2232; baseline 0 -14"><span class='ocrx_word' id='word_1_419' title='bbox 216 2189 340 2219; x_wconf 86' lang='lat' dir='ltr'><strong>veribus</strong></span> <span class='ocrx_word' id='word_1_420' title='bbox 350 2189 416 2231; x_wconf 87' lang='lat' dir='ltr'><strong>jam</strong></span> <span class='ocrx_word' id='word_1_421' title='bbox 431 2190 591 2230; x_wconf 80' lang='lat' dir='ltr'><strong>corruptis,</strong></span> <span class='ocrx_word' id='word_1_422' title='bbox 606 2189 728 2230; x_wconf 80' lang='lat' dir='ltr'><strong>integer</strong></span> <span class='ocrx_word' id='word_1_423' title='bbox 751 2189 879 2230; x_wconf 67' lang='lat' dir='ltr'><strong>quitlem</strong></span> <span class='ocrx_word' id='word_1_424' title='bbox 901 2190 1080 2231; x_wconf 83' lang='lat' dir='ltr'><strong>incorrupto</strong></span> <span class='ocrx_word' id='word_1_425' title='bbox 1104 2201 1230 2232; x_wconf 85' lang='lat' dir='ltr'><strong>corpore</strong></span> <span class='ocrx_word' id='word_1_426' title='bbox 1250 2196 1392 2231; x_wconf 87' lang='lat' dir='ltr'><strong>repertus</strong></span> <span class='ocrx_word' id='word_1_427' title='bbox 1414 2190 1473 2220; x_wconf 79' lang='lat' dir='ltr'><strong>fuit</strong></span> <span class='ocrx_word' id='word_1_428' title='bbox 1487 2189 1675 2230; x_wconf 85' lang='lat' dir='ltr'><strong>domumque</strong></span> 
     </span>
     <span class='ocr_line' id='line_1_38' title="bbox 215 2242 1677 2286; baseline 0 -13"><span class='ocrx_word' id='word_1_429' title='bbox 215 2242 340 2274; x_wconf 84' lang='lat' dir='ltr'><strong>delatus</strong></span> <span class='ocrx_word' id='word_1_430' title='bbox 351 2254 407 2284; x_wconf 84' lang='lat' dir='ltr'><strong>pro</strong></span> <span class='ocrx_word' id='word_1_431' title='bbox 422 2243 524 2275; x_wconf 87' lang='lat' dir='ltr'><strong>officio</strong></span> <span class='ocrx_word' id='word_1_432' title='bbox 539 2245 718 2284; x_wconf 68' lang='lat' dir='ltr'><strong>sepultura».</strong></span> <span class='ocrx_word' id='word_1_433' title='bbox 735 2243 787 2274; x_wconf 89' lang='lat' dir='ltr'><strong>ubi</strong></span> <span class='ocrx_word' id='word_1_434' title='bbox 802 2243 989 2275; x_wconf 82' lang='lat' dir='ltr'><strong>duodecima</strong></span> <span class='ocrx_word' id='word_1_435' title='bbox 1005 2254 1023 2274; x_wconf 85' lang='lat' dir='ltr'><strong>a</strong></span> <span class='ocrx_word' id='word_1_436' title='bbox 1040 2251 1136 2275; x_wconf 87' lang='lat' dir='ltr'><strong>morte</strong></span> <span class='ocrx_word' id='word_1_437' title='bbox 1152 2244 1215 2281; x_wconf 88' lang='lat' dir='ltr'><strong>die,</strong></span> <span class='ocrx_word' id='word_1_438' title='bbox 1232 2244 1307 2275; x_wconf 88' lang='lat' dir='ltr'><strong>dum</strong></span> <span class='ocrx_word' id='word_1_439' title='bbox 1319 2255 1403 2286; x_wconf 76' lang='lat' dir='ltr'><strong>pyrae</strong></span> <span class='ocrx_word' id='word_1_440' title='bbox 1412 2249 1498 2274; x_wconf 84' lang='lat' dir='ltr'><strong>esset</strong></span> <span class='ocrx_word' id='word_1_441' title='bbox 1512 2242 1677 2284; x_wconf 81' lang='lat' dir='ltr'><strong>impositus</strong></span> 
     </span>
     <span class='ocr_line' id='line_1_39' title="bbox 214 2297 1674 2340; baseline -0.001 -12"><span class='ocrx_word' id='word_1_442' title='bbox 214 2298 391 2334; x_wconf 48' lang='lat' dir='ltr'><strong>resurrexit,</strong></span> <span class='ocrx_word' id='word_1_443' title='bbox 416 2304 459 2333; x_wconf 89' lang='lat' dir='ltr'><strong>et,</strong></span> <span class='ocrx_word' id='word_1_444' title='bbox 473 2308 542 2340; x_wconf 76' lang='lat' dir='ltr'><strong>qum</strong></span> <span class='ocrx_word' id='word_1_445' title='bbox 564 2298 691 2333; x_wconf 80' lang='lat' dir='ltr'><strong>interim</strong></span> <span class='ocrx_word' id='word_1_446' title='bbox 718 2298 848 2334; x_wconf 79' lang='lat' dir='ltr'><strong>viderat,</strong></span> <span class='ocrx_word' id='word_1_447' title='bbox 876 2299 994 2329; x_wconf 83' lang='lat' dir='ltr'><strong>retulit.</strong></span> <span class='ocrx_word' id='word_1_448' title='bbox 1037 2298 1146 2339; x_wconf 86' lang='lat' dir='ltr'><strong>Inquit</strong></span> <span class='ocrx_word' id='word_1_449' title='bbox 1170 2308 1256 2340; x_wconf 85' lang='lat' dir='ltr'><strong>ergo,</strong></span> <span class='ocrx_word' id='word_1_450' title='bbox 1286 2306 1448 2340; x_wconf 81' lang='lat' dir='ltr'><strong>postquam</strong></span> <span class='ocrx_word' id='word_1_451' title='bbox 1476 2298 1544 2339; x_wconf 79' lang='lat' dir='ltr'><strong>ejus</strong></span> <span class='ocrx_word' id='word_1_452' title='bbox 1568 2297 1674 2328; x_wconf 73' lang='lat' dir='ltr'><strong>anima</strong></span> 
     </span>
     <span class='ocr_line' id='line_1_40' title="bbox 215 2351 1676 2394; baseline 0.001 -13"><span class='ocrx_word' id='word_1_453' title='bbox 215 2351 325 2383; x_wconf 83' lang='lat' dir='ltr'><strong>fuisset</strong></span> <span class='ocrx_word' id='word_1_454' title='bbox 339 2362 359 2384; x_wconf 84' lang='lat' dir='ltr'><strong>a</strong></span> <span class='ocrx_word' id='word_1_455' title='bbox 371 2363 500 2393; x_wconf 90' lang='lat' dir='ltr'><strong>corpore</strong></span> <span class='ocrx_word' id='word_1_456' title='bbox 513 2359 666 2393; x_wconf 80' lang='lat' dir='ltr'><strong>separata,</strong></span> <span class='ocrx_word' id='word_1_457' title='bbox 684 2363 746 2383; x_wconf 86' lang='lat' dir='ltr'><strong>una</strong></span> <span class='ocrx_word' id='word_1_458' title='bbox 759 2363 828 2383; x_wconf 85' lang='lat' dir='ltr'><strong>cum</strong></span> <span class='ocrx_word' id='word_1_459' title='bbox 846 2353 986 2393; x_wconf 80' lang='lat' dir='ltr'><strong>pluribus</strong></span> <span class='ocrx_word' id='word_1_460' title='bbox 1001 2352 1159 2394; x_wconf 82' lang='lat' dir='ltr'><strong>quendam</strong></span> <span class='ocrx_word' id='word_1_461' title='bbox 1175 2354 1207 2384; x_wconf 91' lang='lat' dir='ltr'><strong>in</strong></span> <span class='ocrx_word' id='word_1_462' title='bbox 1224 2354 1327 2384; x_wconf 89' lang='lat' dir='ltr'><strong>locum</strong></span> <span class='ocrx_word' id='word_1_463' title='bbox 1349 2352 1541 2384; x_wconf 82' lang='lat' dir='ltr'><strong>daemonium</strong></span> <span class='ocrx_word' id='word_1_464' title='bbox 1565 2361 1676 2393; x_wconf 78' lang='lat' dir='ltr'><strong>perve-</strong></span> 
     </span>
     <span class='ocr_line' id='line_1_41' title="bbox 215 2406 1673 2449; baseline -0.001 -12"><span class='ocrx_word' id='word_1_465' title='bbox 215 2406 311 2437; x_wconf 81' lang='lat' dir='ltr'><strong>nisse.</strong></span> <span class='ocrx_word' id='word_1_466' title='bbox 333 2407 365 2437; x_wconf 88' lang='lat' dir='ltr'><strong>in</strong></span> <span class='ocrx_word' id='word_1_467' title='bbox 393 2417 455 2448; x_wconf 89' lang='lat' dir='ltr'><strong>quo</strong></span> <span class='ocrx_word' id='word_1_468' title='bbox 479 2412 568 2437; x_wconf 79' lang='lat' dir='ltr'><strong>terrae</strong></span> <span class='ocrx_word' id='word_1_469' title='bbox 596 2406 674 2437; x_wconf 86' lang='lat' dir='ltr'><strong>duos</strong></span> <span class='ocrx_word' id='word_1_470' title='bbox 695 2407 850 2447; x_wconf 72' lang='lat' dir='ltr'><strong>proximos</strong></span> <span class='ocrx_word' id='word_1_471' title='bbox 877 2407 956 2438; x_wconf 74' lang='lat' dir='ltr'><strong>vidit</strong></span> <span class='ocrx_word' id='word_1_472' title='bbox 985 2407 1097 2442; x_wconf 79' lang='lat' dir='ltr'><strong>hiatus,</strong></span> <span class='ocrx_word' id='word_1_473' title='bbox 1123 2407 1263 2449; x_wconf 85' lang='lat' dir='ltr'><strong>duosque</strong></span> <span class='ocrx_word' id='word_1_474' title='bbox 1292 2407 1372 2438; x_wconf 82' lang='lat' dir='ltr'><strong>alios</strong></span> <span class='ocrx_word' id='word_1_475' title='bbox 1392 2418 1410 2438; x_wconf 89' lang='lat' dir='ltr'><strong>e</strong></span> <span class='ocrx_word' id='word_1_476' title='bbox 1435 2414 1606 2448; x_wconf 82' lang='lat' dir='ltr'><strong>conspectu</strong></span> <span class='ocrx_word' id='word_1_477' title='bbox 1621 2415 1673 2436; x_wconf 86' lang='lat' dir='ltr'><strong>su-</strong></span> 
     </span>
     <span class='ocr_line' id='line_1_42' title="bbox 215 2459 1676 2504; baseline 0 -13"><span class='ocrx_word' id='word_1_478' title='bbox 215 2472 312 2503; x_wconf 80' lang='lat' dir='ltr'><strong>perne</strong></span> <span class='ocrx_word' id='word_1_479' title='bbox 328 2462 360 2491; x_wconf 91' lang='lat' dir='ltr'><strong>in</strong></span> <span class='ocrx_word' id='word_1_480' title='bbox 376 2461 447 2492; x_wconf 78' lang='lat' dir='ltr'><strong>ca-li</strong></span> <span class='ocrx_word' id='word_1_481' title='bbox 460 2461 588 2501; x_wconf 83' lang='lat' dir='ltr'><strong>regione</strong></span> <span class='ocrx_word' id='word_1_482' title='bbox 612 2460 785 2501; x_wconf 72' lang='lat' dir='ltr'><strong>conspexit.</strong></span> <span class='ocrx_word' id='word_1_483' title='bbox 809 2461 891 2492; x_wconf 86' lang='lat' dir='ltr'><strong>inter</strong></span> <span class='ocrx_word' id='word_1_484' title='bbox 913 2461 1015 2492; x_wconf 80' lang='lat' dir='ltr'><strong>hiatus</strong></span> <span class='ocrx_word' id='word_1_485' title='bbox 1030 2472 1102 2493; x_wconf 80' lang='lat' dir='ltr'><strong>vero</strong></span> <span class='ocrx_word' id='word_1_486' title='bbox 1115 2461 1291 2504; x_wconf 77' lang='lat' dir='ltr'><strong>hujusmodi</strong></span> <span class='ocrx_word' id='word_1_487' title='bbox 1305 2461 1454 2493; x_wconf 86' lang='lat' dir='ltr'><strong>sedentes</strong></span> <span class='ocrx_word' id='word_1_488' title='bbox 1461 2461 1598 2504; x_wconf 50' lang='lat' dir='ltr'><strong>judicem</strong></span> <span class='ocrx_word' id='word_1_489' title='bbox 1620 2459 1676 2502; x_wconf 76' lang='lat' dir='ltr'><strong>qui</strong></span> 
     </span>
     <span class='ocr_line' id='line_1_43' title="bbox 211 2514 1674 2558; baseline -0.001 -12"><span class='ocrx_word' id='word_1_490' title='bbox 211 2521 378 2556; x_wconf 80' lang='lat' dir='ltr'><strong>postquam</strong></span> <span class='ocrx_word' id='word_1_491' title='bbox 387 2515 508 2546; x_wconf 81' lang='lat' dir='ltr'><strong>animos</strong></span> <span class='ocrx_word' id='word_1_492' title='bbox 516 2514 747 2555; x_wconf 82' lang='lat' dir='ltr'><strong>judicaverunt,</strong></span> <span class='ocrx_word' id='word_1_493' title='bbox 754 2515 856 2556; x_wconf 82' lang='lat' dir='ltr'><strong>justos</strong></span> <span class='ocrx_word' id='word_1_494' title='bbox 867 2515 995 2556; x_wconf 80' lang='lat' dir='ltr'><strong>quidem</strong></span> <span class='ocrx_word' id='word_1_495' title='bbox 1008 2515 1048 2546; x_wconf 85' lang='lat' dir='ltr'><strong>ad</strong></span> <span class='ocrx_word' id='word_1_496' title='bbox 1058 2515 1219 2547; x_wconf 50' lang='lat' dir='ltr'><strong>dexteram</strong></span> <span class='ocrx_word' id='word_1_497' title='bbox 1227 2527 1362 2558; x_wconf 86' lang='lat' dir='ltr'><strong>superne</strong></span> <span class='ocrx_word' id='word_1_498' title='bbox 1375 2527 1432 2558; x_wconf 90' lang='lat' dir='ltr'><strong>per</strong></span> <span class='ocrx_word' id='word_1_499' title='bbox 1439 2516 1553 2548; x_wconf 72' lang='lat' dir='ltr'><strong>caelum</strong></span> <span class='ocrx_word' id='word_1_500' title='bbox 1564 2524 1674 2546; x_wconf 76' lang='lat' dir='ltr'><strong>necen-</strong></span> 
     </span>
     <span class='ocr_line' id='line_1_44' title="bbox 214 2568 1670 2613; baseline 0 -14"><span class='ocrx_word' id='word_1_501' title='bbox 214 2569 288 2600; x_wconf 85' lang='lat' dir='ltr'><strong>dere</strong></span> <span class='ocrx_word' id='word_1_502' title='bbox 298 2569 420 2610; x_wconf 82' lang='lat' dir='ltr'><strong>jubent,</strong></span> <span class='ocrx_word' id='word_1_503' title='bbox 435 2569 467 2599; x_wconf 91' lang='lat' dir='ltr'><strong>in</strong></span> <span class='ocrx_word' id='word_1_504' title='bbox 484 2568 630 2600; x_wconf 76' lang='lat' dir='ltr'><strong>anteriori</strong></span> <span class='ocrx_word' id='word_1_505' title='bbox 643 2579 747 2599; x_wconf 90' lang='lat' dir='ltr'><strong>eorum</strong></span> <span class='ocrx_word' id='word_1_506' title='bbox 763 2574 850 2610; x_wconf 78' lang='lat' dir='ltr'><strong>parte</strong></span> <span class='ocrx_word' id='word_1_507' title='bbox 866 2569 956 2610; x_wconf 82' lang='lat' dir='ltr'><strong>signa</strong></span> <span class='ocrx_word' id='word_1_508' title='bbox 973 2580 1090 2605; x_wconf 81' lang='lat' dir='ltr'><strong>eorum,</strong></span> <span class='ocrx_word' id='word_1_509' title='bbox 1105 2581 1174 2611; x_wconf 77' lang='lat' dir='ltr'><strong>quae</strong></span> <span class='ocrx_word' id='word_1_510' title='bbox 1185 2571 1406 2613; x_wconf 81' lang='lat' dir='ltr'><strong>judicaverint,</strong></span> <span class='ocrx_word' id='word_1_511' title='bbox 1418 2570 1648 2611; x_wconf 54' lang='lat' dir='ltr'><strong>suspendent&amp;</strong></span> <span class='ocrx_word' id='word_1_512' title='bbox 1663 2580 1670 2599; x_wconf 72' lang='grc' dir='ltr'>ε</span> 
     </span>
     <span class='ocr_line' id='line_1_45' title="bbox 212 2623 1672 2666; baseline 0.001 -13"><span class='ocrx_word' id='word_1_513' title='bbox 212 2623 342 2666; x_wconf 83' lang='lat' dir='ltr'><strong>injustos</strong></span> <span class='ocrx_word' id='word_1_514' title='bbox 359 2629 467 2654; x_wconf 85' lang='lat' dir='ltr'><strong>contra</strong></span> <span class='ocrx_word' id='word_1_515' title='bbox 489 2623 529 2654; x_wconf 84' lang='lat' dir='ltr'><strong>ad</strong></span> <span class='ocrx_word' id='word_1_516' title='bbox 552 2623 711 2654; x_wconf 71' lang='lat' dir='ltr'><strong>sinistram</strong></span> <span class='ocrx_word' id='word_1_517' title='bbox 733 2623 863 2654; x_wconf 77' lang='lat' dir='ltr'><strong>infernis</strong></span> <span class='ocrx_word' id='word_1_518' title='bbox 885 2624 1035 2660; x_wconf 88' lang='lat' dir='ltr'><strong>omnium,</strong></span> <span class='ocrx_word' id='word_1_519' title='bbox 1050 2636 1119 2666; x_wconf 82' lang='lat' dir='ltr'><strong>quae</strong></span> <span class='ocrx_word' id='word_1_520' title='bbox 1145 2625 1285 2656; x_wconf 81' lang='lat' dir='ltr'><strong>fecerant</strong></span> <span class='ocrx_word' id='word_1_521' title='bbox 1310 2625 1342 2656; x_wconf 89' lang='lat' dir='ltr'><strong>in</strong></span> <span class='ocrx_word' id='word_1_522' title='bbox 1366 2625 1441 2659; x_wconf 79' lang='lat' dir='ltr'><strong>vita,</strong></span> <span class='ocrx_word' id='word_1_523' title='bbox 1457 2629 1528 2665; x_wconf 82' lang='lat' dir='ltr'><strong>post</strong></span> <span class='ocrx_word' id='word_1_524' title='bbox 1549 2629 1672 2664; x_wconf 82' lang='lat' dir='ltr'><strong>tergum</strong></span> 
     </span>
     <span class='ocr_line' id='line_1_46' title="bbox 206 2676 1671 2719; baseline -0.001 -11"><span class='ocrx_word' id='word_1_525' title='bbox 206 2677 296 2718; x_wconf 84' lang='lat' dir='ltr'><strong>signa</strong></span> <span class='ocrx_word' id='word_1_526' title='bbox 312 2676 460 2707; x_wconf 83' lang='lat' dir='ltr'><strong>serentes.</strong></span> <span class='ocrx_word' id='word_1_527' title='bbox 485 2676 565 2707; x_wconf 85' lang='lat' dir='ltr'><strong>Cum</strong></span> <span class='ocrx_word' id='word_1_528' title='bbox 586 2687 659 2707; x_wconf 76' lang='lat' dir='ltr'><strong>vero</strong></span> <span class='ocrx_word' id='word_1_529' title='bbox 680 2676 854 2718; x_wconf 80' lang='lat' dir='ltr'><strong>adjudices</strong></span> <span class='ocrx_word' id='word_1_530' title='bbox 875 2677 942 2718; x_wconf 83' lang='lat' dir='ltr'><strong>ipse</strong></span> <span class='ocrx_word' id='word_1_531' title='bbox 958 2688 1081 2719; x_wconf 80' lang='lat' dir='ltr'><strong>quoque</strong></span> <span class='ocrx_word' id='word_1_532' title='bbox 1098 2679 1293 2713; x_wconf 79' lang='lat' dir='ltr'><strong>accessisset,</strong></span> <span class='ocrx_word' id='word_1_533' title='bbox 1308 2679 1381 2709; x_wconf 87' lang='lat' dir='ltr'><strong>illos</strong></span> <span class='ocrx_word' id='word_1_534' title='bbox 1394 2678 1528 2709; x_wconf 71' lang='lat' dir='ltr'><strong>asseruit</strong></span> <span class='ocrx_word' id='word_1_535' title='bbox 1540 2687 1671 2718; x_wconf 82' lang='lat' dir='ltr'><strong>respon-</strong></span> 
     </span>
     <span class='ocr_line' id='line_1_47' title="bbox 210 2731 1673 2773; baseline -0.001 -11"><span class='ocrx_word' id='word_1_536' title='bbox 210 2731 304 2767; x_wconf 86' lang='lat' dir='ltr'><strong>disse,</strong></span> <span class='ocrx_word' id='word_1_537' title='bbox 329 2731 394 2761; x_wconf 77' lang='lat' dir='ltr'><strong>sore-</strong></span> <span class='ocrx_word' id='word_1_538' title='bbox 415 2741 486 2760; x_wconf 59' lang='lat' dir='ltr'><strong>1-*um</strong></span> <span class='ocrx_word' id='word_1_539' title='bbox 506 2731 684 2762; x_wconf 76' lang='lat' dir='ltr'><strong>horninibus</strong></span> <span class='ocrx_word' id='word_1_540' title='bbox 698 2732 842 2762; x_wconf 86' lang='lat' dir='ltr'><strong>nuntium</strong></span> <span class='ocrx_word' id='word_1_541' title='bbox 858 2731 897 2762; x_wconf 86' lang='lat' dir='ltr'><strong>de</strong></span> <span class='ocrx_word' id='word_1_542' title='bbox 921 2732 979 2767; x_wconf 81' lang='lat' dir='ltr'><strong>his,</strong></span> <span class='ocrx_word' id='word_1_543' title='bbox 997 2743 1066 2773; x_wconf 69' lang='lat' dir='ltr'><strong>qum</strong></span> <span class='ocrx_word' id='word_1_544' title='bbox 1081 2733 1148 2764; x_wconf 84' lang='lat' dir='ltr'><strong>illic</strong></span> <span class='ocrx_word' id='word_1_545' title='bbox 1165 2733 1281 2769; x_wconf 79' lang='lat' dir='ltr'><strong>videat,</strong></span> <span class='ocrx_word' id='word_1_546' title='bbox 1307 2738 1469 2773; x_wconf 81' lang='lat' dir='ltr'><strong>oportere:</strong></span> <span class='ocrx_word' id='word_1_547' title='bbox 1480 2731 1673 2773; x_wconf 81' lang='lat' dir='ltr'><strong>jussisseque</strong></span> 
     </span>
     <span class='ocr_line' id='line_1_48' title="bbox 209 2784 1673 2828; baseline 0 -12"><span class='ocrx_word' id='word_1_548' title='bbox 209 2785 297 2816; x_wconf 85' lang='lat' dir='ltr'><strong>illum</strong></span> <span class='ocrx_word' id='word_1_549' title='bbox 312 2784 418 2815; x_wconf 81' lang='lat' dir='ltr'><strong>audire</strong></span> <span class='ocrx_word' id='word_1_550' title='bbox 434 2792 465 2814; x_wconf 75' lang='lat' dir='ltr'><strong>et</strong></span> <span class='ocrx_word' id='word_1_551' title='bbox 478 2785 602 2819; x_wconf 75' lang='lat' dir='ltr'><strong>intueri,</strong></span> <span class='ocrx_word' id='word_1_552' title='bbox 617 2796 809 2827; x_wconf 62' lang='lat' dir='ltr'><strong>qua‘cunque</strong></span> <span class='ocrx_word' id='word_1_553' title='bbox 825 2785 872 2816; x_wconf 79' lang='lat' dir='ltr'><strong>eis</strong></span> <span class='ocrx_word' id='word_1_554' title='bbox 883 2786 1009 2817; x_wconf 77' lang='lat' dir='ltr'><strong>in‘locis</strong></span> <span class='ocrx_word' id='word_1_555' title='bbox 1023 2787 1144 2822; x_wconf 71' lang='lat' dir='ltr'><strong>tierent,</strong></span> <span class='ocrx_word' id='word_1_556' title='bbox 1157 2787 1338 2828; x_wconf 81' lang='lat' dir='ltr'><strong>diligenter.</strong></span> <span class='ocrx_word' id='word_1_557' title='bbox 1355 2785 1490 2817; x_wconf 76' lang='lat' dir='ltr'><strong>Viderat</strong></span> <span class='ocrx_word' id='word_1_558' title='bbox 1499 2785 1594 2826; x_wconf 80' lang='lat' dir='ltr'><strong>igitur</strong></span> <span class='ocrx_word' id='word_1_559' title='bbox 1605 2785 1673 2816; x_wconf 76' lang='lat' dir='ltr'><strong>illic</strong></span> 
     </span>
     <span class='ocr_line' id='line_1_49' title="bbox 209 2838 1673 2880; baseline 0.001 -13"><span class='ocrx_word' id='word_1_560' title='bbox 209 2849 265 2880; x_wconf 83' lang='lat' dir='ltr'><strong>per</strong></span> <span class='ocrx_word' id='word_1_561' title='bbox 279 2844 440 2878; x_wconf 80' lang='lat' dir='ltr'><strong>utramque</strong></span> <span class='ocrx_word' id='word_1_562' title='bbox 456 2838 525 2868; x_wconf 60' lang='lat' dir='ltr'><strong>carli</strong></span> <span class='ocrx_word' id='word_1_563' title='bbox 540 2844 692 2879; x_wconf 69' lang='lat' dir='ltr'><strong>terrasque</strong></span> <span class='ocrx_word' id='word_1_564' title='bbox 709 2846 830 2879; x_wconf 83' lang='lat' dir='ltr'><strong>portam</strong></span> <span class='ocrx_word' id='word_1_565' title='bbox 845 2839 965 2869; x_wconf 82' lang='lat' dir='ltr'><strong>animas</strong></span> <span class='ocrx_word' id='word_1_566' title='bbox 985 2840 1049 2870; x_wconf 74' lang='lat' dir='ltr'><strong>luta</strong></span> <span class='ocrx_word' id='word_1_567' title='bbox 1068 2841 1227 2871; x_wconf 78' lang='lat' dir='ltr'><strong>sententia</strong></span> <span class='ocrx_word' id='word_1_568' title='bbox 1248 2840 1417 2870; x_wconf 81' lang='lat' dir='ltr'><strong>abeuntes:</strong></span> <span class='ocrx_word' id='word_1_569' title='bbox 1433 2849 1490 2879; x_wconf 82' lang='lat' dir='ltr'><strong>per</strong></span> <span class='ocrx_word' id='word_1_570' title='bbox 1504 2839 1582 2869; x_wconf 79' lang='lat' dir='ltr'><strong>alias</strong></span> <span class='ocrx_word' id='word_1_571' title='bbox 1594 2838 1673 2869; x_wconf 84' lang='lat' dir='ltr'><strong>item</strong></span> 
     </span>
     <span class='ocr_line' id='line_1_50' title="bbox 210 2891 1670 2934; baseline -0.001 -11"><span class='ocrx_word' id='word_1_572' title='bbox 210 2893 288 2923; x_wconf 79' lang='lat' dir='ltr'><strong>duas</strong></span> <span class='ocrx_word' id='word_1_573' title='bbox 307 2899 343 2922; x_wconf 68' lang='lat' dir='ltr'><strong>ex</strong></span> <span class='ocrx_word' id='word_1_574' title='bbox 363 2897 444 2922; x_wconf 78' lang='lat' dir='ltr'><strong>terra</strong></span> <span class='ocrx_word' id='word_1_575' title='bbox 463 2891 591 2932; x_wconf 76' lang='lat' dir='ltr'><strong>quidem</strong></span> <span class='ocrx_word' id='word_1_576' title='bbox 611 2892 819 2923; x_wconf 77' lang='lat' dir='ltr'><strong>ascendentes</strong></span> <span class='ocrx_word' id='word_1_577' title='bbox 839 2893 970 2928; x_wconf 82' lang='lat' dir='ltr'><strong>animas,</strong></span> <span class='ocrx_word' id='word_1_578' title='bbox 995 2895 1133 2934; x_wconf 73' lang='lat' dir='ltr'><strong>pulvere,</strong></span> <span class='ocrx_word' id='word_1_579' title='bbox 1149 2894 1293 2934; x_wconf 78' lang='lat' dir='ltr'><strong>squalore</strong></span> <span class='ocrx_word' id='word_1_580' title='bbox 1309 2893 1470 2933; x_wconf 80' lang='lat' dir='ltr'><strong>macieque</strong></span> <span class='ocrx_word' id='word_1_581' title='bbox 1485 2892 1646 2923; x_wconf 74' lang='lat' dir='ltr'><strong>confectas</strong></span> <span class='ocrx_word' id='word_1_582' title='bbox 1663 2903 1670 2922; x_wconf 86' lang='lat'>:</span> 
     </span>
     <span class='ocr_line' id='line_1_51' title="bbox 211 2945 1674 2989; baseline 0.002 -15"><span class='ocrx_word' id='word_1_583' title='bbox 211 2954 227 2974; x_wconf 79' lang='lat' dir='ltr'><strong>e</strong></span> <span class='ocrx_word' id='word_1_584' title='bbox 250 2947 326 2978; x_wconf 62' lang='lat' dir='ltr'><strong>carlo</strong></span> <span class='ocrx_word' id='word_1_585' title='bbox 347 2952 450 2977; x_wconf 73' lang='lat' dir='ltr'><strong>nutem</strong></span> <span class='ocrx_word' id='word_1_586' title='bbox 472 2945 549 2976; x_wconf 71' lang='lat' dir='ltr'><strong>alius</strong></span> <span class='ocrx_word' id='word_1_587' title='bbox 570 2946 684 2977; x_wconf 73' lang='lat' dir='ltr'><strong>nitidas</strong></span> <span class='ocrx_word' id='word_1_588' title='bbox 705 2947 945 2979; x_wconf 78' lang='lat' dir='ltr'><strong>descendentes.</strong></span> <span class='ocrx_word' id='word_1_589' title='bbox 960 2947 1122 2989; x_wconf 71' lang='lat' dir='ltr'><strong>viderique</strong></span> <span class='ocrx_word' id='word_1_590' title='bbox 1138 2948 1239 2989; x_wconf 68' lang='lat' dir='ltr'><strong>iuquit</strong></span> <span class='ocrx_word' id='word_1_591' title='bbox 1254 2946 1374 2979; x_wconf 77' lang='lat' dir='ltr'><strong>animas</strong></span> <span class='ocrx_word' id='word_1_592' title='bbox 1389 2945 1526 2987; x_wconf 84' lang='lat' dir='ltr'><strong>undique</strong></span> <span class='ocrx_word' id='word_1_593' title='bbox 1541 2945 1674 2977; x_wconf 78' lang='lat' dir='ltr'><strong>venien-</strong></span> 
     </span>
    </p>
   </div>
  </div>
 </body>
</html>
