1840 3225
215 206 287 242 322
778 201 1042 242 PLAris
1576 206 1672 256 [697

218 303 287 337 loco
305 306 440 346 prodest,
467 306 604 336 secundo
621 307 848 338 honorandum.
880 315 974 349 atque
996 309 1039 337 ita
1055 306 1226 338 secundum
1241 306 1450 338 successionis
1468 308 1632 344 rationem,
1656 308 1683 337 si

222 360 384 401 quodlibet
407 362 552 396 bonores,
573 361 626 401 qui
651 361 802 403 deinceps
825 362 933 392 ordine
957 368 1139 404 sequuntur,
1159 362 1366 398 nanciscatur,
1389 367 1475 393 recte
1488 362 1594 403 utique
1605 372 1684 393 nan-

225 414 368 444 ciscetur.
415 415 512 445 Mne.
536 415 593 445 Est
618 416 673 446 ita.
721 415 817 458 [097]
844 416 982 447 Arnen.
1007 416 1093 454 Quid
1120 416 1237 458 porro?
1261 427 1301 446 an
1324 417 1392 448 haec
1412 426 1538 457 quoque
1559 415 1685 456 alegis-

223 469 323 499 latore
338 466 553 500 distribuenda
573 480 642 500 esse
664 471 829 502 dicemus?
877 471 973 503 Mne.
1005 472 1156 502 Maxime.
1203 471 1341 502 Arnen.
1366 471 1464 501 Visne
1483 469 1684 512 partitionem

224 519 405 554 cunctorum
418 525 449 553 in
466 534 561 565 opera
575 525 697 566 singula
720 531 752 555 et
768 525 893 556 minima
917 535 1050 567 quaeque
1077 525 1124 555 illi
1147 525 1384 567 relinquamus?
1408 523 1595 566 tripartitam
1609 521 1684 554 vero

222 575 421 615 divisionem,
437 579 583 619 quoniam
608 585 640 609 et
652 580 713 620 ipsi
729 579 830 621 legum
857 579 1090 620 quodammodo
1107 579 1236 610 studiosi
1253 589 1368 615 sumus,
1383 584 1548 609 teneamus
1565 589 1572 607 z
1595 587 1686 609 max-

224 632 287 662 ima
316 638 348 662 et
371 632 476 663 media
503 638 536 663 et
565 633 695 664 minima
719 634 855 664 invicem
883 640 1082 665 secernentes
1105 635 1115 663 ?
1164 634 1260 665 Meo.
1289 634 1503 674 Summopere.
1546 632 1686 664 Arnen.

225 686 377 727 Oportere
389 688 495 728 itaque
510 688 642 718 dicimus
664 688 834 724 civitatem,
856 700 924 730 quae
940 700 996 730 pro
1021 689 1166 719 humanis
1190 689 1305 718 viribus
1328 688 1414 718 salva
1427 687 1566 728 felixque
1580 685 1686 717 futura

223 742 274 776 sit,
286 747 371 772 recte
385 742 518 772 honores
533 748 564 771 et
579 742 744 783 obprobria
760 743 957 774 distribuere.
980 748 1067 774 recta
1089 749 1193 773 autem
1218 742 1394 773 distributio
1407 747 1467 778 est,
1481 747 1516 772 ut
1538 741 1638 782 prima
1654 746 1687 771 et

225 796 359 825 maxime
393 797 575 826 honoranda
606 802 791 826 conseantur
820 796 919 827 animi
953 798 1044 833 bona,
1073 798 1100 827 si
1127 796 1275 838 adjuncta
1309 797 1374 827 illis
1398 795 1607 837 temperantia
1633 795 1686 825 sit.

223 850 362 880 secundo
392 850 552 891 dignitatis
578 850 673 892 gradu
701 852 838 891 corporis
872 851 954 881 bona
990 859 1167 892 ponantur:
1193 851 1285 881 tertio
1311 857 1439 881 externa
1464 849 1622 890 possessio
1649 854 1683 878 et

224 904 376 943 pecuniae.
403 905 469 934 haec
491 905 514 934 si
538 905 605 945 quis
626 905 786 946 legislator
808 905 957 936 civitasve
981 905 1219 946 transgreditur,
1235 906 1285 935 vel
1311 904 1460 945 pecunias
1487 914 1551 944 prae
1572 904 1686 935 ceteris

223 958 405 988 honorando
433 959 479 988 vel
510 959 664 1000 posterius
694 959 815 999 aliquid
848 960 963 989 honore
989 960 1074 1000 prius
1102 958 1298 995 collocando,
1322 968 1426 1000 neque
1452 962 1559 988 sancte
1582 967 1685 998 neque

223 1011 356 1042 civiliter
370 1012 473 1044 faciet.
495 1019 563 1043 rata
585 1014 651 1043 lroec
677 1013 768 1043 nobis
791 1014 963 1044 habenda?
989 1024 1027 1044 an
1048 1013 1204 1054 quomodo
1223 1013 1233 1042 ?
1280 1013 1377 1046 Mac.
1401 1012 1530 1044 Prorsus
1545 1011 1686 1054 quidem.

224 1065 363 1098 Arnen.
388 1067 465 1098 Haec
489 1068 581 1098 latius
596 1069 701 1098 dicere
728 1079 787 1098 nos
812 1069 936 1098 induxit
962 1068 1098 1100 Persicas
1128 1068 1361 1110 gubernationis
1386 1066 1607 1098 consideratio.
1632 1066 1685 1096 In-

226 1121 366 1151 venimus
390 1127 494 1151 autrm
520 1132 573 1151 eos
603 1121 729 1162 pejores
756 1122 858 1152 adhuc
890 1122 992 1153 factos
1022 1133 1101 1155 esse.
1126 1132 1314 1163 causamque
1341 1132 1409 1152 esse
1433 1118 1588 1160 ducimus,
1612 1120 1687 1162 quia

224 1174 352 1204 nimium
378 1176 488 1216 populi
515 1175 659 1206 libertate
686 1175 809 1206 sublata
836 1175 1082 1218 dominandique
1107 1182 1263 1218 potestate
1289 1176 1390 1218 magis
1412 1186 1506 1217 quam
1528 1179 1688 1217 oporteret

225 1228 369 1265 adaucta,
391 1230 573 1260 societatem
599 1231 632 1260 in
657 1231 784 1261 civitate
807 1235 840 1260 et
862 1231 1035 1261 amicitiam
1061 1232 1266 1262 sustulerunt.
1289 1231 1403 1272 quibus
1426 1229 1578 1271 corruptis
1600 1228 1686 1270 prin-

222 1282 311 1322 cipes
325 1294 450 1325 quoque
476 1295 541 1316 non
565 1285 699 1315 subditis
722 1295 759 1316 ac
782 1286 913 1326 populo,
929 1286 985 1316 sed
1008 1286 1129 1327 proprio
1145 1286 1276 1326 irnperio
1299 1285 1478 1317 consulunt.
1501 1283 1578 1325 quin
1589 1283 1686 1314 etiam

225 1347 311 1377 saepe
325 1338 432 1378 exigui
446 1339 493 1368 sui
516 1339 673 1369 commodi
702 1340 801 1380 gratia
826 1340 969 1370 funditus
996 1340 1094 1370 everti
1119 1340 1262 1370 civitates
1285 1348 1459 1380 gentesque
1484 1338 1601 1369 amicas
1613 1337 1688 1378 igue

225 1390 345 1421 absumi
359 1402 421 1422 non
437 1398 557 1424 curant.
580 1394 625 1423 ita
640 1394 794 1423 hostiliter
811 1399 842 1423 et
863 1393 980 1435 absque
1011 1393 1227 1424 misericordia
1251 1392 1396 1429 oderunt,
1411 1399 1444 1422 et
1456 1392 1530 1422 odio
1545 1391 1687 1422 similiter

224 1444 386 1475 habentur.
410 1456 446 1476 ac
471 1447 496 1476 si
521 1447 647 1487 quando
671 1457 749 1487 opus
771 1447 821 1482 sit,
847 1455 880 1477 ut
904 1457 959 1488 pro
975 1448 1020 1478 eis
1044 1447 1154 1488 populi
1180 1451 1331 1488 pugnent,
1346 1446 1467 1476 nullum
1480 1455 1586 1476 rursus
1600 1454 1686 1476 com-

221 1507 348 1528 munem
364 1499 395 1529 in
418 1500 496 1540 ipsis
521 1511 707 1531 consensum
727 1501 902 1536 inveniunt,
919 1507 954 1531 ut
978 1501 1076 1532 velint
1098 1511 1137 1532 ex
1160 1501 1264 1531 animo
1290 1501 1392 1531 subire
1417 1500 1556 1541 pericula
1576 1504 1610 1529 et
1624 1509 1680 1540 pro

223 1553 415 1593 principibus
440 1554 608 1585 dimicare:
634 1556 689 1590 sed
719 1566 787 1585 curn
812 1556 984 1586 innumeris
1000 1567 1089 1597 poene
1117 1556 1297 1586 hominibus
1322 1555 1533 1590 dominentur,
1554 1553 1686 1583 inutiles

223 1613 327 1637 tamen
345 1618 453 1638 omnes
469 1609 584 1639 habent
597 1609 639 1639 ad
663 1609 778 1640 bellum
796 1622 802 1639 :
828 1617 869 1645 et,
886 1617 1034 1651 tanquam
1060 1610 1219 1640 hominum
1244 1609 1435 1650 indigentes,
1449 1607 1528 1638 alios
1542 1605 1684 1638 mercede

224 1660 416 1698 conducunt,
440 1674 495 1704 per
520 1664 725 1694 mercenarios
750 1669 973 1706 extraneosque
995 1665 1112 1695 milites
1134 1666 1236 1695 salvos
1262 1674 1296 1695 se
1319 1663 1386 1694 fore
1412 1667 1572 1704 putantes.
1597 1660 1684 1691 Prae-

221 1719 309 1745 terea
332 1722 364 1746 et
387 1717 522 1747 insanire
545 1722 708 1758 coguntur,
734 1718 830 1759 [698]
856 1729 927 1748 cum
950 1719 1071 1760 reipsa
1096 1719 1268 1759 praedicent
1292 1727 1392 1759 nugas
1412 1726 1481 1747 esse
1504 1726 1553 1751 ea,
1568 1724 1639 1756 qua:
1652 1714 1687 1744 in

222 1769 348 1800 civitate
364 1771 497 1801 honesta
511 1781 578 1802 esse
595 1776 627 1801 et
645 1771 828 1802 honoranda
851 1772 1008 1808 dicuntur,
1023 1773 1048 1803 si
1072 1772 1114 1802 ad
1128 1779 1292 1813 argentum
1307 1777 1340 1802 et
1351 1781 1460 1801 aurum
1477 1769 1686 1800 conferantur.

221 1824 320 1855 Meo.
343 1824 393 1855 Ita
415 1825 460 1855 fit.
503 1826 641 1856 Arnen.
664 1826 726 1857 Sed
750 1826 790 1856 de
815 1827 909 1857 rebus
937 1828 1113 1862 Persarum,
1128 1826 1215 1867 quod
1239 1830 1364 1867 propter
1385 1824 1515 1854 nimiam
1539 1822 1682 1854 domina-

221 1878 342 1908 tionem
366 1879 609 1920 servitutemque
632 1890 695 1910 non
723 1886 807 1911 recte
831 1880 927 1912 modo
951 1891 983 1912 se
1007 1881 1154 1917 habeant,
1166 1880 1234 1922 jam
1259 1879 1335 1910 satis
1355 1879 1397 1909 sit
1411 1877 1541 1909 dictum.
1583 1876 1684 1908 Meo.

224 1932 373 1963 Omnino.
417 1932 556 1964 Arnen.
579 1934 717 1964 Atticam
747 1934 900 1976 deinceps
927 1935 1182 1976 gubernationem
1206 1934 1348 1965 similiter
1372 1941 1552 1974 percurrere
1581 1929 1684 1967 decet,

224 1992 257 2016 ut
281 1992 398 2027 pateat,
430 1987 695 2028 quemadmodum
718 1989 846 2019 libertas
867 1989 950 2019 nulli
975 1989 1101 2019 subdita
1126 1988 1323 2030 magistratui
1347 1997 1411 2018 non
1426 1986 1523 2028 paulo
1547 1984 1684 2016 deterior

221 2046 270 2070 est
284 2050 375 2082 quam
400 2041 543 2082 illa‚quae
569 2041 817 2073 mediocritatem
840 2044 1073 2084 magistratuum
1098 2043 1310 2073 dominatione
1334 2041 1547 2082 consequitur.
1582 2039 1685 2070 Nobis

223 2094 306 2124 enim
334 2099 486 2136 tempore,
503 2105 565 2136 quo
588 2096 692 2126 Persae
717 2096 884 2132 Graeciam,
899 2097 995 2127 immo
1020 2097 1196 2127 universam
1219 2106 1311 2138 paene
1334 2095 1494 2136 Europam
1519 2093 1683 2135 aggredie-

221 2150 345 2184 bantur,
360 2149 464 2190 pn'sca
486 2150 631 2190 quaedam
653 2155 718 2180 erat
740 2160 790 2181 res
814 2150 954 2191 publica,
969 2156 1002 2180 et
1022 2151 1221 2191 magistratus
1240 2150 1339 2191 aliqui
1353 2159 1390 2180 ex
1414 2159 1510 2180 censu
1523 2147 1680 2190 quadrifa-

222 2203 301 2233 riam
323 2202 422 2233 diviso
447 2208 556 2233 erant:
582 2204 745 2245 pudorque
771 2204 882 2239 inerat,
909 2204 998 2245 quasi
1022 2205 1177 2239 dominus,
1203 2204 1291 2245 cujus
1306 2203 1532 2244 causategibus
1545 2201 1681 2243 subjecti

219 2256 324 2287 virere
354 2257 547 2288 volebamus.
592 2263 744 2298 praeterea
773 2258 957 2298 magnitudo
985 2258 1176 2289 terrestrium
1207 2258 1489 2298 maritimarumque
1518 2257 1679 2298 copiarum

221 2321 320 2352 usque
345 2311 423 2342 adeo
446 2322 503 2342 nos
525 2312 687 2351 exterruit,
711 2318 745 2342 ut
769 2312 980 2342 observantius
1005 2322 1062 2342 nos
1086 2312 1208 2354 legibus
1235 2318 1267 2342 et
1295 2311 1524 2353 magistratibus
1546 2309 1678 2352 obsequi

222 2369 255 2395 et
267 2365 395 2396 obedire
412 2365 563 2406 coegerit.
579 2366 691 2407 quibus
706 2365 746 2396 de
757 2366 859 2396 causis
872 2366 968 2407 major
983 2366 1063 2397 inter
1077 2376 1136 2397 nos
1150 2371 1258 2397 exorta
1271 2372 1320 2396 est
1334 2365 1557 2396 benivolentia.
1579 2364 1678 2396 ferme

222 2430 357 2461 namque
372 2408 528 2451 decennio
554 2426 637 2455 ante,
653 2430 746 2461 quam
772 2420 890 2450 bellum
912 2421 1022 2450 navale
1046 2421 1078 2450 in
1101 2420 1259 2451 Salamina
1272 2426 1396 2462 gestum
1410 2420 1462 2456 sit,
1491 2418 1586 2458 Datis
1596 2418 1677 2460 ipse,

219 2485 238 2504 a
268 2474 366 2505 Dario
392 2475 514 2510 missus,
545 2475 677 2506 classem
704 2473 862 2505 Persicam
892 2475 924 2505 iu
954 2474 1168 2505 Athenienses
1196 2474 1454 2515 Eretriensesque
1484 2472 1598 2504 duxit:
1623 2472 1676 2503 cui

218 2538 298 2558 mors
314 2539 333 2559 a
360 2529 469 2565 Dario,
485 2529 545 2559 nisi
571 2530 627 2559 has
653 2534 764 2569 gentes
793 2527 905 2559 ditioni
935 2539 998 2559 sure
1025 2529 1201 2570 subjiceret,
1228 2534 1276 2559 est
1296 2528 1427 2559 indicta.
1458 2526 1554 2558 Datis
1573 2525 1672 2567 igitur

219 2583 288 2622 ipse
317 2582 509 2614 Eretrienses
535 2582 622 2613 brevi
646 2588 785 2624 tempore
812 2583 1033 2613 innumerabili
1055 2583 1191 2614 militum
1216 2583 1308 2624 copia
1322 2581 1449 2623 penitus
1463 2581 1675 2623 expugnavit:

218 2635 426 2677 terribilisque
456 2637 529 2668 inde
566 2647 670 2667 rumor
705 2637 746 2667 ad
774 2637 882 2667 urbem
911 2637 1055 2678 pervenit
1089 2646 1237 2673 nostram,
1265 2636 1422 2666 neminem
1452 2634 1677 2666 Eretriensium

220 2690 389 2729 effugisse:
415 2690 470 2720 sed
498 2691 640 2721 manibus
665 2691 800 2722 invicem
828 2691 943 2721 milites
959 2691 1087 2733 junctis,
1104 2697 1198 2732 atque
1223 2691 1269 2721 ita
1291 2690 1435 2720 universa
1449 2689 1577 2731 regione
1602 2688 1678 2720 Ere—

220 2743 381 2774 triensium
408 2744 611 2780 circumdata,
627 2755 737 2776 omnes
762 2745 886 2786 penitus
915 2745 1199 2786 comprehendisse.
1221 2745 1272 2775 hic
1296 2754 1410 2778 rumor,
1433 2753 1490 2774 seu
1505 2752 1596 2774 verus
1611 2744 1676 2774 sive

219 2808 296 2838 non,
312 2808 383 2828 cum
407 2804 528 2829 ceteros
554 2798 682 2830 Graecos
706 2805 772 2830 tum
799 2800 848 2829 vel
874 2800 1010 2830 maxime
1034 2799 1245 2831 Athenienses
1270 2798 1446 2839 perterruit.
1462 2796 1586 2838 quibus,
1603 2807 1675 2828 cum

218 2853 390 2882 universam
415 2852 570 2883 Graeciam
586 2854 697 2893 passim
727 2854 933 2895 legationibus
959 2853 1060 2884 missis
1081 2853 1122 2884 ad
1146 2863 1239 2895 opem
1253 2851 1415 2883 ferendam
1430 2851 1673 2886 cohortarentur,

216 2916 307 2937 nemo
321 2912 434 2947 praeter
457 2905 713 2940 Lacedaemonios
740 2909 882 2941 auxiliari
906 2908 1013 2940 voluit.
1037 2916 1067 2939 et
1094 2908 1147 2939 isti
1173 2907 1311 2949 quidem,
1333 2915 1390 2938 seu
1403 2905 1496 2943 betto,
1513 2905 1598 2947 quod
1613 2904 1669 2936 ad-
