1840 3225
213 174 290 212 318
796 164 1058 204 PLATOle
1559 168 1656 220 [690

203 274 344 306 sissimas
357 281 426 304 esse
441 279 544 302 assero
559 269 694 302 civitatis
708 268 935 312 cujuslibetque
951 270 1037 301 cives
1051 282 1058 300 :
1082 279 1146 300 non
1161 274 1268 300 autem
1282 269 1432 310 opificum
1445 269 1659 311 ignorantias3

203 329 228 360 si
243 327 347 362 modo,
364 325 448 368 quod
462 325 546 362 dico,
571 324 722 365 hospites,
747 324 937 365 intelligitis.
983 324 1060 356 Cn.
1084 324 1125 354 Et
1149 324 1366 365 intelligimus,
1382 334 1402 355 ο
1417 324 1529 360 amice,
1544 325 1612 355 bac
1628 328 1662 354 et

203 381 418 414 concedimus.
461 379 609 423 Arm-:143
623 378 694 410 Hoc
708 378 816 420 itaque
840 386 943 409 ratum
967 379 1129 415 habeatur,
1145 377 1230 419 quod
1255 379 1385 415 civibus,
1401 379 1456 420 qui
1483 379 1544 410 boc
1566 378 1662 410 modo

201 438 358 477 ignorant,
374 434 454 466 nibil
476 433 518 464 ad
531 433 742 474 principatum
754 433 917 474 pertinens
931 432 1190 464 committendum
1205 433 1246 464 sit
1261 444 1267 462 :
1290 433 1387 464 immo
1408 443 1492 469 vero,
1515 437 1553 463 ut
1573 433 1668 474 ignoa

201 496 319 527 rantes,
333 487 543 531 improbandi,
555 487 679 518 etiamsi
702 487 875 518 acutissimi
891 493 923 518 et
939 488 1136 518 disertissimi
1152 488 1226 523 sint,
1240 495 1274 519 et
1287 498 1358 529 quae
1381 487 1423 518 ad
1443 492 1662 518 ornamentum

203 551 237 576 et
247 554 383 576 acumen
393 542 515 584 ingenii
527 546 680 582 spectant,
695 547 809 572 cuneta
833 541 1001 582 complexi.
1024 541 1078 582 qui
1091 552 1166 572 vero
1188 547 1298 572 contra
1312 541 1420 573 affecti
1435 546 1519 578 sunt,
1534 540 1663 582 sapien-

202 605 251 630 tes
266 597 414 634 habendi,
430 597 555 628 etiamsi
567 606 670 638 neque
685 596 803 631 literas,
831 601 866 626 ut
880 595 1005 632 dicitur,
1028 596 1174 627 noverint
1193 606 1298 638 neque
1314 601 1423 627 name
1447 596 1549 626 sciant
1563 606 1571 624 z
1596 605 1663 626 ma-

202 654 348 695 gistratus
361 661 485 694 quoque
508 651 589 686 istis,
613 651 704 692 quasi
725 650 940 691 prudentibus,
965 651 1195 681 committendi.
1218 650 1378 692 quomodo
1404 650 1501 686 enim,
1516 659 1536 680 o
1557 649 1664 685 amici,

202 709 254 740 vel
268 707 400 738 minima
414 705 589 748 prudentiae
606 705 728 746 species
744 705 811 734 sine
824 715 979 736 consensu
998 705 1169 736 consistere
1185 704 1323 746 poterit?
1369 704 1446 737 Cu.
1470 703 1571 735 Nullo
1594 712 1663 734 mo-

202 762 255 793 do.
299 762 376 792 Aru
383 771 438 792 en.
462 759 510 791 At
520 770 591 790 vero
607 759 834 800 pulcherrimus
847 759 1061 800 maximusque
1075 768 1284 790 consensuum
1295 758 1431 790 omnium
1447 759 1584 789 mxima
1593 758 1664 800 jure

202 816 360 858 sapientia
373 824 441 845 esse
458 813 590 845 dicetur.
623 813 711 854 cujus
731 813 859 854 quidem
885 814 1044 854 particeps
1067 814 1107 843 sit
1126 823 1256 844 necesse
1273 819 1333 849 est,
1360 813 1414 854 qui
1428 810 1602 843 secundum
1613 823 1665 843 ra-

201 871 318 902 tionem
333 870 439 900 vivere
455 867 561 898 debet.
582 867 725 908 quisquis
753 872 858 898 autem
874 877 986 908 expers
1000 872 1058 903 est,
1079 873 1112 897 et
1127 878 1191 897 suae
1217 867 1327 898 domus
1343 877 1468 897 eversor
1480 872 1514 897 et
1528 866 1667 897 civitatis

201 933 360 966 nunquam
385 927 533 957 servator,
548 922 604 951 sed
622 925 731 952 contra
741 922 870 952 omnino
885 921 926 952 ad
948 923 1016 953 haec
1033 931 1157 963 semper
1178 922 1306 962 ignarus
1321 931 1391 952 esse
1409 920 1575 951 videbitur.
1595 920 1665 951 haec

200 979 307 1020 igitur,
321 981 355 1007 ut
371 976 464 1018 paulo
489 980 562 1006 ante
587 974 734 1012 diximus,
748 975 792 1006 ita
805 985 839 1006 se
854 976 1001 1006 habeant.
1046 976 1127 1008 Cu.
1149 975 1201 1005 Ita
1216 986 1351 1017 prorsus.
1395 976 1534 1006 Arnen.
1557 973 1665 1015 Impe-

200 1041 306 1064 rantes
322 1041 392 1062 vero
408 1035 441 1060 et
455 1034 602 1071 parentes
615 1039 721 1060 nonne
747 1030 781 1060 in
804 1029 983 1060 civitatibus
1005 1039 1075 1060 esse
1100 1030 1241 1060 debent?
1288 1029 1366 1060 Cn.
1387 1028 1518 1070 Utique.
1563 1027 1664 1072 [690]

200 1088 339 1119 Arium.
361 1085 450 1116 Esto.
463 1084 601 1115 rationes
615 1088 722 1114 autem
736 1094 792 1126 pro
805 1084 960 1125 dignitate
975 1083 1152 1125 imperandi
1167 1089 1260 1126 atque
1276 1083 1410 1125 parendi
1424 1083 1535 1126 quales
1549 1089 1623 1114 sunt
1632 1089 1667 1114 et

202 1148 281 1184 quot
297 1149 361 1171 tam
373 1140 408 1170 in
419 1138 598 1170 civitatibus
609 1138 734 1180 magnis
747 1144 780 1169 et
794 1140 912 1180 parvis,
935 1149 1031 1180 quam
1045 1139 1191 1181 privatim
1203 1139 1237 1168 iu
1254 1139 1398 1169 domibus
1409 1137 1559 1169 simi'nter
1572 1138 1666 1168 sunt?

201 1205 306 1226 nonne
321 1195 424 1237 prima
436 1192 598 1234 dignitatis
611 1198 699 1223 recta
721 1193 802 1223 ratio
827 1194 900 1229 erit,
924 1199 960 1224 ut
985 1200 1073 1235 pater
1087 1203 1124 1224 ac
1137 1199 1241 1223 mater
1264 1199 1298 1223 et
1311 1193 1495 1234 simpliciter
1509 1193 1665 1234 genitores

200 1250 316 1292 ubique
337 1249 420 1280 natis
434 1248 611 1289 imperent?
658 1246 734 1279 Cu.
758 1248 911 1278 Maxime.
955 1247 1094 1278 Arnim.
1117 1248 1274 1284 Secunda,
1299 1253 1333 1279 ut
1355 1247 1544 1289 ignobilibus
1568 1256 1666 1288 gene-

200 1305 285 1336 rosi?
307 1304 413 1339 tertia,
428 1308 465 1333 ut
473 1301 649 1344 junioribus
672 1303 835 1333 seniores?
883 1303 961 1334 (311.
985 1301 1026 1332 Et
1049 1303 1120 1334 hoc.
1165 1301 1306 1333 Arnen.
1329 1302 1460 1339 Quarta,
1487 1307 1524 1332 ut
1546 1301 1663 1332 domim

201 1359 320 1390 servis?
365 1358 441 1389 Cn.
464 1357 578 1387 Procul
594 1355 699 1387 dubio.
745 1356 882 1387 Arum.
905 1356 1037 1393 Quinta,
1057 1362 1093 1386 ut
1113 1356 1305 1397 potentiores
1329 1356 1540 1392 dominentur,
1564 1355 1667 1386 imbe-

201 1413 340 1445 cilliores
367 1411 526 1442 serviant?
586 1410 666 1442 cm.
703 1410 921 1453 Principatum
955 1410 1050 1441 modo
1093 1410 1200 1441 dixisti
1235 1410 1404 1441 admodum
1444 1409 1666 1441 necessarium.

200 1468 340 1499 Arnim.
361 1466 464 1497 Immo
479 1475 555 1496 vero
581 1465 632 1506 qui
649 1466 812 1506 plurimus,
835 1470 867 1496 et
883 1465 1055 1496 secundum
1079 1470 1233 1501 naturam,
1257 1471 1291 1495 ut
1314 1464 1484 1495 Tbebanus
1509 1463 1667 1495 Pindarus

201 1522 256 1558 ait,
271 1522 306 1552 in
319 1521 462 1552 omnibus
485 1519 672 1551 animalibus
685 1520 852 1560 reperitur.
872 1520 1009 1550 maxima
1024 1529 1097 1550 vero
1121 1518 1259 1560 dignitas
1286 1525 1376 1550 sexto
1392 1518 1577 1550 collocanda
1603 1524 1665 1555 est,

201 1586 263 1618 qua
275 1576 455 1617 ignorantes
477 1574 604 1616 quidem
620 1574 710 1615 sequi
720 1574 888 1616 jubentu13
913 1573 1084 1614 prudentes
1109 1579 1213 1604 autem
1241 1573 1356 1604 ducere
1380 1580 1474 1615 atque
1498 1572 1665 1606 dominari.

201 1629 286 1671 quod
302 1640 361 1671 ego
377 1629 503 1670 quidem
517 1629 694 1669 imperium,
711 1638 730 1658 ο
753 1628 982 1669 sapientissime
998 1627 1147 1663 Pindare,
1163 1637 1228 1658 non
1251 1633 1364 1669 praeter
1375 1633 1530 1664 naturam,
1546 1627 1602 1658 sed
1614 1637 1664 1658 se-

201 1685 339 1716 cundum
351 1688 496 1714 naturam
510 1683 600 1724 legis,
615 1688 649 1713 et
663 1688 774 1723 sponte
789 1688 980 1723 susceptum,
998 1692 1061 1713 non
1076 1683 1232 1713 violenter
1245 1682 1323 1719 fieri,
1345 1682 1542 1713 affirmarem.
1587 1681 1664 1714 Cn.

199 1739 302 1770 Probe
319 1737 451 1769 dictum.
493 1736 631 1767 Arnen.
653 1737 829 1778 Septimum
856 1736 1066 1778 principatum
1082 1736 1122 1767 ad
1149 1742 1264 1768 sortem
1290 1737 1430 1778 aliquam
1444 1735 1666 1778 producamus,

202 1803 274 1824 eum
290 1779 355 1823 De'i
371 1791 471 1832 gratia
484 1797 517 1821 et
530 1790 682 1822 felicitate
698 1790 832 1832 quadam
848 1790 1011 1832 obtingere
1035 1797 1210 1822 asserentes
1224 1803 1231 1821 ε
1256 1797 1290 1822 et
1299 1791 1507 1833 justissimum
1521 1799 1590 1822 esse
1605 1789 1665 1821 du-

202 1856 321 1882 camuS,
350 1851 386 1876 ut
406 1845 444 1881 is,
470 1854 562 1886 quem
586 1855 652 1875 sors
676 1845 840 1886 delegerit,
867 1846 1023 1886 imperet;
1047 1846 1102 1876 ille
1131 1856 1213 1882 vero,
1240 1855 1334 1887 quem
1359 1844 1520 1886 repulerit,
1545 1849 1666 1886 pareat.

203 1901 280 1932 Cu.
303 1900 391 1932 Vera
402 1909 519 1930 narras.
566 1898 707 1930 Arni-m.
730 1899 882 1930 Dicemus
901 1909 974 1941 ergo
999 1899 1074 1940 joco
1090 1900 1226 1941 quodam
1251 1900 1292 1930 ad
1318 1899 1455 1941 aliquem
1475 1909 1595 1934 eorum,
1611 1898 1667 1940 qui

201 1955 295 1986 facile
309 1954 509 1985 ferendarum
533 1954 638 1994 legum
654 1963 769 1983 munus
791 1953 1034 1994 aggrediuntur:
1059 1963 1100 1983 an
1115 1954 1214 1989 vides,
1230 1963 1249 1983 o
1265 1954 1465 1994 legumlator,
1487 1958 1567 1995 quot
1579 1953 1667 1984 eirca

201 2009 394 2050 imperantes
408 2006 579 2048 dignitates
598 2007 846 2043 considerantur,
863 2012 895 2038 et
909 2007 1068 2049 quomodo
1090 2008 1174 2037 inter
1189 2018 1223 2038 se
1238 2007 1391 2048 opposita}
1407 2012 1479 2038 sunt
1492 2007 1503 2038 ?
1526 2007 1667 2048 profecto

200 2072 286 2094 nunc
298 2061 418 2092 fontem
430 2060 568 2101 aliquem
586 2061 776 2092 seditionum
790 2061 979 2097 invenimus,
997 2071 1015 2091 a
1032 2071 1093 2102 quo
1106 2060 1164 2091 tibi
1179 2061 1353 2092 cavendum
1376 2065 1435 2092 est.
1455 2061 1590 2102 primum
1603 2061 1665 2102 igi-

201 2121 252 2148 tur
265 2116 431 2147 nobiscum
448 2114 615 2155 diligenter
637 2115 813 2150 conside-ra,
829 2115 980 2155 quidnam
995 2121 1028 2145 et
1041 2115 1198 2156 quomodo
1213 2120 1328 2155 praeter
1342 2115 1411 2146 haee
1434 2115 1519 2145 male
1534 2120 1666 2156 agentes

201 2170 358 2212 Argorum
372 2169 594 2210 Messenaeque
608 2179 698 2210 reges
711 2180 743 2200 se
760 2169 845 2209 ipsos
860 2169 950 2199 simul
965 2175 998 2199 et
1013 2169 1195 2200 Graecorum
1211 2169 1397 2209 potentiam,
1413 2179 1484 2210 quae
1497 2174 1573 2200 tunc
1587 2169 1663 2200 mim

202 2230 281 2260 erat,
297 2228 489 2255 everterunt.
512 2233 631 2262 nonne,
648 2223 722 2264 quia
735 2222 907 2254 rectissime
923 2223 1042 2254 dictum
1059 2223 1098 2254 ab
1115 2222 1257 2253 Hesiodo
1272 2223 1464 2263 ignorarunt,
1481 2223 1662 2254 Dimidium

203 2289 426 2320 nonnunquam
456 2278 528 2319 plus
554 2287 620 2309 esse
650 2287 742 2318 quam
771 2275 894 2309 totum?
931 2277 1058 2318 quando
1085 2278 1234 2307 videlicet
1259 2284 1360 2307 totum
1396 2277 1664 2318 comprehendere

204 2333 333 2364 noxium
347 2338 405 2368 est,
432 2331 596 2362 dimidium
610 2341 685 2362 vero
700 2330 862 2361 moderate
885 2340 919 2361 se
936 2331 1042 2367 habet,
1058 2337 1132 2363 tnnc
1149 2342 1223 2362 sane
1250 2331 1445 2362 moderatum
1459 2331 1666 2363 immoderato

204 2387 276 2428 plus
302 2397 371 2418 esse
395 2386 528 2423 censuit,
553 2390 663 2427 utpote
686 2385 841 2416 deteriore
865 2385 988 2416 melius.
1035 2385 1111 2418 Cu.
1143 2385 1345 2418 Rectissime.
1390 2387 1526 2417 Arnsx.
1550 2385 1665 2418 Utrum

203 2442 329 2483 regibus
345 2442 404 2472 hoc
417 2440 625 2482 pemiciosuiu
638 2440 740 2471 inesse
757 2440 842 2481 prius
855 2450 951 2481 qnam
971 2440 1056 2482 plebi
1072 2441 1251 2472 credimus?
1276 2440 1374 2484 [691]
1399 2441 1476 2473 Cu.
1499 2439 1665 2471 Probabile

205 2501 275 2536 est„
282 2505 390 2537 regum
416 2495 553 2525 maxime
583 2495 667 2525 hunc
696 2495 837 2525 morbum
866 2504 948 2526 esse.
975 2495 1029 2536 qui
1059 2495 1191 2536 superbe
1229 2503 1358 2537 propter
1387 2494 1520 2526 delicias
1542 2494 1663 2525 vivunt.

204 2550 342 2580 Arnim.
365 2548 570 2590 Perspicuum
584 2548 678 2590 igitur
691 2548 750 2580 hoc
765 2549 902 2590 primum
917 2559 1005 2590 reges
1020 2560 1075 2581 eos
1090 2550 1246 2585 babuisse,
1261 2549 1347 2591 quod
1360 2549 1432 2591 plus
1445 2557 1539 2590 quam
1552 2547 1664 2589 positae

206 2604 293 2644 leges
306 2613 398 2644 posse
413 2603 591 2639 voluerunt,
606 2613 666 2634 nec
681 2603 714 2633 in
729 2613 768 2634 eo
791 2604 985 2635 concorditer
1007 2609 1253 2644 permanserunt,
1269 2604 1352 2645 quod
1369 2602 1473 2633 verbis
1499 2607 1533 2633 et
1542 2602 1663 2644 jureju-

205 2656 304 2688 mado
318 2656 532 2688 laudaverant.
555 2667 662 2688 verum
677 2657 840 2693 dissensio,
855 2664 891 2688 ut
907 2658 996 2689 nobis
1015 2658 1147 2694 videtur,
1169 2669 1251 2700 quae,
1268 2667 1340 2689 eum
1363 2657 1503 2688 maxima
1515 2657 1663 2698 ignoran-

204 2710 251 2741 tia
265 2711 316 2746 sit,
327 2710 483 2752 sapientia
499 2716 604 2741 tamen
617 2716 758 2753 apparet,
775 2722 811 2742 ea
825 2712 929 2743 omnia
946 2718 1073 2754 propter
1087 2723 1224 2744 errorum
1235 2717 1269 2743 et
1282 2721 1420 2742 amaram
1434 2710 1663 2742 inconcinniu-

207 2769 272 2797 tem
285 2765 408 2795 evertit.
453 2765 532 2798 Cu.
556 2764 703 2796 Videtur.
749 2767 888 2797 Arnen.
912 2766 998 2804 Quid
1013 2767 1106 2809 igitur
1120 2768 1179 2798 hoc
1200 2766 1240 2798 de
1255 2766 1362 2797 morbo
1384 2766 1546 2797 timentem
1572 2775 1663 2806 opor-

205 2819 268 2850 tuit
282 2819 492 2860 legislatorem
508 2819 648 2850 cavisse?
673 2830 713 2850 an
726 2830 782 2862 per
799 2820 886 2851 Deos
910 2830 1015 2863 neque
1037 2821 1200 2862 sapientiae
1226 2820 1350 2852 laudem
1366 2819 1460 2851 habet
1471 2829 1558 2851 nunc
1573 2819 1664 2862 hujus

208 2873 340 2915 agnitio,
354 2883 457 2915 neque
473 2873 600 2906 difficile
626 2873 735 2906 dictu?
757 2875 784 2907 si
803 2875 873 2918 quis
899 2881 1003 2908 autem
1027 2875 1061 2908 id
1086 2882 1159 2908 tunc
1182 2874 1389 2918 praevidisset,
1415 2879 1499 2907 certe
1518 2873 1665 2911 5⁸1¹&ss
