1840 3225
162 181 256 233 111]
776 181 1007 222 cmTrAS.
1548 182 1628 221 279

154 285 365 326 superioribus
387 286 531 323 diximus,
557 286 773 327 montivagum
795 291 889 326 atque
916 285 1005 321 rude,
1037 285 1087 316 cui
1113 291 1278 327 potentum
1290 286 1324 318 in
1338 284 1466 328 regione
1482 286 1619 317 virorum

153 339 280 370 nomina
295 341 397 372 solum
413 341 520 372 audita
534 352 540 370 :
566 346 599 372 at
612 345 726 382 praeter
742 340 809 370 haec
823 350 861 370 ex
874 339 967 369 rebus
979 339 1078 380 gestis
1092 340 1212 381 exiguae
1221 341 1370 381 quaedam
1383 346 1465 371 notae
1485 340 1624 371 fuerunt.

158 400 353 435 quapropter
369 395 441 426 filiis
455 395 518 426 suis
533 394 649 436 posteri
665 393 802 434 quodam
816 394 930 424 amoris
942 393 1058 424 affectu
1073 395 1202 425 nomina
1215 395 1386 436 priscorum
1398 396 1623 436 imposuerunt,

155 447 304 479 virtutum
317 449 482 491 legumque
496 449 691 490 superiorum
704 448 804 489 ignari
820 459 828 477 :
851 448 931 478 nihil
947 448 1032 478 enim
1048 447 1087 478 de
1101 448 1148 478 his
1162 448 1318 478 habebant
1335 454 1445 489 praeter
1465 447 1619 484 auditum,

157 506 191 532 et
221 502 304 534 hunc
332 513 395 534 non
412 503 487 534 satis
505 508 637 534 certum.
658 513 731 533 cum
756 511 829 532 vero
841 502 938 531 multa
953 511 1010 542 per
1026 502 1132 532 secula
1147 502 1236 532 rebus
1249 501 1289 532 ad
1307 502 1424 533 victum
1440 501 1626 533 necessariis

154 555 342 596 indigerent,
367 557 463 598 [110]
488 557 609 597 ipsique
634 562 666 586 et
693 555 750 586 filii
774 561 916 586 mentem
932 555 980 585 his
999 555 1195 591 adhiberent,
1211 566 1340 596 quorum
1354 556 1486 596 penuria
1498 566 1622 597 preme-

154 609 276 646 bantur,
294 610 396 652 deque
419 611 468 641 his
479 610 575 641 verba
586 610 739 646 facerent,
753 621 856 641 rerum
871 609 1070 650 antiquarum
1083 611 1266 640 memoriam
1282 611 1498 651 neglexerunt.
1514 609 1622 641 confa-

155 663 273 694 bulatio
293 665 379 695 enim
398 664 629 706 priscarumque
652 675 757 695 rerum
778 663 979 705 investigatio
1002 664 1034 694 in
1057 664 1235 695 civitatibus
1259 674 1332 695 cum
1354 664 1419 695 otio
1443 664 1535 694 simul
1551 664 1624 694 oriri

154 724 391 755 consueverunt,
416 730 487 750 cum
506 719 686 750 necessaria
708 719 781 749 vitae
797 725 907 759 parata
919 717 984 758 jam
999 724 1072 748 sunt
1086 730 1094 757 ;
1119 719 1205 758 prius
1215 728 1289 748 vero
1305 728 1514 759 nequaquam.
1530 724 1624 759 atque

155 771 202 802 ita
217 772 386 812 priscorum
399 774 529 804 nomina
540 781 614 804 sunt
622 773 739 814 absque
751 773 897 814 operibus
906 778 1074 803 reservata.
1086 772 1157 803 dico
1169 778 1273 803 autern
1286 772 1353 803 haec
1369 772 1415 802 ita
1429 771 1624 813 conjectans,

155 826 412 868 quoniaminquit
422 828 517 858 Solon
528 827 707 858 sacerdotes
718 828 791 858 illos
799 827 832 857 in
845 827 960 857 veteris
973 827 1048 856 belli
1060 827 1236 857 narratione
1248 827 1381 868 plurima
1389 826 1555 856 inseruisse
1567 836 1625 857 no-

157 880 240 911 mina
264 884 397 922 posteris
416 882 599 923 persimilia,
619 888 653 913 ut
663 882 849 924 Cecropem,
863 880 1085 917 Erechtheum,
1097 881 1347 917 Erichthonium,
1360 880 1624 916 Erisichthonem,

155 935 280 976 aliaque
294 946 334 966 ex
345 937 404 972 his,
415 948 486 978 quae
500 947 595 977 supra
606 937 768 967 Theseum
782 941 1002 966 memorantur.
1025 936 1190 966 mulierum
1204 929 1327 976 quoque
1343 935 1471 965 nomina
1483 934 1626 965 similiter

158 994 254 1030 atque
279 1000 376 1031 opera
401 990 525 1027 eadem,
555 991 696 1032 Deaeque
725 990 868 1021 Palladis
882 990 1014 1031 figuram
1027 995 1059 1020 et
1074 995 1221 1026 statuam,
1237 990 1282 1020 ita
1296 994 1332 1019 ut
1345 988 1418 1019 belli
1432 987 1536 1019 studia
1548 988 1625 1019 viris

153 1049 230 1075 mne
255 1050 362 1075 essent
386 1045 632 1086 mulieribusque
647 1045 834 1076 communia.
846 1053 962 1084 nempe
978 1054 1016 1074 ea
1028 1048 1218 1085 tempestate
1235 1048 1386 1074 armatam
1400 1042 1504 1073 Deam
1517 1042 1622 1084 palam

157 1099 274 1129 elatam
287 1099 461 1137 exstitisse,
475 1100 652 1140 exemplum
668 1099 812 1130 daturam
827 1098 980 1134 omnibus,
997 1097 1082 1139 quod
1094 1098 1126 1127 in
1144 1097 1273 1138 singulis
1285 1096 1465 1127 animalium
1479 1096 1626 1138 gregibus

153 1162 221 1184 mas
232 1153 413 1194 feminaque
428 1154 520 1183 sortis
534 1153 687 1195 ejusdem,
703 1164 760 1195 pro
772 1153 898 1193 generis
910 1152 1061 1193 cujusque
1075 1152 1189 1182 virtute
1203 1152 1247 1182 ita
1262 1156 1373 1181 natura
1384 1151 1528 1181 instituta
1539 1155 1625 1188 sunt,

154 1211 189 1237 ut
212 1206 345 1248 aggredi
361 1207 467 1237 omnia
480 1208 690 1238 communiter
702 1208 840 1238 valeant.
862 1206 1047 1236 habitabant
1059 1206 1199 1247 profecto
1211 1212 1286 1236 tunc
1301 1206 1334 1236 in
1350 1206 1408 1236 hac
1419 1204 1548 1246 regione
1563 1205 1626 1236 alia

155 1271 273 1301 genera
297 1261 422 1297 civium,
439 1261 493 1302 qui
515 1262 549 1292 in
573 1262 686 1293 artium
714 1261 860 1302 operibus
872 1266 904 1290 et
918 1260 1105 1301 agricultura
1117 1260 1329 1290 versabantur.
1345 1259 1460 1297 milites
1472 1264 1587 1295 autem,
1604 1269 1624 1290 a

153 1314 268 1345 divinis
283 1315 357 1345 viris
373 1316 530 1356 principio
546 1316 713 1357 segregati,
727 1325 868 1346 seorsum
882 1315 1043 1352 vivebant,
1056 1315 1208 1345 habentes
1220 1315 1327 1345 omnia
1341 1321 1405 1344 tum
1418 1314 1457 1344 ad
1471 1313 1623 1346 alimenta

154 1374 220 1399 tum
235 1368 276 1399 ad
292 1370 512 1400 educationem
528 1370 734 1401 conferentia.
751 1380 880 1411 quorum
896 1369 1001 1400 nullus
1015 1369 1174 1410 proprium
1188 1367 1309 1409 aliquid
1324 1367 1522 1409 possidebat:
1547 1377 1621 1398 nam

154 1424 334 1454 communia
351 1424 434 1454 inter
460 1434 494 1454 se
514 1429 630 1455 cuncta
650 1424 882 1455 existimabant.
897 1424 980 1454 ultra
992 1433 1066 1454 vero
1081 1423 1184 1454 victus
1197 1422 1295 1464 ipsius
1309 1422 1530 1452 sufficientiam
1542 1422 1622 1453 nihil

157 1477 198 1507 ab
221 1478 293 1508 aliis
309 1478 427 1509 civibus
442 1478 613 1519 exigebant
628 1490 635 1508 ε
660 1478 909 1520 exercebantque
925 1488 963 1508 ea
979 1478 1096 1514 omnia,
1110 1488 1180 1519 quae
1197 1477 1262 1508 heri
1276 1476 1315 1507 de
1332 1476 1524 1512 custodibus,
1543 1486 1623 1518 quos

154 1530 386 1573 descripsimus,
410 1533 552 1574 exposita
579 1538 664 1564 sunt.
709 1533 795 1570 Quin
825 1533 921 1563 etiam
947 1542 1022 1562 vere
1048 1531 1130 1562 illud
1155 1537 1188 1562 et
1212 1531 1415 1572 probabiliter
1439 1530 1478 1561 de
1491 1530 1621 1572 regione

153 1592 261 1617 nostra
283 1592 333 1618 est
347 1587 476 1623 dictum,
489 1587 622 1628 primum
638 1588 764 1629 quidem
777 1587 841 1618 illis
856 1586 1049 1628 temporibus
1064 1586 1143 1616 fines
1154 1596 1228 1616 suos
1241 1596 1347 1616 versus
1357 1586 1510 1616 Isthmum
1521 1585 1622 1616 habu-

155 1639 219 1671 isse
234 1640 412 1678 distinctos,
427 1641 575 1683 quodque
588 1641 738 1683 vergebat
749 1641 781 1672 in
796 1647 919 1682 partem
932 1642 1063 1672 alteram
1076 1640 1266 1672 continentis
1282 1650 1381 1681 usque
1404 1639 1445 1670 ad
1467 1649 1622 1671 summum

158 1693 370 1726 Cithaeronem
402 1701 496 1737 atque
520 1695 730 1735 Parnethem3
765 1696 820 1737 qui
846 1695 925 1726 fines
944 1696 1016 1736 ipso
1034 1694 1188 1726 descensu
1209 1693 1250 1725 ad
1273 1694 1436 1724 dexteram
1469 1694 1623 1734 Oropiam

155 1748 334 1786 habuerint,
357 1750 397 1780 ad
421 1750 577 1781 sinistram
599 1761 706 1781 versus
722 1761 804 1780 mare
818 1749 964 1791 Asopum
977 1749 1218 1791 distinguentes.
1235 1749 1345 1779 virtute
1361 1759 1432 1779 vero
1446 1748 1623 1780 universam

158 1807 273 1834 terram
299 1803 339 1833 ab
364 1803 423 1834 hac
443 1809 661 1844 exsuperatam
679 1804 775 1835 fuisse
803 1804 946 1834 traditur.
978 1810 1169 1845 quapropter
1194 1802 1335 1844 potuisse
1359 1807 1434 1833 tunc
1459 1801 1619 1843 regionem

153 1856 237 1887 hanc
260 1857 438 1888 universum
461 1857 651 1898 circagarum
677 1859 849 1889 exercitum
860 1859 956 1888 alere.
979 1860 1199 1898 argumentum
1224 1857 1320 1897 plane
1336 1855 1459 1886 virtutis
1473 1855 1542 1896 ejus
1556 1856 1621 1886 evi-

156 1910 385 1947 dentissimum,
410 1911 497 1952 quia,
521 1912 607 1952 quod
635 1922 672 1942 ex
699 1922 738 1943 ea
764 1912 919 1953 reliquum
945 1919 1005 1949 est,
1026 1922 1098 1942 cum
1121 1911 1230 1953 quavis
1256 1910 1319 1941 alia
1343 1911 1402 1941 hoc
1418 1910 1488 1951 ipso
1503 1915 1622 1941 certare

157 1970 273 2006 potest,
301 1965 385 2006 quod
405 1972 438 1996 et
452 1966 514 1997 fert
532 1966 647 2002 omnia,
664 1971 696 1997 et
711 1966 830 1997 fmctus
847 1966 963 2008 profert
974 1966 1118 2008 optirnOS,
1135 1964 1324 2007 pascuisque
1339 1964 1477 1995 abundat
1492 1962 1621 1995 animali

157 2018 272 2060 cuique
296 2021 551 2051 accommodatis
576 2020 673 2062 [Ill]
699 2025 773 2052 tunc
801 2031 872 2051 vero
892 2031 956 2051 non
975 2020 1067 2051 modo
1079 2020 1224 2061 speciosa
1238 2020 1306 2049 haee
1322 2018 1436 2054 omnia,
1453 2017 1508 2049 sed
1523 2017 1619 2050 etiam

157 2072 310 2103 uberrima
334 2074 537 2114 producebat.
560 2084 696 2115 quanam
720 2075 840 2106 ratione
864 2075 898 2106 id
918 2074 1100 2116 probabile?
1125 2073 1277 2115 quibusve
1304 2072 1442 2108 indiciis,
1468 2073 1525 2102 has
1548 2082 1618 2104 esse

153 2126 303 2168 reliquias
326 2128 415 2159 illius
439 2133 540 2164 terrae,
556 2128 729 2170 conjectari
745 2130 868 2171 potest?
892 2129 993 2160 omnis
1009 2129 1048 2159 ab
1065 2129 1128 2160 alia
1139 2127 1314 2159 continenti
1328 2128 1362 2158 in
1375 2127 1506 2168 pelagus
1525 2128 1620 2169 longe

152 2186 296 2222 porrecta
308 2189 450 2213 extrema
462 2182 694 2224 quodammodo
703 2184 789 2225 jacet
801 2196 807 2213 :
833 2194 927 2226 quarn
944 2183 1078 2214 altitudo
1101 2183 1192 2213 maris
1205 2182 1346 2223 proxima
1358 2181 1472 2222 passim
1488 2182 1617 2223 profun-

155 2234 255 2266 ditate
274 2235 457 2267 circumdat.
480 2247 551 2268 cum
562 2237 667 2278 itaque
683 2238 779 2268 multa
794 2237 998 2279 ingentiaque
1014 2237 1134 2268 diluvia
1148 2236 1179 2266 in
1196 2246 1344 2267 annorum
1358 2245 1471 2266 novem
1485 2236 1619 2266 millium

153 2289 320 2321 intervallo
344 2292 571 2332 praecesserint,
598 2296 647 2322 tot
672 2293 755 2322 enim
777 2303 814 2322 ex
836 2292 892 2322 illo
915 2297 1056 2332 tempore
1084 2291 1123 2321 ad
1137 2300 1276 2332 praesens
1290 2291 1366 2320 anni
1380 2290 1508 2327 fluxere,
1525 2290 1620 2321 tellus

156 2342 207 2373 his
229 2344 422 2384 temporibus
446 2345 736 2387 colluvionibusque
751 2357 789 2377 ex
805 2346 879 2377 altis
890 2345 1043 2382 defluens,
1060 2350 1094 2376 et
1105 2345 1240 2376 tumulos
1255 2344 1353 2375 ferme
1366 2343 1480 2380 nullos,
1497 2350 1532 2374 ut
1544 2344 1620 2374 alibi

156 2397 247 2434 solet,
261 2403 439 2439 exaggerat,
456 2404 488 2430 et
502 2409 626 2441 semper
638 2400 754 2432 circum
768 2400 919 2432 decidens
931 2401 964 2431 in
978 2399 1166 2442 profundum
1180 2399 1344 2430 occulitur.
1365 2403 1556 2440 quapropter
1568 2408 1623 2429 re-

155 2451 233 2483 licta
254 2457 338 2489 sunt,
362 2452 628 2491 quemadmodum
642 2454 676 2484 in
698 2455 837 2496 angustis
849 2454 970 2490 insulis,
983 2453 1153 2496 praesentia
1167 2454 1234 2484 haec
1248 2451 1288 2482 ad
1303 2451 1369 2488 illa,
1385 2451 1475 2493 quasi
1489 2461 1620 2494 corpore

156 2515 213 2546 per
241 2507 379 2537 morbum
400 2512 569 2538 extenuato
595 2518 666 2538 ossa
689 2507 813 2540 detersa
840 2509 1020 2550 nudataque
1042 2514 1126 2538 terra
1149 2506 1234 2537 molli
1256 2505 1416 2547 quondam
1438 2510 1470 2536 et
1485 2506 1616 2548 pingui:

155 2561 255 2591 solum
274 2571 348 2592 vero
361 2566 455 2591 tenue
474 2571 586 2602 corpus
607 2567 700 2603 atque
719 2562 840 2593 aridum
861 2563 988 2594 restitit.
1011 2563 1085 2593 olim
1109 2561 1230 2602 integra
1251 2565 1333 2590 terra
1348 2559 1518 2591 altissimos
1530 2571 1617 2591 mon-

155 2613 234 2645 tium
258 2614 356 2646 colles
383 2615 533 2645 habebat:
559 2622 592 2646 et
617 2616 693 2656 agri,
721 2617 774 2658 qui
790 2627 875 2648 nunc
897 2617 1026 2659 Phyllei
1047 2615 1260 2650 nominantur,
1285 2614 1352 2644 solo
1372 2614 1482 2658 pingui
1497 2614 1615 2646 fertiles

153 2674 266 2700 erant:
293 2669 371 2700 silva
393 2669 425 2700 in
447 2670 595 2700 montium
618 2670 734 2701 vertice
756 2671 916 2713 frequens,
937 2670 1027 2712 cujus
1049 2680 1134 2701 nunc
1148 2669 1242 2699 etiarn
1266 2667 1456 2709 conjecturae
1472 2669 1616 2710 quaedam

156 2728 322 2764 apparent.
345 2729 417 2754 sunt
432 2724 516 2755 enim
534 2732 655 2755 montes
666 2726 820 2762 nonnulli,
834 2726 887 2767 qui
901 2727 984 2756 solas
998 2735 1082 2755 nunc
1099 2734 1175 2765 apes
1189 2726 1339 2764 pascunt:
1364 2722 1438 2752 olim
1452 2733 1538 2763 vero,
1556 2732 1616 2753 nec

156 2778 257 2808 multo
279 2786 387 2808 tamen
407 2784 552 2810 anteacto
573 2779 1095 2822 terrrpore,1ingentesindcincisae
1110 2779 1246 2814 arbores,
1268 2776 1473 2818 operimentis
1496 2782 1528 2806 et
1554 2780 1615 2806 tra-

159 2829 218 2861 bus
242 2831 444 2863 conficiendis
467 2833 635 2874 aptissimae
647 2845 656 2873 3
680 2844 719 2864 ex
743 2834 856 2875 quibus
882 2834 995 2864 aedium
1025 2831 1288 2873 amplissimarum
1319 2830 1470 2861 confectae
1483 2834 1612 2860 texturae

159 2882 260 2916 adhuc
283 2891 417 2918 exstant.
440 2892 529 2919 erant
547 2893 581 2919 et
593 2887 662 2919 aliae
677 2888 780 2920 multae
797 2888 922 2920 arbores
937 2887 1128 2923 domesticae,
1145 2886 1235 2918 mites
1251 2892 1346 2928 atque
1359 2894 1514 2927 procer-az:
1539 2883 1615 2925 quin
