<?xml version="1.0" encoding="UTF-8"?>
<!DOCTYPE html PUBLIC "-//W3C//DTD XHTML 1.0 Transitional//EN"
    "http://www.w3.org/TR/xhtml1/DTD/xhtml1-transitional.dtd">
<html xmlns="http://www.w3.org/1999/xhtml" xml:lang="en" lang="en">
 <head>
  <title>
</title>
<meta http-equiv="Content-Type" content="text/html;charset=utf-8" />
  <meta name='ocr-system' content='tesseract 3.04.00' />
  <meta name='ocr-capabilities' content='ocr_page ocr_carea ocr_par ocr_line ocrx_word'/>
</head>
<body>
  <div class='ocr_page' id='page_1' title='image "./platonisetquaeve11plat_0402.png"; bbox 0 0 1840 3225; ppageno 0'>
   <div class='ocr_carea' id='block_1_1' title="bbox 267 219 1718 277">
    <p class='ocr_par' dir='ltr' id='par_1_1' title="bbox 267 219 1718 277">
     <span class='ocr_line' id='line_1_1' title="bbox 267 219 1718 277; baseline 0.006 -20"><span class='ocrx_word' id='word_1_1' title='bbox 267 219 343 258; x_wconf 83' lang='lat'>386</span> <span class='ocrx_word' id='word_1_2' title='bbox 858 225 1122 265; x_wconf 87' lang='lat' dir='ltr'>PLATONIS</span> <span class='ocrx_word' id='word_1_3' title='bbox 1621 226 1718 277; x_wconf 87' lang='lat'>[835</span> 
     </span>
    </p>
   </div>
   <div class='ocr_carea' id='block_1_2' title="bbox 217 328 1728 2970">
    <p class='ocr_par' dir='ltr' id='par_1_2' title="bbox 261 328 1721 373">
     <span class='ocr_line' id='line_1_2' title="bbox 261 328 1721 373; baseline 0.005 -19"><span class='ocrx_word' id='word_1_4' title='bbox 261 330 361 364; x_wconf 85' lang='lat' dir='ltr'>parte.</span> <span class='ocrx_word' id='word_1_5' title='bbox 384 330 416 356; x_wconf 85' lang='lat' dir='ltr'>at</span> <span class='ocrx_word' id='word_1_6' title='bbox 437 336 508 357; x_wconf 91' lang='lat' dir='ltr'>vero</span> <span class='ocrx_word' id='word_1_7' title='bbox 524 328 563 359; x_wconf 86' lang='lat' dir='ltr'>de</span> <span class='ocrx_word' id='word_1_8' title='bbox 578 329 754 371; x_wconf 83' lang='lat' dir='ltr'>rhapsodis,</span> <span class='ocrx_word' id='word_1_9' title='bbox 766 330 800 361; x_wconf 92' lang='lat' dir='ltr'>id</span> <span class='ocrx_word' id='word_1_10' title='bbox 815 340 863 361; x_wconf 83' lang='lat' dir='ltr'>est</span> <span class='ocrx_word' id='word_1_11' title='bbox 876 332 1046 362; x_wconf 79' lang='lat' dir='ltr'><strong>carminum</strong></span> <span class='ocrx_word' id='word_1_12' title='bbox 1062 331 1251 367; x_wconf 76' lang='lat' dir='ltr'>cantoribus,</span> <span class='ocrx_word' id='word_1_13' title='bbox 1267 330 1368 373; x_wconf 81' lang='lat' dir='ltr'>deque</span> <span class='ocrx_word' id='word_1_14' title='bbox 1382 330 1431 361; x_wconf 85' lang='lat' dir='ltr'>his</span> <span class='ocrx_word' id='word_1_15' title='bbox 1442 330 1495 373; x_wconf 87' lang='lat' dir='ltr'>qui</span> <span class='ocrx_word' id='word_1_16' title='bbox 1510 341 1566 362; x_wconf 90' lang='lat' dir='ltr'>eos</span> <span class='ocrx_word' id='word_1_17' title='bbox 1585 341 1721 372; x_wconf 81' lang='lat' dir='ltr'>sequun—</span> 
     </span>
    </p>

    <p class='ocr_par' dir='ltr' id='par_1_3' title="bbox 230 378 1728 2160">
     <span class='ocr_line' id='line_1_3' title="bbox 258 378 1723 426; baseline 0.006 -19"><span class='ocrx_word' id='word_1_18' title='bbox 258 382 318 413; x_wconf 77' lang='lat' dir='ltr'>tur,</span> <span class='ocrx_word' id='word_1_19' title='bbox 333 384 366 409; x_wconf 87' lang='lat' dir='ltr'>et</span> <span class='ocrx_word' id='word_1_20' title='bbox 380 378 419 410; x_wconf 90' lang='lat' dir='ltr'>de</span> <span class='ocrx_word' id='word_1_21' title='bbox 436 383 637 414; x_wconf 85' lang='lat' dir='ltr'>contentione</span> <span class='ocrx_word' id='word_1_22' title='bbox 654 384 825 422; x_wconf 80' lang='lat' dir='ltr'>chororum,</span> <span class='ocrx_word' id='word_1_23' title='bbox 839 391 1039 426; x_wconf 82' lang='lat' dir='ltr'>quotcunque</span> <span class='ocrx_word' id='word_1_24' title='bbox 1052 386 1228 416; x_wconf 76' lang='lat' dir='ltr'>necessario</span> <span class='ocrx_word' id='word_1_25' title='bbox 1243 385 1494 416; x_wconf 76' lang='lat' dir='ltr'>solemnitatibus</span> <span class='ocrx_word' id='word_1_26' title='bbox 1503 385 1578 416; x_wconf 89' lang='lat' dir='ltr'>Diis</span> <span class='ocrx_word' id='word_1_27' title='bbox 1593 384 1723 416; x_wconf 85' lang='lat' dir='ltr'>Daemo-</span> 
     </span>
     <span class='ocr_line' id='line_1_4' title="bbox 257 430 1720 481; baseline 0.008 -22"><span class='ocrx_word' id='word_1_28' title='bbox 257 430 412 474; x_wconf 85' lang='lat' dir='ltr'>nibusque</span> <span class='ocrx_word' id='word_1_29' title='bbox 427 436 658 468; x_wconf 81' lang='lat' dir='ltr'>constituuntur</span> <span class='ocrx_word' id='word_1_30' title='bbox 671 439 794 469; x_wconf 76' lang='lat' dir='ltr'>statutis</span> <span class='ocrx_word' id='word_1_31' title='bbox 809 439 919 470; x_wconf 86' lang='lat' dir='ltr'>diebus</span> <span class='ocrx_word' id='word_1_32' title='bbox 933 441 1156 481; x_wconf 83' lang='lat' dir='ltr'>mensibusque</span> <span class='ocrx_word' id='word_1_33' title='bbox 1169 446 1201 470; x_wconf 88' lang='lat' dir='ltr'>et</span> <span class='ocrx_word' id='word_1_34' title='bbox 1213 440 1304 470; x_wconf 85' lang='lat' dir='ltr'>annis</span> <span class='ocrx_word' id='word_1_35' title='bbox 1319 451 1326 477; x_wconf 84' lang='lat'>3</span> <span class='ocrx_word' id='word_1_36' title='bbox 1351 441 1418 471; x_wconf 81' lang='lat' dir='ltr'>haec</span> <span class='ocrx_word' id='word_1_37' title='bbox 1442 439 1549 470; x_wconf 84' lang='lat' dir='ltr'>omnia</span> <span class='ocrx_word' id='word_1_38' title='bbox 1562 438 1720 480; x_wconf 82' lang='lat' dir='ltr'>quomodo</span> 
     </span>
     <span class='ocr_line' id='line_1_5' title="bbox 257 483 1728 535; baseline 0.006 -21"><span class='ocrx_word' id='word_1_39' title='bbox 257 483 456 526; x_wconf 77' lang='lat' dir='ltr'>disponenda</span> <span class='ocrx_word' id='word_1_40' title='bbox 482 490 555 526; x_wconf 83' lang='lat' dir='ltr'>sint,</span> <span class='ocrx_word' id='word_1_41' title='bbox 580 496 612 522; x_wconf 86' lang='lat' dir='ltr'>et</span> <span class='ocrx_word' id='word_1_42' title='bbox 633 492 659 521; x_wconf 91' lang='lat' dir='ltr'>si</span> <span class='ocrx_word' id='word_1_43' title='bbox 685 502 740 533; x_wconf 84' lang='lat' dir='ltr'>per</span> <span class='ocrx_word' id='word_1_44' title='bbox 756 498 817 523; x_wconf 80' lang='lat' dir='ltr'>tres</span> <span class='ocrx_word' id='word_1_45' title='bbox 831 499 885 524; x_wconf 89' lang='lat' dir='ltr'>aut</span> <span class='ocrx_word' id='word_1_46' title='bbox 898 495 994 524; x_wconf 87' lang='lat' dir='ltr'>etiam</span> <span class='ocrx_word' id='word_1_47' title='bbox 1007 505 1063 534; x_wconf 86' lang='lat' dir='ltr'>per</span> <span class='ocrx_word' id='word_1_48' title='bbox 1080 494 1220 535; x_wconf 90' lang='lat' dir='ltr'>quinque</span> <span class='ocrx_word' id='word_1_49' title='bbox 1237 504 1334 525; x_wconf 91' lang='lat' dir='ltr'>annos</span> <span class='ocrx_word' id='word_1_50' title='bbox 1350 493 1417 524; x_wconf 86' lang='lat' dir='ltr'>fieri</span> <span class='ocrx_word' id='word_1_51' title='bbox 1432 493 1580 528; x_wconf 83' lang='lat' dir='ltr'>debeant,</span> <span class='ocrx_word' id='word_1_52' title='bbox 1596 492 1728 523; x_wconf 84' lang='lat' dir='ltr'>consilio</span> 
     </span>
     <span class='ocr_line' id='line_1_6' title="bbox 258 537 1726 590; baseline 0.005 -22"><span class='ocrx_word' id='word_1_53' title='bbox 258 537 400 571; x_wconf 83' lang='lat' dir='ltr'>Deorum</span> <span class='ocrx_word' id='word_1_54' title='bbox 415 541 631 584; x_wconf 70' lang='lat' dir='ltr'>intelligentur</span> <span class='ocrx_word' id='word_1_55' title='bbox 641 543 847 588; x_wconf 74' lang='lat' dir='ltr'>agenturque.</span> <span class='ocrx_word' id='word_1_56' title='bbox 872 547 967 590; x_wconf 82' lang='lat'>[835]</span> <span class='ocrx_word' id='word_1_57' title='bbox 993 553 1068 578; x_wconf 81' lang='lat' dir='ltr'>tunc</span> <span class='ocrx_word' id='word_1_58' title='bbox 1084 558 1156 579; x_wconf 89' lang='lat' dir='ltr'>vero</span> <span class='ocrx_word' id='word_1_59' title='bbox 1171 549 1342 579; x_wconf 81' lang='lat' dir='ltr'>certamina</span> <span class='ocrx_word' id='word_1_60' title='bbox 1355 547 1483 578; x_wconf 83' lang='lat' dir='ltr'>musicae</span> <span class='ocrx_word' id='word_1_61' title='bbox 1491 547 1627 578; x_wconf 84' lang='lat' dir='ltr'>vicissim</span> <span class='ocrx_word' id='word_1_62' title='bbox 1637 546 1726 582; x_wconf 77' lang='lat' dir='ltr'>fient,</span> 
     </span>
     <span class='ocr_line' id='line_1_7' title="bbox 255 597 1726 645; baseline 0.009 -23"><span class='ocrx_word' id='word_1_63' title='bbox 255 599 352 633; x_wconf 89' lang='lat' dir='ltr'>prout</span> <span class='ocrx_word' id='word_1_64' title='bbox 374 597 500 628; x_wconf 63' lang='lat' dir='ltr'>athletae</span> <span class='ocrx_word' id='word_1_65' title='bbox 527 599 586 639; x_wconf 88' lang='lat' dir='ltr'>ipsi</span> <span class='ocrx_word' id='word_1_66' title='bbox 614 601 808 640; x_wconf 72' lang='lat' dir='ltr'>praeniiorum</span> <span class='ocrx_word' id='word_1_67' title='bbox 825 601 1033 633; x_wconf 81' lang='lat' dir='ltr'>declaratores</span> <span class='ocrx_word' id='word_1_68' title='bbox 1046 609 1077 633; x_wconf 85' lang='lat' dir='ltr'>et</span> <span class='ocrx_word' id='word_1_69' title='bbox 1093 601 1366 645; x_wconf 86' lang='lat' dir='ltr'>doctorjuvenum</span> <span class='ocrx_word' id='word_1_70' title='bbox 1385 602 1550 643; x_wconf 82' lang='lat' dir='ltr'>legumque</span> <span class='ocrx_word' id='word_1_71' title='bbox 1566 601 1726 636; x_wconf 80' lang='lat' dir='ltr'>custodes,</span> 
     </span>
     <span class='ocr_line' id='line_1_8' title="bbox 253 647 1727 697; baseline 0.004 -20"><span class='ocrx_word' id='word_1_72' title='bbox 253 647 310 687; x_wconf 88' lang='lat' dir='ltr'>qui</span> <span class='ocrx_word' id='word_1_73' title='bbox 322 647 355 678; x_wconf 91' lang='lat' dir='ltr'>in</span> <span class='ocrx_word' id='word_1_74' title='bbox 368 649 416 680; x_wconf 88' lang='lat' dir='ltr'>his</span> <span class='ocrx_word' id='word_1_75' title='bbox 431 650 628 684; x_wconf 83' lang='lat' dir='ltr'>ferendarum</span> <span class='ocrx_word' id='word_1_76' title='bbox 644 653 747 696; x_wconf 81' lang='lat' dir='ltr'>legum</span> <span class='ocrx_word' id='word_1_77' title='bbox 763 656 979 687; x_wconf 80' lang='lat' dir='ltr'>auctoritatem</span> <span class='ocrx_word' id='word_1_78' title='bbox 992 656 1120 692; x_wconf 85' lang='lat' dir='ltr'>habent,</span> <span class='ocrx_word' id='word_1_79' title='bbox 1136 667 1198 687; x_wconf 87' lang='lat' dir='ltr'>una</span> <span class='ocrx_word' id='word_1_80' title='bbox 1213 656 1394 697; x_wconf 77' lang='lat' dir='ltr'>congregati</span> <span class='ocrx_word' id='word_1_81' title='bbox 1408 657 1475 685; x_wconf 84' lang='lat' dir='ltr'>haec</span> <span class='ocrx_word' id='word_1_82' title='bbox 1499 654 1727 685; x_wconf 86' lang='lat' dir='ltr'>ordinaverint.</span> 
     </span>
     <span class='ocr_line' id='line_1_9' title="bbox 252 700 1726 752; baseline 0.005 -21"><span class='ocrx_word' id='word_1_83' title='bbox 252 700 286 731; x_wconf 84' lang='lat' dir='ltr'>hi</span> <span class='ocrx_word' id='word_1_84' title='bbox 300 711 437 745; x_wconf 89' lang='lat' dir='ltr'>namque</span> <span class='ocrx_word' id='word_1_85' title='bbox 453 710 485 736; x_wconf 89' lang='lat' dir='ltr'>et</span> <span class='ocrx_word' id='word_1_86' title='bbox 499 707 624 747; x_wconf 86' lang='lat' dir='ltr'>quando</span> <span class='ocrx_word' id='word_1_87' title='bbox 639 713 673 739; x_wconf 86' lang='lat' dir='ltr'>et</span> <span class='ocrx_word' id='word_1_88' title='bbox 686 709 740 750; x_wconf 91' lang='lat' dir='ltr'>qui</span> <span class='ocrx_word' id='word_1_89' title='bbox 756 715 788 740; x_wconf 89' lang='lat' dir='ltr'>et</span> <span class='ocrx_word' id='word_1_90' title='bbox 802 710 986 751; x_wconf 86' lang='lat' dir='ltr'>quibuscum</span> <span class='ocrx_word' id='word_1_91' title='bbox 1004 711 1126 752; x_wconf 82' lang='lat' dir='ltr'>singula</span> <span class='ocrx_word' id='word_1_92' title='bbox 1138 711 1311 742; x_wconf 87' lang='lat' dir='ltr'>certamina</span> <span class='ocrx_word' id='word_1_93' title='bbox 1324 710 1358 740; x_wconf 82' lang='lat' dir='ltr'>in</span> <span class='ocrx_word' id='word_1_94' title='bbox 1374 709 1520 741; x_wconf 84' lang='lat' dir='ltr'>omnibus</span> <span class='ocrx_word' id='word_1_95' title='bbox 1531 707 1634 739; x_wconf 86' lang='lat' dir='ltr'>choris</span> <span class='ocrx_word' id='word_1_96' title='bbox 1650 707 1726 738; x_wconf 91' lang='lat' dir='ltr'>cho-</span> 
     </span>
     <span class='ocr_line' id='line_1_10' title="bbox 250 755 1722 806; baseline 0.005 -22"><span class='ocrx_word' id='word_1_97' title='bbox 250 755 374 797; x_wconf 86' lang='lat' dir='ltr'>reisque</span> <span class='ocrx_word' id='word_1_98' title='bbox 401 769 545 792; x_wconf 75' lang='lat' dir='ltr'>exercere</span> <span class='ocrx_word' id='word_1_99' title='bbox 572 761 719 800; x_wconf 86' lang='lat' dir='ltr'>debeant,</span> <span class='ocrx_word' id='word_1_100' title='bbox 746 764 947 795; x_wconf 85' lang='lat' dir='ltr'>ordinabunt.</span> <span class='ocrx_word' id='word_1_101' title='bbox 971 765 1077 806; x_wconf 83' lang='lat' dir='ltr'>qualia</span> <span class='ocrx_word' id='word_1_102' title='bbox 1103 776 1174 796; x_wconf 82' lang='lat' dir='ltr'>vero</span> <span class='ocrx_word' id='word_1_103' title='bbox 1203 765 1325 806; x_wconf 84' lang='lat' dir='ltr'>singula</span> <span class='ocrx_word' id='word_1_104' title='bbox 1340 765 1419 803; x_wconf 85' lang='lat' dir='ltr'>haec,</span> <span class='ocrx_word' id='word_1_105' title='bbox 1433 762 1538 805; x_wconf 86' lang='lat' dir='ltr'>quoad</span> <span class='ocrx_word' id='word_1_106' title='bbox 1549 763 1722 794; x_wconf 82' lang='lat' dir='ltr'>orationem</span> 
     </span>
     <span class='ocr_line' id='line_1_11' title="bbox 250 810 1722 861; baseline 0.005 -23"><span class='ocrx_word' id='word_1_107' title='bbox 250 810 302 840; x_wconf 90' lang='lat' dir='ltr'>vel</span> <span class='ocrx_word' id='word_1_108' title='bbox 320 818 430 842; x_wconf 84' lang='lat' dir='ltr'>cantus</span> <span class='ocrx_word' id='word_1_109' title='bbox 442 814 493 844; x_wconf 87' lang='lat' dir='ltr'>vel</span> <span class='ocrx_word' id='word_1_110' title='bbox 506 815 680 847; x_wconf 77' lang='lat' dir='ltr'>harmonias</span> <span class='ocrx_word' id='word_1_111' title='bbox 692 818 826 848; x_wconf 59' lang='lat' dir='ltr'>numeris</span> <span class='ocrx_word' id='word_1_112' title='bbox 839 819 1118 861; x_wconf 84' lang='lat' dir='ltr'>saltationibusque</span> <span class='ocrx_word' id='word_1_113' title='bbox 1129 820 1254 855; x_wconf 84' lang='lat' dir='ltr'>mixtas,</span> <span class='ocrx_word' id='word_1_114' title='bbox 1264 829 1334 849; x_wconf 85' lang='lat' dir='ltr'>esse</span> <span class='ocrx_word' id='word_1_115' title='bbox 1347 817 1494 852; x_wconf 82' lang='lat' dir='ltr'>debeant,</span> <span class='ocrx_word' id='word_1_116' title='bbox 1504 826 1722 858; x_wconf 82' lang='lat' dir='ltr'>saepenumero</span> 
     </span>
     <span class='ocr_line' id='line_1_12' title="bbox 251 865 1724 915; baseline 0.007 -22"><span class='ocrx_word' id='word_1_117' title='bbox 251 872 270 893; x_wconf 86' lang='lat' dir='ltr'>a</span> <span class='ocrx_word' id='word_1_118' title='bbox 292 865 395 905; x_wconf 87' lang='lat' dir='ltr'>primo</span> <span class='ocrx_word' id='word_1_119' title='bbox 422 867 626 908; x_wconf 83' lang='lat' dir='ltr'>legumlatore</span> <span class='ocrx_word' id='word_1_120' title='bbox 654 878 702 901; x_wconf 67' lang='lat' dir='ltr'>est</span> <span class='ocrx_word' id='word_1_121' title='bbox 731 871 850 902; x_wconf 76' lang='lat' dir='ltr'>dictum</span> <span class='ocrx_word' id='word_1_122' title='bbox 865 883 872 900; x_wconf 89' lang='lat'><strong>:</strong></span> <span class='ocrx_word' id='word_1_123' title='bbox 897 883 990 914; x_wconf 86' lang='lat' dir='ltr'>quem</span> <span class='ocrx_word' id='word_1_124' title='bbox 1015 874 1205 915; x_wconf 81' lang='lat' dir='ltr'>posteriores</span> <span class='ocrx_word' id='word_1_125' title='bbox 1231 879 1409 914; x_wconf 74' lang='lat' dir='ltr'>sequentes,</span> <span class='ocrx_word' id='word_1_126' title='bbox 1424 877 1460 902; x_wconf 91' lang='lat' dir='ltr'>ut</span> <span class='ocrx_word' id='word_1_127' title='bbox 1482 870 1612 912; x_wconf 79' lang='lat' dir='ltr'>singulis</span> <span class='ocrx_word' id='word_1_128' title='bbox 1626 869 1724 900; x_wconf 82' lang='lat' dir='ltr'>sacris</span> 
     </span>
     <span class='ocr_line' id='line_1_13' title="bbox 251 920 1725 968; baseline 0.003 -19"><span class='ocrx_word' id='word_1_129' title='bbox 251 920 504 962; x_wconf 76' lang='lat' dir='ltr'>temporibusque</span> <span class='ocrx_word' id='word_1_130' title='bbox 526 924 703 960; x_wconf 84' lang='lat' dir='ltr'>conveniet,</span> <span class='ocrx_word' id='word_1_131' title='bbox 729 925 774 955; x_wconf 82' lang='lat' dir='ltr'>ita</span> <span class='ocrx_word' id='word_1_132' title='bbox 789 926 957 956; x_wconf 79' lang='lat' dir='ltr'>certamina</span> <span class='ocrx_word' id='word_1_133' title='bbox 971 937 1101 968; x_wconf 80' lang='lat' dir='ltr'>quaeque</span> <span class='ocrx_word' id='word_1_134' title='bbox 1118 928 1304 957; x_wconf 84' lang='lat' dir='ltr'>distribuent</span> <span class='ocrx_word' id='word_1_135' title='bbox 1317 926 1475 966; x_wconf 76' lang='lat' dir='ltr'>festosque</span> <span class='ocrx_word' id='word_1_136' title='bbox 1500 925 1570 955; x_wconf 88' lang='lat' dir='ltr'>dies</span> <span class='ocrx_word' id='word_1_137' title='bbox 1584 928 1725 954; x_wconf 82' lang='lat' dir='ltr'>statuent</span> 
     </span>
     <span class='ocr_line' id='line_1_14' title="bbox 249 970 1724 1020; baseline 0.005 -20"><span class='ocrx_word' id='word_1_138' title='bbox 249 970 380 1002; x_wconf 85' lang='lat' dir='ltr'>civitati.</span> <span class='ocrx_word' id='word_1_139' title='bbox 404 975 470 1005; x_wconf 81' lang='lat' dir='ltr'>haec</span> <span class='ocrx_word' id='word_1_140' title='bbox 483 976 611 1016; x_wconf 85' lang='lat' dir='ltr'>quidem</span> <span class='ocrx_word' id='word_1_141' title='bbox 628 983 661 1008; x_wconf 89' lang='lat' dir='ltr'>et</span> <span class='ocrx_word' id='word_1_142' title='bbox 673 985 777 1009; x_wconf 75' lang='lat' dir='ltr'>cetera</span> <span class='ocrx_word' id='word_1_143' title='bbox 790 980 867 1011; x_wconf 79' lang='lat' dir='ltr'>talia</span> <span class='ocrx_word' id='word_1_144' title='bbox 882 991 941 1011; x_wconf 76' lang='lat' dir='ltr'>nce</span> <span class='ocrx_word' id='word_1_145' title='bbox 961 981 1125 1012; x_wconf 74' lang='lat' dir='ltr'>intellectu</span> <span class='ocrx_word' id='word_1_146' title='bbox 1141 981 1281 1012; x_wconf 87' lang='lat' dir='ltr'>difficilia</span> <span class='ocrx_word' id='word_1_147' title='bbox 1292 985 1373 1016; x_wconf 83' lang='lat' dir='ltr'>sunt,</span> <span class='ocrx_word' id='word_1_148' title='bbox 1391 989 1452 1020; x_wconf 92' lang='lat' dir='ltr'>quo</span> <span class='ocrx_word' id='word_1_149' title='bbox 1465 984 1558 1019; x_wconf 86' lang='lat' dir='ltr'>pacto</span> <span class='ocrx_word' id='word_1_150' title='bbox 1569 978 1633 1008; x_wconf 85' lang='lat' dir='ltr'>sint</span> <span class='ocrx_word' id='word_1_151' title='bbox 1643 978 1724 1019; x_wconf 84' lang='lat' dir='ltr'>legi·</span> 
     </span>
     <span class='ocr_line' id='line_1_15' title="bbox 248 1023 1722 1073; baseline 0.005 -20"><span class='ocrx_word' id='word_1_152' title='bbox 248 1023 306 1055; x_wconf 91' lang='lat' dir='ltr'>bus</span> <span class='ocrx_word' id='word_1_153' title='bbox 337 1026 511 1060; x_wconf 81' lang='lat' dir='ltr'>ordinanda</span> <span class='ocrx_word' id='word_1_154' title='bbox 528 1043 534 1060; x_wconf 94' lang='lat'><strong>:</strong></span> <span class='ocrx_word' id='word_1_155' title='bbox 559 1041 675 1072; x_wconf 86' lang='lat' dir='ltr'>neque,</span> <span class='ocrx_word' id='word_1_156' title='bbox 690 1033 714 1063; x_wconf 87' lang='lat' dir='ltr'>si</span> <span class='ocrx_word' id='word_1_157' title='bbox 731 1033 789 1064; x_wconf 87' lang='lat' dir='ltr'>hoc</span> <span class='ocrx_word' id='word_1_158' title='bbox 804 1035 854 1064; x_wconf 86' lang='lat' dir='ltr'>vel</span> <span class='ocrx_word' id='word_1_159' title='bbox 870 1035 926 1065; x_wconf 91' lang='lat' dir='ltr'>illo</span> <span class='ocrx_word' id='word_1_160' title='bbox 943 1035 1036 1066; x_wconf 88' lang='lat' dir='ltr'>modo</span> <span class='ocrx_word' id='word_1_161' title='bbox 1052 1040 1292 1070; x_wconf 87' lang='lat' dir='ltr'>commutentur,</span> <span class='ocrx_word' id='word_1_162' title='bbox 1309 1034 1438 1064; x_wconf 89' lang='lat' dir='ltr'>multum</span> <span class='ocrx_word' id='word_1_163' title='bbox 1455 1037 1586 1073; x_wconf 88' lang='lat' dir='ltr'>prosunt</span> <span class='ocrx_word' id='word_1_164' title='bbox 1601 1031 1722 1062; x_wconf 77' lang='lat' dir='ltr'>civitati</span> 
     </span>
     <span class='ocr_line' id='line_1_16' title="bbox 247 1079 1718 1129; baseline 0.005 -21"><span class='ocrx_word' id='word_1_165' title='bbox 247 1079 298 1109; x_wconf 88' lang='lat' dir='ltr'>vel</span> <span class='ocrx_word' id='word_1_166' title='bbox 322 1080 446 1112; x_wconf 86' lang='lat' dir='ltr'>obsunt.</span> <span class='ocrx_word' id='word_1_167' title='bbox 468 1090 541 1114; x_wconf 84' lang='lat' dir='ltr'>sunt</span> <span class='ocrx_word' id='word_1_168' title='bbox 563 1091 667 1116; x_wconf 87' lang='lat' dir='ltr'>autem</span> <span class='ocrx_word' id='word_1_169' title='bbox 683 1088 834 1118; x_wconf 76' lang='lat' dir='ltr'>nonnulla</span> <span class='ocrx_word' id='word_1_170' title='bbox 846 1089 974 1129; x_wconf 83' lang='lat' dir='ltr'>plurimi</span> <span class='ocrx_word' id='word_1_171' title='bbox 988 1089 1145 1120; x_wconf 86' lang='lat' dir='ltr'>facienda.</span> <span class='ocrx_word' id='word_1_172' title='bbox 1169 1098 1239 1129; x_wconf 85' lang='lat' dir='ltr'>quae</span> <span class='ocrx_word' id='word_1_173' title='bbox 1255 1088 1440 1128; x_wconf 71' lang='lat' dir='ltr'>persuadere</span> <span class='ocrx_word' id='word_1_174' title='bbox 1455 1086 1501 1116; x_wconf 86' lang='lat' dir='ltr'>ita</span> <span class='ocrx_word' id='word_1_175' title='bbox 1516 1085 1643 1116; x_wconf 73' lang='lat' dir='ltr'>difficile</span> <span class='ocrx_word' id='word_1_176' title='bbox 1659 1090 1718 1121; x_wconf 89' lang='lat' dir='ltr'>est,</span> 
     </span>
     <span class='ocr_line' id='line_1_17' title="bbox 246 1132 1718 1182; baseline 0.006 -21"><span class='ocrx_word' id='word_1_177' title='bbox 246 1136 282 1162; x_wconf 87' lang='lat' dir='ltr'>ut</span> <span class='ocrx_word' id='word_1_178' title='bbox 306 1132 370 1164; x_wconf 88' lang='lat' dir='ltr'>Dei</span> <span class='ocrx_word' id='word_1_179' title='bbox 397 1137 531 1168; x_wconf 85' lang='lat' dir='ltr'>maxime</span> <span class='ocrx_word' id='word_1_180' title='bbox 555 1149 635 1180; x_wconf 83' lang='lat' dir='ltr'>opus</span> <span class='ocrx_word' id='word_1_181' title='bbox 656 1141 715 1172; x_wconf 87' lang='lat' dir='ltr'>hoc</span> <span class='ocrx_word' id='word_1_182' title='bbox 739 1152 806 1172; x_wconf 79' lang='lat' dir='ltr'>csse</span> <span class='ocrx_word' id='word_1_183' title='bbox 833 1143 986 1178; x_wconf 82' lang='lat' dir='ltr'>videatur,</span> <span class='ocrx_word' id='word_1_184' title='bbox 1011 1144 1037 1173; x_wconf 84' lang='lat' dir='ltr'>si</span> <span class='ocrx_word' id='word_1_185' title='bbox 1061 1143 1100 1172; x_wconf 86' lang='lat' dir='ltr'>ab</span> <span class='ocrx_word' id='word_1_186' title='bbox 1116 1143 1172 1172; x_wconf 91' lang='lat' dir='ltr'>illo</span> <span class='ocrx_word' id='word_1_187' title='bbox 1188 1146 1317 1182; x_wconf 87' lang='lat' dir='ltr'>possent</span> <span class='ocrx_word' id='word_1_188' title='bbox 1333 1139 1493 1172; x_wconf 74' lang='lat' dir='ltr'>constitui.</span> <span class='ocrx_word' id='word_1_189' title='bbox 1514 1149 1598 1170; x_wconf 88' lang='lat' dir='ltr'>nunc</span> <span class='ocrx_word' id='word_1_190' title='bbox 1614 1144 1718 1170; x_wconf 86' lang='lat' dir='ltr'>autem</span> 
     </span>
     <span class='ocr_line' id='line_1_18' title="bbox 247 1186 1718 1238; baseline 0.006 -22"><span class='ocrx_word' id='word_1_191' title='bbox 247 1186 376 1218; x_wconf 88' lang='lat' dir='ltr'>audacis</span> <span class='ocrx_word' id='word_1_192' title='bbox 403 1190 532 1233; x_wconf 84' lang='lat' dir='ltr'>alicujus</span> <span class='ocrx_word' id='word_1_193' title='bbox 548 1193 681 1224; x_wconf 84' lang='lat' dir='ltr'>hominis</span> <span class='ocrx_word' id='word_1_194' title='bbox 697 1205 791 1236; x_wconf 73' lang='lat' dir='ltr'>opera</span> <span class='ocrx_word' id='word_1_195' title='bbox 814 1195 968 1236; x_wconf 84' lang='lat' dir='ltr'>indigent,</span> <span class='ocrx_word' id='word_1_196' title='bbox 994 1197 1060 1238; x_wconf 86' lang='lat' dir='ltr'>qui,</span> <span class='ocrx_word' id='word_1_197' title='bbox 1076 1196 1218 1227; x_wconf 79' lang='lat' dir='ltr'>libertate</span> <span class='ocrx_word' id='word_1_198' title='bbox 1235 1195 1360 1226; x_wconf 78' lang='lat' dir='ltr'>dicendi</span> <span class='ocrx_word' id='word_1_199' title='bbox 1378 1194 1511 1225; x_wconf 82' lang='lat' dir='ltr'>maxime</span> <span class='ocrx_word' id='word_1_200' title='bbox 1521 1193 1630 1229; x_wconf 78' lang='lat' dir='ltr'>fretus,</span> <span class='ocrx_word' id='word_1_201' title='bbox 1647 1203 1718 1234; x_wconf 80' lang='lat' dir='ltr'>quae</span> 
     </span>
     <span class='ocr_line' id='line_1_19' title="bbox 245 1241 1719 1291; baseline 0.004 -19"><span class='ocrx_word' id='word_1_202' title='bbox 245 1241 366 1272; x_wconf 78' lang='lat' dir='ltr'>civitati</span> <span class='ocrx_word' id='word_1_203' title='bbox 389 1244 570 1287; x_wconf 83' lang='lat' dir='ltr'>civibusque</span> <span class='ocrx_word' id='word_1_204' title='bbox 594 1248 713 1288; x_wconf 86' lang='lat' dir='ltr'>optima</span> <span class='ocrx_word' id='word_1_205' title='bbox 738 1250 804 1280; x_wconf 85' lang='lat' dir='ltr'>fore</span> <span class='ocrx_word' id='word_1_206' title='bbox 835 1256 954 1286; x_wconf 83' lang='lat' dir='ltr'>censet,</span> <span class='ocrx_word' id='word_1_207' title='bbox 977 1251 1020 1281; x_wconf 80' lang='lat' dir='ltr'>ita</span> <span class='ocrx_word' id='word_1_208' title='bbox 1044 1256 1172 1287; x_wconf 84' lang='lat' dir='ltr'>statuat,</span> <span class='ocrx_word' id='word_1_209' title='bbox 1186 1256 1221 1281; x_wconf 88' lang='lat' dir='ltr'>ut</span> <span class='ocrx_word' id='word_1_210' title='bbox 1237 1255 1398 1291; x_wconf 86' lang='lat' dir='ltr'>corruptos</span> <span class='ocrx_word' id='word_1_211' title='bbox 1409 1248 1526 1280; x_wconf 87' lang='lat' dir='ltr'>civium</span> <span class='ocrx_word' id='word_1_212' title='bbox 1541 1248 1662 1279; x_wconf 85' lang='lat' dir='ltr'>animos</span> <span class='ocrx_word' id='word_1_213' title='bbox 1677 1247 1719 1278; x_wconf 85' lang='lat' dir='ltr'>ad</span> 
     </span>
     <span class='ocr_line' id='line_1_20' title="bbox 245 1294 1717 1344; baseline 0.005 -19"><span class='ocrx_word' id='word_1_214' title='bbox 245 1294 412 1328; x_wconf 83' lang='lat' dir='ltr'>decentem</span> <span class='ocrx_word' id='word_1_215' title='bbox 444 1299 583 1330; x_wconf 86' lang='lat' dir='ltr'>habitum</span> <span class='ocrx_word' id='word_1_216' title='bbox 613 1302 779 1344; x_wconf 84' lang='lat' dir='ltr'>legumque</span> <span class='ocrx_word' id='word_1_217' title='bbox 811 1304 1041 1336; x_wconf 82' lang='lat' dir='ltr'>observantiam</span> <span class='ocrx_word' id='word_1_218' title='bbox 1079 1311 1216 1341; x_wconf 85' lang='lat' dir='ltr'>revocet,</span> <span class='ocrx_word' id='word_1_219' title='bbox 1247 1305 1324 1335; x_wconf 88' lang='lat' dir='ltr'>dum</span> <span class='ocrx_word' id='word_1_220' title='bbox 1353 1303 1581 1334; x_wconf 79' lang='lat' dir='ltr'>ardentissimis</span> <span class='ocrx_word' id='word_1_221' title='bbox 1608 1312 1717 1333; x_wconf 88' lang='lat' dir='ltr'>eorum</span> 
     </span>
     <span class='ocr_line' id='line_1_21' title="bbox 243 1350 1716 1399; baseline 0.005 -20"><span class='ocrx_word' id='word_1_222' title='bbox 243 1350 469 1390; x_wconf 83' lang='lat' dir='ltr'>cupiditatibus</span> <span class='ocrx_word' id='word_1_223' title='bbox 488 1354 679 1392; x_wconf 80' lang='lat' dir='ltr'>adversetur,</span> <span class='ocrx_word' id='word_1_224' title='bbox 703 1358 851 1398; x_wconf 87' lang='lat' dir='ltr'>omnique</span> <span class='ocrx_word' id='word_1_225' title='bbox 867 1358 963 1389; x_wconf 90' lang='lat' dir='ltr'>etiam</span> <span class='ocrx_word' id='word_1_226' title='bbox 978 1359 1095 1390; x_wconf 79' lang='lat' dir='ltr'>auxilio</span> <span class='ocrx_word' id='word_1_227' title='bbox 1111 1370 1231 1399; x_wconf 73' lang='lat' dir='ltr'>carens,</span> <span class='ocrx_word' id='word_1_228' title='bbox 1247 1360 1344 1390; x_wconf 83' lang='lat' dir='ltr'>solam</span> <span class='ocrx_word' id='word_1_229' title='bbox 1360 1358 1444 1389; x_wconf 88' lang='lat' dir='ltr'>solus</span> <span class='ocrx_word' id='word_1_230' title='bbox 1458 1357 1610 1388; x_wconf 80' lang='lat' dir='ltr'>rationem</span> <span class='ocrx_word' id='word_1_231' title='bbox 1626 1366 1716 1387; x_wconf 87' lang='lat' dir='ltr'>secu-</span> 
     </span>
     <span class='ocr_line' id='line_1_22' title="bbox 243 1406 1716 1454; baseline 0.005 -22"><span class='ocrx_word' id='word_1_232' title='bbox 243 1406 292 1433; x_wconf 79' lang='lat' dir='ltr'>tus</span> <span class='ocrx_word' id='word_1_233' title='bbox 329 1415 393 1436; x_wconf 87' lang='lat' dir='ltr'>non</span> <span class='ocrx_word' id='word_1_234' title='bbox 429 1413 582 1440; x_wconf 86' lang='lat' dir='ltr'>vereatur.</span> <span class='ocrx_word' id='word_1_235' title='bbox 635 1410 709 1441; x_wconf 69' lang='lat' dir='ltr'>Cn.</span> <span class='ocrx_word' id='word_1_236' title='bbox 736 1411 893 1448; x_wconf 80' lang='lat' dir='ltr'>Quidnam</span> <span class='ocrx_word' id='word_1_237' title='bbox 925 1412 1014 1449; x_wconf 82' lang='lat' dir='ltr'>dicis,</span> <span class='ocrx_word' id='word_1_238' title='bbox 1045 1414 1158 1454; x_wconf 79' lang='lat' dir='ltr'>hospes</span> <span class='ocrx_word' id='word_1_239' title='bbox 1174 1414 1184 1444; x_wconf 93' lang='lat'>?</span> <span class='ocrx_word' id='word_1_240' title='bbox 1208 1415 1267 1444; x_wconf 92' lang='lat' dir='ltr'>hoc</span> <span class='ocrx_word' id='word_1_241' title='bbox 1297 1413 1382 1444; x_wconf 84' lang='lat' dir='ltr'>enim</span> <span class='ocrx_word' id='word_1_242' title='bbox 1409 1421 1471 1442; x_wconf 88' lang='lat' dir='ltr'>non</span> <span class='ocrx_word' id='word_1_243' title='bbox 1497 1410 1716 1451; x_wconf 79' lang='lat' dir='ltr'>intelligimus.</span> 
     </span>
     <span class='ocr_line' id='line_1_23' title="bbox 240 1456 1709 1507; baseline 0.005 -20"><span class='ocrx_word' id='word_1_244' title='bbox 240 1456 379 1490; x_wconf 60' lang='lat' dir='ltr'>Arum«.</span> <span class='ocrx_word' id='word_1_245' title='bbox 402 1460 580 1494; x_wconf 82' lang='lat' dir='ltr'>Verisimile</span> <span class='ocrx_word' id='word_1_246' title='bbox 596 1469 654 1496; x_wconf 88' lang='lat' dir='ltr'>est.</span> <span class='ocrx_word' id='word_1_247' title='bbox 679 1476 782 1496; x_wconf 85' lang='lat' dir='ltr'>verum</span> <span class='ocrx_word' id='word_1_248' title='bbox 799 1466 935 1496; x_wconf 82' lang='lat' dir='ltr'>conabor</span> <span class='ocrx_word' id='word_1_249' title='bbox 952 1467 1074 1506; x_wconf 87' lang='lat' dir='ltr'>planius</span> <span class='ocrx_word' id='word_1_250' title='bbox 1091 1467 1205 1504; x_wconf 81' lang='lat' dir='ltr'>dicere,</span> <span class='ocrx_word' id='word_1_251' title='bbox 1218 1478 1292 1498; x_wconf 87' lang='lat' dir='ltr'>nam</span> <span class='ocrx_word' id='word_1_252' title='bbox 1307 1477 1380 1499; x_wconf 87' lang='lat' dir='ltr'>cum</span> <span class='ocrx_word' id='word_1_253' title='bbox 1395 1465 1596 1507; x_wconf 80' lang='lat' dir='ltr'>disciplinam</span> <span class='ocrx_word' id='word_1_254' title='bbox 1609 1465 1709 1505; x_wconf 86' lang='lat' dir='ltr'>ipsam</span> 
     </span>
     <span class='ocr_line' id='line_1_24' title="bbox 239 1510 1716 1561; baseline 0.005 -21"><span class='ocrx_word' id='word_1_255' title='bbox 239 1510 311 1541; x_wconf 84' lang='lat' dir='ltr'>vitae</span> <span class='ocrx_word' id='word_1_256' title='bbox 328 1511 621 1555; x_wconf 76' lang='lat' dir='ltr'>animadverterem,</span> <span class='ocrx_word' id='word_1_257' title='bbox 638 1519 836 1561; x_wconf 80' lang='lat' dir='ltr'>videremque</span> <span class='ocrx_word' id='word_1_258' title='bbox 853 1520 1068 1552; x_wconf 81' lang='lat' dir='ltr'>adolescentes</span> <span class='ocrx_word' id='word_1_259' title='bbox 1079 1528 1111 1552; x_wconf 85' lang='lat' dir='ltr'>et</span> <span class='ocrx_word' id='word_1_260' title='bbox 1125 1521 1376 1552; x_wconf 76' lang='lat' dir='ltr'>adolescentulas</span> <span class='ocrx_word' id='word_1_261' title='bbox 1391 1520 1525 1551; x_wconf 72' lang='lat' dir='ltr'>invicem</span> <span class='ocrx_word' id='word_1_262' title='bbox 1536 1518 1716 1549; x_wconf 84' lang='lat' dir='ltr'>humaniter</span> 
     </span>
     <span class='ocr_line' id='line_1_25' title="bbox 239 1569 1712 1617; baseline 0.004 -22"><span class='ocrx_word' id='word_1_263' title='bbox 239 1569 416 1599; x_wconf 80' lang='lat' dir='ltr'>conversari</span> <span class='ocrx_word' id='word_1_264' title='bbox 431 1581 438 1599; x_wconf 71' lang='grc' dir='ltr'><strong><em>ε</em></strong></span> <span class='ocrx_word' id='word_1_265' title='bbox 463 1571 562 1608; x_wconf 87' lang='lat' dir='ltr'>timui,</span> <span class='ocrx_word' id='word_1_266' title='bbox 579 1577 613 1602; x_wconf 90' lang='lat' dir='ltr'>ut</span> <span class='ocrx_word' id='word_1_267' title='bbox 627 1583 684 1613; x_wconf 85' lang='lat' dir='ltr'>par</span> <span class='ocrx_word' id='word_1_268' title='bbox 696 1579 754 1609; x_wconf 83' lang='lat' dir='ltr'>est,</span> <span class='ocrx_word' id='word_1_269' title='bbox 771 1574 984 1611; x_wconf 83' lang='lat' dir='ltr'>considerans,</span> <span class='ocrx_word' id='word_1_270' title='bbox 995 1586 1055 1617; x_wconf 85' lang='lat' dir='ltr'>qua</span> <span class='ocrx_word' id='word_1_271' title='bbox 1068 1576 1099 1606; x_wconf 90' lang='lat' dir='ltr'>in</span> <span class='ocrx_word' id='word_1_272' title='bbox 1116 1587 1148 1607; x_wconf 77' lang='lat' dir='ltr'>rc</span> <span class='ocrx_word' id='word_1_273' title='bbox 1165 1576 1318 1617; x_wconf 79' lang='lat' dir='ltr'>quispiam</span> <span class='ocrx_word' id='word_1_274' title='bbox 1335 1584 1374 1606; x_wconf 87' lang='lat' dir='ltr'>ea</span> <span class='ocrx_word' id='word_1_275' title='bbox 1389 1574 1515 1605; x_wconf 84' lang='lat' dir='ltr'>civitate</span> <span class='ocrx_word' id='word_1_276' title='bbox 1527 1577 1643 1607; x_wconf 82' lang='lat' dir='ltr'>utatur,</span> <span class='ocrx_word' id='word_1_277' title='bbox 1658 1571 1712 1602; x_wconf 89' lang='lat' dir='ltr'>ubi</span> 
     </span>
     <span class='ocr_line' id='line_1_26' title="bbox 237 1619 1710 1671; baseline 0.005 -22"><span class='ocrx_word' id='word_1_278' title='bbox 237 1619 482 1654; x_wconf 82' lang='lat' dir='ltr'>adolescentulae</span> <span class='ocrx_word' id='word_1_279' title='bbox 495 1626 784 1668; x_wconf 85' lang='lat' dir='ltr'>adolescentulique</span> <span class='ocrx_word' id='word_1_280' title='bbox 795 1629 922 1659; x_wconf 75' lang='lat' dir='ltr'>delicati</span> <span class='ocrx_word' id='word_1_281' title='bbox 933 1630 1006 1666; x_wconf 83' lang='lat' dir='ltr'>sint,</span> <span class='ocrx_word' id='word_1_282' title='bbox 1019 1631 1072 1671; x_wconf 87' lang='lat' dir='ltr'>qui</span> <span class='ocrx_word' id='word_1_283' title='bbox 1084 1641 1147 1661; x_wconf 87' lang='lat' dir='ltr'>non</span> <span class='ocrx_word' id='word_1_284' title='bbox 1160 1641 1210 1660; x_wconf 84' lang='lat' dir='ltr'>ma</span> <span class='ocrx_word' id='word_1_285' title='bbox 1216 1630 1284 1671; x_wconf 69' lang='lat' dir='ltr'>guis</span> <span class='ocrx_word' id='word_1_286' title='bbox 1296 1628 1530 1669; x_wconf 81' lang='lat' dir='ltr'>durissimisque</span> <span class='ocrx_word' id='word_1_287' title='bbox 1541 1625 1710 1661; x_wconf 80' lang='lat' dir='ltr'>laboribus,</span> 
     </span>
     <span class='ocr_line' id='line_1_27' title="bbox 237 1673 1710 1723; baseline 0.006 -19"><span class='ocrx_word' id='word_1_288' title='bbox 237 1673 348 1714; x_wconf 74' lang='lat' dir='ltr'>quibus</span> <span class='ocrx_word' id='word_1_289' title='bbox 364 1676 459 1708; x_wconf 89' lang='lat' dir='ltr'>libido</span> <span class='ocrx_word' id='word_1_290' title='bbox 475 1680 712 1722; x_wconf 82' lang='lat' dir='ltr'>petulantiaque</span> <span class='ocrx_word' id='word_1_291' title='bbox 728 1682 942 1723; x_wconf 74' lang='lat' dir='ltr'>exstinguitur,</span> <span class='ocrx_word' id='word_1_292' title='bbox 960 1683 1071 1714; x_wconf 83' lang='lat' dir='ltr'>domiti</span> <span class='ocrx_word' id='word_1_293' title='bbox 1087 1684 1159 1721; x_wconf 88' lang='lat' dir='ltr'>sint,</span> <span class='ocrx_word' id='word_1_294' title='bbox 1187 1685 1242 1715; x_wconf 88' lang='lat' dir='ltr'>sed</span> <span class='ocrx_word' id='word_1_295' title='bbox 1258 1684 1345 1714; x_wconf 83' lang='lat' dir='ltr'>festis</span> <span class='ocrx_word' id='word_1_296' title='bbox 1361 1682 1472 1714; x_wconf 86' lang='lat' dir='ltr'>diebus</span> <span class='ocrx_word' id='word_1_297' title='bbox 1485 1680 1710 1721; x_wconf 78' lang='lat' dir='ltr'>sacrificiisque</span> 
     </span>
     <span class='ocr_line' id='line_1_28' title="bbox 236 1730 1711 1779; baseline 0.006 -21"><span class='ocrx_word' id='word_1_298' title='bbox 236 1732 272 1758; x_wconf 85' lang='lat' dir='ltr'>et</span> <span class='ocrx_word' id='word_1_299' title='bbox 286 1730 387 1760; x_wconf 88' lang='lat' dir='ltr'>choris</span> <span class='ocrx_word' id='word_1_300' title='bbox 403 1741 512 1763; x_wconf 88' lang='lat' dir='ltr'>omnes</span> <span class='ocrx_word' id='word_1_301' title='bbox 526 1734 697 1774; x_wconf 89' lang='lat' dir='ltr'>plurimum</span> <span class='ocrx_word' id='word_1_302' title='bbox 710 1742 834 1767; x_wconf 86' lang='lat' dir='ltr'>vacent.</span> <span class='ocrx_word' id='word_1_303' title='bbox 857 1739 1013 1778; x_wconf 88' lang='lat' dir='ltr'>quomodo</span> <span class='ocrx_word' id='word_1_304' title='bbox 1025 1739 1119 1779; x_wconf 80' lang='lat' dir='ltr'>igitur</span> <span class='ocrx_word' id='word_1_305' title='bbox 1132 1739 1165 1769; x_wconf 88' lang='lat' dir='ltr'>in</span> <span class='ocrx_word' id='word_1_306' title='bbox 1180 1740 1237 1770; x_wconf 83' lang='lat' dir='ltr'>hac</span> <span class='ocrx_word' id='word_1_307' title='bbox 1254 1739 1380 1769; x_wconf 73' lang='lat' dir='ltr'>cix-itate</span> <span class='ocrx_word' id='word_1_308' title='bbox 1395 1737 1435 1767; x_wconf 89' lang='lat' dir='ltr'>ab</span> <span class='ocrx_word' id='word_1_309' title='bbox 1450 1736 1514 1767; x_wconf 88' lang='lat' dir='ltr'>illis</span> <span class='ocrx_word' id='word_1_310' title='bbox 1527 1733 1711 1776; x_wconf 73' lang='lat' dir='ltr'>cupiditati·</span> 
     </span>
     <span class='ocr_line' id='line_1_29' title="bbox 236 1781 1707 1831; baseline 0.007 -20"><span class='ocrx_word' id='word_1_311' title='bbox 236 1781 296 1812; x_wconf 88' lang='lat' dir='ltr'>bus</span> <span class='ocrx_word' id='word_1_312' title='bbox 323 1785 534 1827; x_wconf 85' lang='lat' dir='ltr'>abstinebunt,</span> <span class='ocrx_word' id='word_1_313' title='bbox 559 1799 628 1829; x_wconf 84' lang='lat' dir='ltr'>quae</span> <span class='ocrx_word' id='word_1_314' title='bbox 654 1791 770 1821; x_wconf 83' lang='lat' dir='ltr'>multos</span> <span class='ocrx_word' id='word_1_315' title='bbox 794 1792 826 1821; x_wconf 90' lang='lat' dir='ltr'>in</span> <span class='ocrx_word' id='word_1_316' title='bbox 856 1797 1028 1823; x_wconf 85' lang='lat' dir='ltr'>extremum</span> <span class='ocrx_word' id='word_1_317' title='bbox 1051 1792 1217 1828; x_wconf 74' lang='lat' dir='ltr'>duxerunt,</span> <span class='ocrx_word' id='word_1_318' title='bbox 1237 1793 1282 1823; x_wconf 83' lang='lat' dir='ltr'>ita</span> <span class='ocrx_word' id='word_1_319' title='bbox 1303 1798 1338 1823; x_wconf 84' lang='lat' dir='ltr'>ut</span> <span class='ocrx_word' id='word_1_320' title='bbox 1361 1792 1450 1827; x_wconf 82' lang='lat' dir='ltr'>ratio,</span> <span class='ocrx_word' id='word_1_321' title='bbox 1466 1800 1536 1831; x_wconf 86' lang='lat' dir='ltr'>quae</span> <span class='ocrx_word' id='word_1_322' title='bbox 1549 1788 1707 1819; x_wconf 73' lang='lat' dir='ltr'>abstinere</span> 
     </span>
     <span class='ocr_line' id='line_1_30' title="bbox 235 1835 1706 1888; baseline 0.005 -23"><span class='ocrx_word' id='word_1_323' title='bbox 235 1835 378 1878; x_wconf 82' lang='lat' dir='ltr'>imperet,</span> <span class='ocrx_word' id='word_1_324' title='bbox 395 1839 446 1870; x_wconf 90' lang='lat' dir='ltr'>lex</span> <span class='ocrx_word' id='word_1_325' title='bbox 461 1841 612 1874; x_wconf 84' lang='lat' dir='ltr'>efficiatur</span> <span class='ocrx_word' id='word_1_326' title='bbox 624 1843 634 1873; x_wconf 83' lang='lat'>?</span> <span class='ocrx_word' id='word_1_327' title='bbox 658 1844 811 1885; x_wconf 80' lang='lat' dir='ltr'>profe-cto,</span> <span class='ocrx_word' id='word_1_328' title='bbox 824 1846 851 1876; x_wconf 86' lang='lat' dir='ltr'>si</span> <span class='ocrx_word' id='word_1_329' title='bbox 865 1846 950 1887; x_wconf 84' lang='lat' dir='ltr'>leges</span> <span class='ocrx_word' id='word_1_330' title='bbox 962 1848 1136 1888; x_wconf 73' lang='lat' dir='ltr'>superiores</span> <span class='ocrx_word' id='word_1_331' title='bbox 1150 1848 1265 1878; x_wconf 81' lang='lat' dir='ltr'>multas</span> <span class='ocrx_word' id='word_1_332' title='bbox 1279 1857 1297 1877; x_wconf 84' lang='lat' dir='ltr'>a</span> <span class='ocrx_word' id='word_1_333' title='bbox 1309 1846 1400 1877; x_wconf 79' lang='lat' dir='ltr'>nobis</span> <span class='ocrx_word' id='word_1_334' title='bbox 1411 1845 1533 1887; x_wconf 83' lang='lat' dir='ltr'>pellunt</span> <span class='ocrx_word' id='word_1_335' title='bbox 1547 1842 1706 1884; x_wconf 77' lang='lat' dir='ltr'>cupidita·</span> 
     </span>
     <span class='ocr_line' id='line_1_31' title="bbox 232 1892 1698 1942; baseline 0.006 -22"><span class='ocrx_word' id='word_1_336' title='bbox 232 1893 291 1926; x_wconf 85' lang='lat' dir='ltr'>tes,</span> <span class='ocrx_word' id='word_1_337' title='bbox 307 1892 386 1923; x_wconf 85' lang='lat' dir='ltr'>nihil</span> <span class='ocrx_word' id='word_1_338' title='bbox 402 1895 514 1926; x_wconf 89' lang='lat' dir='ltr'>mirum</span> <span class='ocrx_word' id='word_1_339' title='bbox 529 1902 587 1927; x_wconf 87' lang='lat' dir='ltr'>est.</span> <span class='ocrx_word' id='word_1_340' title='bbox 610 1909 682 1928; x_wconf 81' lang='lat' dir='ltr'>nam</span> <span class='ocrx_word' id='word_1_341' title='bbox 697 1899 853 1931; x_wconf 79' lang='lat' dir='ltr'>institutio</span> <span class='ocrx_word' id='word_1_342' title='bbox 868 1901 933 1936; x_wconf 85' lang='lat' dir='ltr'>illa,</span> <span class='ocrx_word' id='word_1_343' title='bbox 950 1911 1010 1942; x_wconf 82' lang='lat' dir='ltr'>qua</span> <span class='ocrx_word' id='word_1_344' title='bbox 1027 1902 1129 1932; x_wconf 80' lang='lat' dir='ltr'>nimioe</span> <span class='ocrx_word' id='word_1_345' title='bbox 1147 1902 1263 1932; x_wconf 84' lang='lat' dir='ltr'>divitiae</span> <span class='ocrx_word' id='word_1_346' title='bbox 1281 1901 1493 1942; x_wconf 84' lang='lat' dir='ltr'>prohibentur,</span> <span class='ocrx_word' id='word_1_347' title='bbox 1509 1908 1571 1929; x_wconf 92' lang='lat' dir='ltr'>non</span> <span class='ocrx_word' id='word_1_348' title='bbox 1587 1907 1698 1939; x_wconf 79' lang='lat' dir='ltr'>parum</span> 
     </span>
     <span class='ocr_line' id='line_1_32' title="bbox 233 1944 1702 1997; baseline 0.005 -23"><span class='ocrx_word' id='word_1_349' title='bbox 233 1944 274 1974; x_wconf 88' lang='lat' dir='ltr'>ad</span> <span class='ocrx_word' id='word_1_350' title='bbox 300 1950 540 1988; x_wconf 83' lang='lat' dir='ltr'>temperantiam</span> <span class='ocrx_word' id='word_1_351' title='bbox 565 1952 686 1983; x_wconf 84' lang='lat' dir='ltr'>confert</span> <span class='ocrx_word' id='word_1_352' title='bbox 700 1965 706 1982; x_wconf 92' lang='lat'>:</span> <span class='ocrx_word' id='word_1_353' title='bbox 734 1953 830 1997; x_wconf 80' lang='lat'>[836]</span> <span class='ocrx_word' id='word_1_354' title='bbox 856 1961 888 1986; x_wconf 85' lang='lat' dir='ltr'>et</span> <span class='ocrx_word' id='word_1_355' title='bbox 915 1955 1082 1997; x_wconf 86' lang='lat' dir='ltr'>disciplina</span> <span class='ocrx_word' id='word_1_356' title='bbox 1106 1957 1161 1986; x_wconf 84' lang='lat' dir='ltr'>illa</span> <span class='ocrx_word' id='word_1_357' title='bbox 1190 1956 1293 1986; x_wconf 88' lang='lat' dir='ltr'>omnis</span> <span class='ocrx_word' id='word_1_358' title='bbox 1306 1965 1398 1996; x_wconf 83' lang='lat' dir='ltr'>supra</span> <span class='ocrx_word' id='word_1_359' title='bbox 1409 1964 1428 1984; x_wconf 92' lang='lat' dir='ltr'>a</span> <span class='ocrx_word' id='word_1_360' title='bbox 1442 1953 1531 1984; x_wconf 80' lang='lat' dir='ltr'>nobis</span> <span class='ocrx_word' id='word_1_361' title='bbox 1545 1951 1702 1992; x_wconf 81' lang='lat' dir='ltr'>exposita.</span> 
     </span>
     <span class='ocr_line' id='line_1_33' title="bbox 231 1998 1702 2052; baseline 0.005 -25"><span class='ocrx_word' id='word_1_362' title='bbox 231 1998 318 2039; x_wconf 86' lang='lat' dir='ltr'>leges</span> <span class='ocrx_word' id='word_1_363' title='bbox 344 2000 384 2031; x_wconf 83' lang='lat' dir='ltr'>ad</span> <span class='ocrx_word' id='word_1_364' title='bbox 410 2003 477 2034; x_wconf 83' lang='lat' dir='ltr'>haec</span> <span class='ocrx_word' id='word_1_365' title='bbox 500 2006 681 2037; x_wconf 88' lang='lat' dir='ltr'>commodas</span> <span class='ocrx_word' id='word_1_366' title='bbox 710 2008 814 2040; x_wconf 82' lang='lat' dir='ltr'>habet.</span> <span class='ocrx_word' id='word_1_367' title='bbox 859 2009 1015 2041; x_wconf 87' lang='lat' dir='ltr'>Praeterea</span> <span class='ocrx_word' id='word_1_368' title='bbox 1042 2016 1075 2041; x_wconf 90' lang='lat' dir='ltr'>et</span> <span class='ocrx_word' id='word_1_369' title='bbox 1104 2010 1280 2052; x_wconf 84' lang='lat' dir='ltr'>principum</span> <span class='ocrx_word' id='word_1_370' title='bbox 1309 2009 1403 2045; x_wconf 84' lang='lat' dir='ltr'>oculi,</span> <span class='ocrx_word' id='word_1_371' title='bbox 1429 2007 1530 2039; x_wconf 82' lang='lat' dir='ltr'>coacti</span> <span class='ocrx_word' id='word_1_372' title='bbox 1552 2016 1617 2037; x_wconf 87' lang='lat' dir='ltr'>non</span> <span class='ocrx_word' id='word_1_373' title='bbox 1639 2005 1702 2036; x_wconf 84' lang='lat' dir='ltr'>alio</span> 
     </span>
     <span class='ocr_line' id='line_1_34' title="bbox 230 2052 1702 2107; baseline 0.006 -26"><span class='ocrx_word' id='word_1_374' title='bbox 230 2052 346 2084; x_wconf 74' lang='lat' dir='ltr'>intueri</span> <span class='ocrx_word' id='word_1_375' title='bbox 371 2055 428 2086; x_wconf 86' lang='lat' dir='ltr'>sed</span> <span class='ocrx_word' id='word_1_376' title='bbox 452 2068 576 2100; x_wconf 81' lang='lat' dir='ltr'>semper</span> <span class='ocrx_word' id='word_1_377' title='bbox 599 2060 845 2094; x_wconf 85' lang='lat' dir='ltr'>adolescentiam</span> <span class='ocrx_word' id='word_1_378' title='bbox 859 2065 1033 2100; x_wconf 86' lang='lat' dir='ltr'>observare,</span> <span class='ocrx_word' id='word_1_379' title='bbox 1051 2066 1163 2096; x_wconf 85' lang='lat' dir='ltr'>ceteris</span> <span class='ocrx_word' id='word_1_380' title='bbox 1176 2065 1302 2107; x_wconf 88' lang='lat' dir='ltr'>quidem</span> <span class='ocrx_word' id='word_1_381' title='bbox 1318 2063 1459 2095; x_wconf 81' lang='lat' dir='ltr'>humanis</span> <span class='ocrx_word' id='word_1_382' title='bbox 1475 2060 1702 2103; x_wconf 66' lang='lat' dir='ltr'>cupiditatibus</span> 
     </span>
     <span class='ocr_line' id='line_1_35' title="bbox 230 2106 1693 2160; baseline 0.008 -25"><span class='ocrx_word' id='word_1_383' title='bbox 230 2106 355 2138; x_wconf 89' lang='lat' dir='ltr'>modum</span> <span class='ocrx_word' id='word_1_384' title='bbox 392 2110 543 2142; x_wconf 83' lang='lat' dir='ltr'>adhibent</span> <span class='ocrx_word' id='word_1_385' title='bbox 556 2123 564 2144; x_wconf 87' lang='lat'>:</span> <span class='ocrx_word' id='word_1_386' title='bbox 593 2114 649 2144; x_wconf 86' lang='lat' dir='ltr'>sed</span> <span class='ocrx_word' id='word_1_387' title='bbox 687 2116 991 2149; x_wconf 74' lang='lat' dir='ltr'>adolescentulorum</span> <span class='ocrx_word' id='word_1_388' title='bbox 1022 2119 1388 2160; x_wconf 71' lang='lat' dir='ltr'>adolescentulartunque</span> <span class='ocrx_word' id='word_1_389' title='bbox 1418 2122 1525 2148; x_wconf 80' lang='lat' dir='ltr'>contra</span> <span class='ocrx_word' id='word_1_390' title='bbox 1552 2121 1693 2146; x_wconf 79' lang='lat' dir='ltr'>naturam</span> 
     </span>
    </p>

    <p class='ocr_par' dir='ltr' id='par_1_4' title="bbox 228 2165 1694 2268">
     <span class='ocr_line' id='line_1_36' title="bbox 228 2165 1694 2213; baseline 0.005 -23"><span class='ocrx_word' id='word_1_391' title='bbox 228 2169 360 2198; x_wconf 80' lang='lat' dir='ltr'>amoreS,</span> <span class='ocrx_word' id='word_1_392' title='bbox 376 2169 408 2193; x_wconf 87' lang='lat' dir='ltr'>et</span> <span class='ocrx_word' id='word_1_393' title='bbox 421 2165 556 2196; x_wconf 89' lang='lat' dir='ltr'>virorum</span> <span class='ocrx_word' id='word_1_394' title='bbox 569 2177 626 2207; x_wconf 85' lang='lat' dir='ltr'>pro</span> <span class='ocrx_word' id='word_1_395' title='bbox 648 2169 774 2199; x_wconf 77' lang='lat' dir='ltr'>semin³s</span> <span class='ocrx_word' id='word_1_396' title='bbox 789 2176 821 2200; x_wconf 89' lang='lat' dir='ltr'>et</span> <span class='ocrx_word' id='word_1_397' title='bbox 836 2172 999 2203; x_wconf 83' lang='lat' dir='ltr'>muliermn</span> <span class='ocrx_word' id='word_1_398' title='bbox 1014 2183 1070 2213; x_wconf 85' lang='lat' dir='ltr'>pro</span> <span class='ocrx_word' id='word_1_399' title='bbox 1086 2173 1161 2203; x_wconf 82' lang='lat' dir='ltr'>viris</span> <span class='ocrx_word' id='word_1_400' title='bbox 1176 2173 1302 2208; x_wconf 77' lang='lat' dir='ltr'>abusus,</span> <span class='ocrx_word' id='word_1_401' title='bbox 1320 2171 1403 2202; x_wconf 86' lang='lat' dir='ltr'>unde</span> <span class='ocrx_word' id='word_1_402' title='bbox 1416 2172 1581 2202; x_wconf 78' lang='lat' dir='ltr'>innumera</span> <span class='ocrx_word' id='word_1_403' title='bbox 1594 2169 1694 2199; x_wconf 85' lang='lat' dir='ltr'>humi-</span> 
     </span>
     <span class='ocr_line' id='line_1_37' title="bbox 229 2214 1691 2268; baseline 0.006 -24"><span class='ocrx_word' id='word_1_404' title='bbox 229 2214 321 2246; x_wconf 88' lang='lat' dir='ltr'>nibus</span> <span class='ocrx_word' id='word_1_405' title='bbox 336 2222 369 2246; x_wconf 88' lang='lat' dir='ltr'>et</span> <span class='ocrx_word' id='word_1_406' title='bbox 383 2218 526 2258; x_wconf 85' lang='lat' dir='ltr'>privatim</span> <span class='ocrx_word' id='word_1_407' title='bbox 543 2226 572 2250; x_wconf 85' lang='lat' dir='ltr'>ct</span> <span class='ocrx_word' id='word_1_408' title='bbox 592 2222 715 2262; x_wconf 90' lang='lat' dir='ltr'>publice</span> <span class='ocrx_word' id='word_1_409' title='bbox 732 2225 815 2254; x_wconf 77' lang='lat' dir='ltr'>mula</span> <span class='ocrx_word' id='word_1_410' title='bbox 831 2231 937 2256; x_wconf 81' lang='lat' dir='ltr'>secuta</span> <span class='ocrx_word' id='word_1_411' title='bbox 952 2234 1035 2263; x_wconf 82' lang='lat' dir='ltr'>sunt,</span> <span class='ocrx_word' id='word_1_412' title='bbox 1053 2228 1208 2268; x_wconf 85' lang='lat' dir='ltr'>quomodo</span> <span class='ocrx_word' id='word_1_413' title='bbox 1223 2227 1338 2268; x_wconf 83' lang='lat' dir='ltr'>aliquis</span> <span class='ocrx_word' id='word_1_414' title='bbox 1351 2225 1494 2260; x_wconf 83' lang='lat' dir='ltr'>evitabit,</span> <span class='ocrx_word' id='word_1_415' title='bbox 1509 2229 1543 2254; x_wconf 90' lang='lat' dir='ltr'>et</span> <span class='ocrx_word' id='word_1_416' title='bbox 1558 2223 1641 2265; x_wconf 89' lang='lat' dir='ltr'>quod</span> <span class='ocrx_word' id='word_1_417' title='bbox 1658 2223 1691 2252; x_wconf 86' lang='lat' dir='ltr'>in</span> 
     </span>
    </p>

    <p class='ocr_par' dir='ltr' id='par_1_5' title="bbox 226 2267 1689 2316">
     <span class='ocr_line' id='line_1_38' title="bbox 226 2267 1689 2316; baseline 0.006 -17"><span class='ocrx_word' id='word_1_418' title='bbox 226 2267 418 2309; x_wconf 81' lang='lat' dir='ltr'>singulorum</span> <span class='ocrx_word' id='word_1_419' title='bbox 438 2273 587 2313; x_wconf 86' lang='lat' dir='ltr'>periculis</span> <span class='ocrx_word' id='word_1_420' title='bbox 609 2277 779 2308; x_wconf 84' lang='lat' dir='ltr'>remedium</span> <span class='ocrx_word' id='word_1_421' title='bbox 795 2279 934 2310; x_wconf 82' lang='lat' dir='ltr'>inveniet</span> <span class='ocrx_word' id='word_1_422' title='bbox 950 2280 960 2309; x_wconf 90' lang='lat'>?</span> <span class='ocrx_word' id='word_1_423' title='bbox 985 2281 1111 2312; x_wconf 90' lang='lat' dir='ltr'>omnino</span> <span class='ocrx_word' id='word_1_424' title='bbox 1127 2280 1252 2312; x_wconf 84' lang='lat' dir='ltr'>difficile</span> <span class='ocrx_word' id='word_1_425' title='bbox 1268 2280 1302 2311; x_wconf 88' lang='lat' dir='ltr'>id</span> <span class='ocrx_word' id='word_1_426' title='bbox 1318 2286 1376 2316; x_wconf 88' lang='lat' dir='ltr'>est,</span> <span class='ocrx_word' id='word_1_427' title='bbox 1392 2289 1410 2310; x_wconf 91' lang='lat' dir='ltr'>o</span> <span class='ocrx_word' id='word_1_428' title='bbox 1427 2278 1639 2311; x_wconf 53' lang='lat' dir='ltr'>minianum</span> <span class='ocrx_word' id='word_1_429' title='bbox 1654 2276 1689 2306; x_wconf 86' lang='lat' dir='ltr'>iu</span> 
     </span>
    </p>

    <p class='ocr_par' dir='ltr' id='par_1_6' title="bbox 224 2323 1694 2483">
     <span class='ocr_line' id='line_1_39' title="bbox 225 2323 1694 2376; baseline 0.007 -24"><span class='ocrx_word' id='word_1_430' title='bbox 225 2323 339 2354; x_wconf 86' lang='lat' dir='ltr'>ceteris</span> <span class='ocrx_word' id='word_1_431' title='bbox 353 2326 479 2365; x_wconf 88' lang='lat' dir='ltr'>quidem</span> <span class='ocrx_word' id='word_1_432' title='bbox 496 2329 604 2359; x_wconf 90' lang='lat' dir='ltr'>multis</span> <span class='ocrx_word' id='word_1_433' title='bbox 620 2330 760 2361; x_wconf 85' lang='lat' dir='ltr'>universa</span> <span class='ocrx_word' id='word_1_434' title='bbox 777 2332 871 2363; x_wconf 83' lang='lat' dir='ltr'>Creta</span> <span class='ocrx_word' id='word_1_435' title='bbox 885 2333 1185 2376; x_wconf 76' lang='lat' dir='ltr'>Lacedaemoniaque</span> <span class='ocrx_word' id='word_1_436' title='bbox 1202 2335 1290 2365; x_wconf 86' lang='lat' dir='ltr'>nobis</span> <span class='ocrx_word' id='word_1_437' title='bbox 1311 2335 1350 2365; x_wconf 82' lang='lat' dir='ltr'>ad</span> <span class='ocrx_word' id='word_1_438' title='bbox 1374 2334 1462 2374; x_wconf 85' lang='lat' dir='ltr'>leges</span> <span class='ocrx_word' id='word_1_439' title='bbox 1484 2332 1659 2374; x_wconf 80' lang='lat' dir='ltr'>ponendas,</span> <span class='ocrx_word' id='word_1_440' title='bbox 1674 2341 1694 2362; x_wconf 79' lang='lat' dir='ltr'><strong>a</strong></span> 
     </span>
     <span class='ocr_line' id='line_1_40' title="bbox 227 2377 1693 2430; baseline 0.008 -25"><span class='ocrx_word' id='word_1_441' title='bbox 227 2377 394 2409; x_wconf 85' lang='lat' dir='ltr'>multorum</span> <span class='ocrx_word' id='word_1_442' title='bbox 407 2381 542 2412; x_wconf 87' lang='lat' dir='ltr'>moribus</span> <span class='ocrx_word' id='word_1_443' title='bbox 557 2383 686 2420; x_wconf 84' lang='lat' dir='ltr'>alienas,</span> <span class='ocrx_word' id='word_1_444' title='bbox 702 2385 793 2415; x_wconf 85' lang='lat' dir='ltr'>valde</span> <span class='ocrx_word' id='word_1_445' title='bbox 809 2387 1001 2426; x_wconf 77' lang='lat' dir='ltr'>opitulantur</span> <span class='ocrx_word' id='word_1_446' title='bbox 1016 2400 1022 2418; x_wconf 80' lang='lat' dir='ltr'><strong><em>z</em></strong></span> <span class='ocrx_word' id='word_1_447' title='bbox 1047 2390 1102 2419; x_wconf 85' lang='lat' dir='ltr'>sed</span> <span class='ocrx_word' id='word_1_448' title='bbox 1124 2390 1206 2430; x_wconf 90' lang='lat' dir='ltr'>quod</span> <span class='ocrx_word' id='word_1_449' title='bbox 1231 2390 1269 2420; x_wconf 80' lang='lat' dir='ltr'>ad</span> <span class='ocrx_word' id='word_1_450' title='bbox 1286 2398 1409 2419; x_wconf 82' lang='lat' dir='ltr'>amores</span> <span class='ocrx_word' id='word_1_451' title='bbox 1421 2386 1564 2428; x_wconf 84' lang='lat' dir='ltr'>pertinet,</span> <span class='ocrx_word' id='word_1_452' title='bbox 1580 2385 1693 2416; x_wconf 82' lang='lat' dir='ltr'>adver·</span> 
     </span>
     <span class='ocr_line' id='line_1_41' title="bbox 224 2431 1687 2483; baseline 0.007 -23"><span class='ocrx_word' id='word_1_453' title='bbox 224 2436 331 2462; x_wconf 81' lang='lat' dir='ltr'>santur</span> <span class='ocrx_word' id='word_1_454' title='bbox 344 2431 593 2477; x_wconf 85' lang='lat' dir='ltr'>dissentiuntque</span> <span class='ocrx_word' id='word_1_455' title='bbox 610 2438 749 2468; x_wconf 90' lang='lat' dir='ltr'>omnino.</span> <span class='ocrx_word' id='word_1_456' title='bbox 771 2440 933 2480; x_wconf 84' lang='lat' dir='ltr'>quoniam,</span> <span class='ocrx_word' id='word_1_457' title='bbox 949 2441 974 2472; x_wconf 90' lang='lat' dir='ltr'>si</span> <span class='ocrx_word' id='word_1_458' title='bbox 991 2442 1060 2482; x_wconf 85' lang='lat' dir='ltr'>quis</span> <span class='ocrx_word' id='word_1_459' title='bbox 1076 2449 1218 2473; x_wconf 84' lang='lat' dir='ltr'>naturam</span> <span class='ocrx_word' id='word_1_460' title='bbox 1235 2449 1357 2474; x_wconf 82' lang='lat' dir='ltr'>secutus</span> <span class='ocrx_word' id='word_1_461' title='bbox 1372 2442 1473 2483; x_wconf 79' lang='lat' dir='ltr'>legem</span> <span class='ocrx_word' id='word_1_462' title='bbox 1486 2446 1560 2472; x_wconf 85' lang='lat' dir='ltr'>ante</span> <span class='ocrx_word' id='word_1_463' title='bbox 1575 2439 1687 2471; x_wconf 67' lang='lat' dir='ltr'>Laium</span> 
     </span>
    </p>

    <p class='ocr_par' dir='ltr' id='par_1_7' title="bbox 221 2484 1688 2592">
     <span class='ocr_line' id='line_1_42' title="bbox 221 2484 1688 2538; baseline 0.007 -24"><span class='ocrx_word' id='word_1_464' title='bbox 221 2484 307 2515; x_wconf 87' lang='lat' dir='ltr'>illam</span> <span class='ocrx_word' id='word_1_465' title='bbox 334 2489 483 2527; x_wconf 86' lang='lat' dir='ltr'>posuerit,</span> <span class='ocrx_word' id='word_1_466' title='bbox 497 2500 560 2520; x_wconf 89' lang='lat' dir='ltr'>non</span> <span class='ocrx_word' id='word_1_467' title='bbox 577 2492 739 2523; x_wconf 81' lang='lat' dir='ltr'>dimittens</span> <span class='ocrx_word' id='word_1_468' title='bbox 752 2494 889 2524; x_wconf 81' lang='lat' dir='ltr'>maribus</span> <span class='ocrx_word' id='word_1_469' title='bbox 905 2505 959 2535; x_wconf 89' lang='lat' dir='ltr'>pro</span> <span class='ocrx_word' id='word_1_470' title='bbox 975 2496 1096 2526; x_wconf 79' lang='lat' dir='ltr'>seminis</span> <span class='ocrx_word' id='word_1_471' title='bbox 1112 2497 1207 2533; x_wconf 86' lang='lat' dir='ltr'>abuti,</span> <span class='ocrx_word' id='word_1_472' title='bbox 1223 2502 1397 2538; x_wconf 82' lang='lat' dir='ltr'>testemque</span> <span class='ocrx_word' id='word_1_473' title='bbox 1412 2495 1582 2526; x_wconf 76' lang='lat' dir='ltr'>bestiarum</span> <span class='ocrx_word' id='word_1_474' title='bbox 1595 2499 1688 2525; x_wconf 83' lang='lat' dir='ltr'>natu-</span> 
     </span>
     <span class='ocr_line' id='line_1_43' title="bbox 222 2540 1683 2592; baseline 0.008 -25"><span class='ocrx_word' id='word_1_475' title='bbox 222 2547 285 2568; x_wconf 87' lang='lat' dir='ltr'>ram</span> <span class='ocrx_word' id='word_1_476' title='bbox 311 2540 461 2577; x_wconf 82' lang='lat' dir='ltr'>citaverit,</span> <span class='ocrx_word' id='word_1_477' title='bbox 488 2543 521 2574; x_wconf 91' lang='lat' dir='ltr'>in</span> <span class='ocrx_word' id='word_1_478' title='bbox 542 2544 653 2585; x_wconf 88' lang='lat' dir='ltr'>quibus</span> <span class='ocrx_word' id='word_1_479' title='bbox 673 2556 772 2577; x_wconf 80' lang='lat' dir='ltr'>mares</span> <span class='ocrx_word' id='word_1_480' title='bbox 798 2547 880 2578; x_wconf 83' lang='lat' dir='ltr'>inter</span> <span class='ocrx_word' id='word_1_481' title='bbox 903 2559 936 2579; x_wconf 88' lang='lat' dir='ltr'>se</span> <span class='ocrx_word' id='word_1_482' title='bbox 969 2550 1085 2581; x_wconf 83' lang='lat' dir='ltr'>Veneri</span> <span class='ocrx_word' id='word_1_483' title='bbox 1100 2561 1228 2592; x_wconf 81' lang='lat' dir='ltr'>operam</span> <span class='ocrx_word' id='word_1_484' title='bbox 1242 2561 1304 2581; x_wconf 87' lang='lat' dir='ltr'>nou</span> <span class='ocrx_word' id='word_1_485' title='bbox 1321 2550 1409 2585; x_wconf 84' lang='lat' dir='ltr'>deut,</span> <span class='ocrx_word' id='word_1_486' title='bbox 1423 2549 1497 2591; x_wconf 71' lang='lat' dir='ltr'>quin</span> <span class='ocrx_word' id='word_1_487' title='bbox 1511 2549 1683 2580; x_wconf 83' lang='lat' dir='ltr'>secundum</span> 
     </span>
    </p>

    <p class='ocr_par' dir='ltr' id='par_1_8' title="bbox 220 2596 1686 2645">
     <span class='ocr_line' id='line_1_44' title="bbox 220 2596 1686 2645; baseline 0.01 -23"><span class='ocrx_word' id='word_1_488' title='bbox 220 2596 360 2624; x_wconf 80' lang='lat' dir='ltr'>naturam</span> <span class='ocrx_word' id='word_1_489' title='bbox 386 2596 418 2626; x_wconf 89' lang='lat' dir='ltr'>id</span> <span class='ocrx_word' id='word_1_490' title='bbox 445 2597 574 2628; x_wconf 87' lang='lat' dir='ltr'>minime</span> <span class='ocrx_word' id='word_1_491' title='bbox 597 2599 648 2635; x_wconf 90' lang='lat' dir='ltr'>sit,</span> <span class='ocrx_word' id='word_1_492' title='bbox 675 2601 831 2631; x_wconf 85' lang='lat' dir='ltr'>verisimili</span> <span class='ocrx_word' id='word_1_493' title='bbox 858 2602 959 2633; x_wconf 80' lang='lat' dir='ltr'>forsan</span> <span class='ocrx_word' id='word_1_494' title='bbox 975 2604 1094 2635; x_wconf 85' lang='lat' dir='ltr'>ratione</span> <span class='ocrx_word' id='word_1_495' title='bbox 1111 2610 1224 2641; x_wconf 86' lang='lat' dir='ltr'>utetur,</span> <span class='ocrx_word' id='word_1_496' title='bbox 1241 2605 1414 2645; x_wconf 80' lang='lat' dir='ltr'>vestrisque</span> <span class='ocrx_word' id='word_1_497' title='bbox 1429 2603 1607 2635; x_wconf 69' lang='lat' dir='ltr'>civitatibus</span> <span class='ocrx_word' id='word_1_498' title='bbox 1621 2612 1686 2633; x_wconf 79' lang='lat' dir='ltr'>non</span> 
     </span>
    </p>

    <p class='ocr_par' dir='ltr' id='par_1_9' title="bbox 218 2649 1688 2861">
     <span class='ocr_line' id='line_1_45' title="bbox 220 2649 1688 2700; baseline 0.009 -25"><span class='ocrx_word' id='word_1_499' title='bbox 220 2649 416 2680; x_wconf 85' lang='lat' dir='ltr'>consonabit.</span> <span class='ocrx_word' id='word_1_500' title='bbox 441 2651 563 2682; x_wconf 84' lang='lat' dir='ltr'>accedit</span> <span class='ocrx_word' id='word_1_501' title='bbox 577 2652 617 2683; x_wconf 81' lang='lat' dir='ltr'>ad</span> <span class='ocrx_word' id='word_1_502' title='bbox 635 2655 712 2689; x_wconf 82' lang='lat' dir='ltr'>haec,</span> <span class='ocrx_word' id='word_1_503' title='bbox 728 2655 810 2696; x_wconf 88' lang='lat' dir='ltr'>quod</span> <span class='ocrx_word' id='word_1_504' title='bbox 829 2656 954 2687; x_wconf 85' lang='lat' dir='ltr'>minime</span> <span class='ocrx_word' id='word_1_505' title='bbox 972 2657 1004 2688; x_wconf 90' lang='lat' dir='ltr'>id</span> <span class='ocrx_word' id='word_1_506' title='bbox 1021 2665 1213 2700; x_wconf 85' lang='lat' dir='ltr'>assequetur,</span> <span class='ocrx_word' id='word_1_507' title='bbox 1235 2658 1319 2700; x_wconf 90' lang='lat' dir='ltr'>quod</span> <span class='ocrx_word' id='word_1_508' title='bbox 1334 2668 1352 2688; x_wconf 80' lang='lat' dir='ltr'>a</span> <span class='ocrx_word' id='word_1_509' title='bbox 1367 2658 1546 2699; x_wconf 80' lang='lat' dir='ltr'>legislatore</span> <span class='ocrx_word' id='word_1_510' title='bbox 1561 2666 1688 2698; x_wconf 84' lang='lat' dir='ltr'>semper</span> 
     </span>
     <span class='ocr_line' id='line_1_46' title="bbox 218 2700 1685 2755; baseline 0.01 -26"><span class='ocrx_word' id='word_1_511' title='bbox 218 2705 267 2730; x_wconf 86' lang='lat' dir='ltr'>est</span> <span class='ocrx_word' id='word_1_512' title='bbox 279 2700 515 2735; x_wconf 81' lang='lat' dir='ltr'>observandum.</span> <span class='ocrx_word' id='word_1_513' title='bbox 537 2717 659 2748; x_wconf 77' lang='lat' dir='ltr'>semper</span> <span class='ocrx_word' id='word_1_514' title='bbox 686 2709 769 2739; x_wconf 80' lang='lat' dir='ltr'>enim</span> <span class='ocrx_word' id='word_1_515' title='bbox 785 2709 938 2741; x_wconf 81' lang='lat' dir='ltr'>observari</span> <span class='ocrx_word' id='word_1_516' title='bbox 953 2718 1088 2753; x_wconf 81' lang='lat' dir='ltr'>oportet,</span> <span class='ocrx_word' id='word_1_517' title='bbox 1104 2713 1181 2755; x_wconf 90' lang='lat' dir='ltr'>quid</span> <span class='ocrx_word' id='word_1_518' title='bbox 1197 2712 1237 2743; x_wconf 84' lang='lat' dir='ltr'>ad</span> <span class='ocrx_word' id='word_1_519' title='bbox 1259 2712 1402 2743; x_wconf 75' lang='lat' dir='ltr'>virtutem</span> <span class='ocrx_word' id='word_1_520' title='bbox 1417 2709 1583 2746; x_wconf 80' lang='lat' dir='ltr'>conducat,</span> <span class='ocrx_word' id='word_1_521' title='bbox 1599 2709 1685 2752; x_wconf 85' lang='lat' dir='ltr'>quod</span> 
     </span>
     <span class='ocr_line' id='line_1_47' title="bbox 221 2753 1686 2806; baseline 0.01 -23"><span class='ocrx_word' id='word_1_522' title='bbox 221 2753 290 2795; x_wconf 86' lang='lat' dir='ltr'>lege</span> <span class='ocrx_word' id='word_1_523' title='bbox 313 2757 460 2794; x_wconf 82' lang='lat' dir='ltr'>sancitur,</span> <span class='ocrx_word' id='word_1_524' title='bbox 477 2764 509 2789; x_wconf 83' lang='lat' dir='ltr'>et</span> <span class='ocrx_word' id='word_1_525' title='bbox 525 2761 599 2800; x_wconf 88' lang='lat' dir='ltr'>quid</span> <span class='ocrx_word' id='word_1_526' title='bbox 615 2772 690 2794; x_wconf 86' lang='lat' dir='ltr'>non.</span> <span class='ocrx_word' id='word_1_527' title='bbox 713 2773 770 2804; x_wconf 81' lang='lat' dir='ltr'>age</span> <span class='ocrx_word' id='word_1_528' title='bbox 786 2774 871 2800; x_wconf 82' lang='lat' dir='ltr'>vero,</span> <span class='ocrx_word' id='word_1_529' title='bbox 890 2765 912 2795; x_wconf 92' lang='lat' dir='ltr'>si</span> <span class='ocrx_word' id='word_1_530' title='bbox 930 2765 962 2796; x_wconf 82' lang='lat' dir='ltr'>id</span> <span class='ocrx_word' id='word_1_531' title='bbox 978 2767 1141 2797; x_wconf 87' lang='lat' dir='ltr'>honestum</span> <span class='ocrx_word' id='word_1_532' title='bbox 1156 2773 1287 2797; x_wconf 79' lang='lat' dir='ltr'>autnon</span> <span class='ocrx_word' id='word_1_533' title='bbox 1302 2771 1393 2806; x_wconf 85' lang='lat' dir='ltr'>turpe</span> <span class='ocrx_word' id='word_1_534' title='bbox 1407 2775 1491 2795; x_wconf 88' lang='lat' dir='ltr'>nunc</span> <span class='ocrx_word' id='word_1_535' title='bbox 1506 2765 1576 2806; x_wconf 87' lang='lat' dir='ltr'>lege</span> <span class='ocrx_word' id='word_1_536' title='bbox 1591 2765 1686 2795; x_wconf 76' lang='lat' dir='ltr'>statui</span> 
     </span>
     <span class='ocr_line' id='line_1_48' title="bbox 218 2809 1681 2861; baseline 0.008 -24"><span class='ocrx_word' id='word_1_537' title='bbox 218 2809 412 2845; x_wconf 70' lang='lat' dir='ltr'>assentimus,</span> <span class='ocrx_word' id='word_1_538' title='bbox 436 2813 584 2852; x_wconf 84' lang='lat' dir='ltr'>quidnam</span> <span class='ocrx_word' id='word_1_539' title='bbox 612 2816 651 2845; x_wconf 84' lang='lat' dir='ltr'>ad</span> <span class='ocrx_word' id='word_1_540' title='bbox 678 2817 824 2848; x_wconf 82' lang='lat' dir='ltr'>virtutem</span> <span class='ocrx_word' id='word_1_541' title='bbox 849 2817 1007 2859; x_wconf 80' lang='lat' dir='ltr'>proderit?</span> <span class='ocrx_word' id='word_1_542' title='bbox 1030 2826 1130 2851; x_wconf 87' lang='lat' dir='ltr'>utrum</span> <span class='ocrx_word' id='word_1_543' title='bbox 1161 2821 1194 2851; x_wconf 88' lang='lat' dir='ltr'>in</span> <span class='ocrx_word' id='word_1_544' title='bbox 1219 2819 1356 2861; x_wconf 80' lang='lat' dir='ltr'>persuasi</span> <span class='ocrx_word' id='word_1_545' title='bbox 1373 2818 1476 2849; x_wconf 87' lang='lat' dir='ltr'>animo</span> <span class='ocrx_word' id='word_1_546' title='bbox 1491 2818 1681 2848; x_wconf 82' lang='lat' dir='ltr'>fortitudinis</span> 
     </span>
    </p>

    <p class='ocr_par' dir='ltr' id='par_1_10' title="bbox 219 2862 1681 2915">
     <span class='ocr_line' id='line_1_49' title="bbox 219 2862 1681 2915; baseline 0.007 -24"><span class='ocrx_word' id='word_1_547' title='bbox 219 2862 368 2900; x_wconf 75' lang='lat' dir='ltr'>habitum,</span> <span class='ocrx_word' id='word_1_548' title='bbox 385 2874 423 2895; x_wconf 81' lang='lat' dir='ltr'>an</span> <span class='ocrx_word' id='word_1_549' title='bbox 440 2865 470 2895; x_wconf 87' lang='lat' dir='ltr'>in</span> <span class='ocrx_word' id='word_1_550' title='bbox 486 2865 564 2906; x_wconf 68' lang='lat' dir='ltr'>ujus,</span> <span class='ocrx_word' id='word_1_551' title='bbox 579 2869 630 2909; x_wconf 88' lang='lat' dir='ltr'>qui</span> <span class='ocrx_word' id='word_1_552' title='bbox 646 2871 808 2910; x_wconf 74' lang='lat' dir='ltr'>persuasit,</span> <span class='ocrx_word' id='word_1_553' title='bbox 825 2875 1038 2913; x_wconf 65' lang='lat' dir='ltr'>temperantiae</span> <span class='ocrx_word' id='word_1_554' title='bbox 1050 2875 1187 2915; x_wconf 75' lang='lat' dir='ltr'>speciem</span> <span class='ocrx_word' id='word_1_555' title='bbox 1197 2873 1357 2915; x_wconf 77' lang='lat' dir='ltr'>generabit</span> <span class='ocrx_word' id='word_1_556' title='bbox 1374 2873 1384 2903; x_wconf 82' lang='lat'>?</span> <span class='ocrx_word' id='word_1_557' title='bbox 1410 2872 1458 2903; x_wconf 82' lang='lat' dir='ltr'>vel</span> <span class='ocrx_word' id='word_1_558' title='bbox 1474 2873 1541 2903; x_wconf 64' lang='lat' dir='ltr'>hau:</span> <span class='ocrx_word' id='word_1_559' title='bbox 1553 2872 1681 2913; x_wconf 69' lang='lat' dir='ltr'>quidem</span> 
     </span>
    </p>

    <p class='ocr_par' dir='ltr' id='par_1_11' title="bbox 217 2916 1679 2970">
     <span class='ocr_line' id='line_1_50' title="bbox 217 2916 1679 2970; baseline 0.008 -25"><span class='ocrx_word' id='word_1_560' title='bbox 217 2916 320 2948; x_wconf 84' lang='lat' dir='ltr'>nullus</span> <span class='ocrx_word' id='word_1_561' title='bbox 336 2929 482 2960; x_wconf 80' lang='lat' dir='ltr'>unquam,</span> <span class='ocrx_word' id='word_1_562' title='bbox 494 2921 549 2952; x_wconf 71' lang='lat' dir='ltr'>sui</span> <span class='ocrx_word' id='word_1_563' title='bbox 562 2923 665 2963; x_wconf 84' lang='lat' dir='ltr'>potius</span> <span class='ocrx_word' id='word_1_564' title='bbox 680 2925 786 2957; x_wconf 86' lang='lat' dir='ltr'>horum</span> <span class='ocrx_word' id='word_1_565' title='bbox 803 2927 991 2960; x_wconf 81' lang='lat' dir='ltr'>contrarium</span> <span class='ocrx_word' id='word_1_566' title='bbox 1005 2929 1110 2960; x_wconf 69' lang='lat' dir='ltr'>cretlct</span> <span class='ocrx_word' id='word_1_567' title='bbox 1124 2929 1136 2958; x_wconf 70' lang='grc' dir='ltr'><strong><em>ἓ</em></strong></span> <span class='ocrx_word' id='word_1_568' title='bbox 1160 2928 1277 2970; x_wconf 83' lang='lat' dir='ltr'>quippe</span> <span class='ocrx_word' id='word_1_569' title='bbox 1292 2926 1502 2969; x_wconf 78' lang='lat' dir='ltr'>vuluptatibus</span> <span class='ocrx_word' id='word_1_570' title='bbox 1517 2926 1679 2958; x_wconf 83' lang='lat' dir='ltr'>servientis</span> 
     </span>
    </p>
   </div>
  </div>
 </body>
</html>
