1840 3225
251 202 329 240 246
858 200 1123 240 PLAToNJs
1638 204 1704 254 [37

248 306 330 338 inter
346 312 380 335 se
410 303 548 338 cursibus
560 303 649 334 orbes
660 313 808 344 peragere
817 303 928 346 jussit:
955 310 988 335 et
1005 315 1043 335 ex
1061 310 1184 345 septem
1199 302 1396 335 interioribus
1415 309 1479 335 tres
1492 304 1620 346 quidem
1634 305 1703 346 pari

248 359 420 394 celeritate,
437 363 566 399 quatuor
578 368 651 388 vero
664 363 697 388 et
709 357 749 388 ad
761 368 795 389 se
807 363 840 388 et
852 358 892 389 ad
905 359 1041 399 reliquos
1059 366 1123 389 tres
1139 358 1300 389 celeritate
1313 358 1440 400 quidem
1453 358 1577 400 impari,
1597 358 1705 389 debita

246 416 351 442 tamen
366 413 486 443 ratione
499 412 649 443 converti.
672 412 841 453 Postquam
853 413 946 454 igitur
958 412 1127 443 secundum
1142 412 1288 443 creatoris
1301 413 1386 442 illius
1399 419 1541 442 mentem
1555 417 1622 443 vota
1637 412 1706 442 ani·

244 476 304 496 rnae
320 467 499 497 constitutio
513 466 654 496 absoluta
665 466 734 502 fuit,
748 477 820 497 mox
835 476 927 497 omne
943 476 1125 506 corporeum
1140 466 1222 496 intra
1239 467 1341 507 ipsam
1360 466 1490 502 effinxit,
1505 465 1703 507 mediumque

243 519 355 550 mediae
368 519 606 550 accommodans
619 524 692 560 apto
703 519 916 551 modulamine
933 521 1101 561 copulavit.
1114 525 1147 550 at
1159 521 1216 551 illa
1228 530 1248 550 a
1259 519 1364 551 medio
1377 530 1434 561 per
1446 530 1538 551 omne
1549 530 1649 561 usque
1663 519 1704 550 ad

244 575 314 605 coeli
328 582 467 605 extrema
476 584 509 604 se
522 574 693 615 porr-igenS,
707 574 798 615 eique
812 574 1006 605 extrinsecus
1019 575 1213 611 circumfusa,
1228 585 1324 616 seque
1337 575 1370 604 in
1381 584 1415 604 se
1429 574 1500 615 ipsa
1509 579 1706 610 convertens,

239 628 285 659 ita
306 629 505 669 sempiternae
520 628 732 670 sapientisque
746 629 818 659 vitae
832 629 864 659 in
879 629 1058 658 universum
1069 634 1195 670 tempus
1210 629 1351 659 divinum
1364 627 1454 658 dedit
1473 626 1644 659 exordium.
1673 632 1707 658 et

241 693 353 724 corpus
366 682 493 723 quidem
513 683 584 713 coeli
599 683 771 723 spectabile
790 683 907 713 factum
926 688 994 721 est;
1018 683 1124 713 anima
1141 693 1214 714 vero
1228 683 1388 714 oculorum
1412 681 1523 723 effugit
1539 681 1704 717 obtuitum,

239 736 369 767 rationis
383 742 416 767 et
436 736 654 767 modulaminis
673 747 812 778 compos,
837 737 912 779 [37]
933 737 972 767 ab
993 743 1118 768 auctore
1132 747 1198 773 suo,
1211 737 1351 768 omnium
1365 747 1434 777 quae
1449 746 1573 777 semper
1585 741 1657 766 sunt
1671 741 1704 766 et

237 790 294 821 sub
306 791 548 832 intelligentiam
559 790 677 822 cadunt
687 791 816 832 optimo,
834 791 904 831 ipsa
915 801 1037 832 quoque
1051 791 1170 831 optima
1182 792 1331 826 omnium,
1345 801 1414 832 quae
1427 790 1535 831 genita
1551 795 1635 826 sunt,
1656 790 1701 820 ef-

236 843 330 875 fecta.
344 845 488 885 quoniam
500 845 595 885 igitur
606 855 646 874 ex
659 845 757 874 tribus
771 845 921 886 partibus,
936 844 1047 876 eodem
1059 845 1182 875 scilicet
1193 850 1226 875 et
1240 845 1338 875 altero
1357 849 1390 874 et
1404 845 1552 879 essentia,
1566 844 1702 875 conflata

236 903 295 935 est,
315 899 435 929 ratione
454 898 661 939 proportionis
680 898 830 929 distincta
842 904 935 939 atque
949 904 1123 939 compacta,
1141 908 1201 928 nec
1212 909 1276 928 non
1290 899 1322 928 in
1333 908 1366 927 se
1379 898 1481 939 ipsam
1496 897 1569 928 orbe
1584 897 1694 928 reflec—

233 953 322 985 titur:
345 953 488 993 quotiens
503 951 623 992 aliquid
637 952 773 992 attingit,
790 951 874 992 quod
886 953 1053 982 essentiam
1067 951 1227 982 dividuam
1239 951 1334 982 habet
1347 956 1380 981 et
1392 951 1476 993 quod
1491 950 1696 987 individuam,

233 1007 266 1037 in
280 1016 313 1037 se
324 1007 426 1047 ipsam
438 1006 564 1036 omnino
573 1015 732 1040 conversa,
746 1004 821 1046 quid
834 1005 874 1034 sit
886 1010 1061 1046 utrumque,
1075 1004 1235 1040 discernit,
1249 1010 1281 1035 et
1293 1005 1344 1035 cui
1355 1004 1432 1046 quid
1439 1004 1526 1035 idem
1536 1005 1588 1041 sit,
1601 1015 1620 1036 a
1631 1015 1694 1046 quo

233 1061 365 1091 alterum
377 1065 410 1090 et
427 1059 594 1095 diversum,
615 1057 656 1088 ad
674 1058 750 1100 quid
769 1069 911 1099 quaeque,
927 1065 959 1089 et
975 1059 1039 1095 ubi,
1055 1058 1221 1100 quomodo,
1238 1063 1271 1089 et
1288 1058 1413 1100 quando
1435 1069 1505 1090 esse
1521 1058 1700 1100 hujusmodi

231 1114 351 1156 aliquid
367 1114 417 1145 vel
431 1113 496 1155 pati
511 1113 682 1153 contingat,
698 1118 763 1143 tam
776 1113 809 1142 in
823 1114 870 1143 his
885 1124 953 1153 quae
967 1113 1144 1154 gignuntur,
1167 1124 1262 1154 quam
1277 1113 1310 1143 in
1324 1113 1389 1144 illis
1401 1124 1471 1154 quae
1484 1123 1608 1154 semper
1626 1118 1699 1144 sunt

232 1168 354 1199 eadem.
375 1168 455 1198 ratio
472 1177 560 1208 porro
573 1166 613 1197 ad
628 1167 741 1207 ipsum,
755 1166 839 1208 quod
854 1166 936 1196 idem
954 1174 1012 1203 est,
1028 1177 1158 1208 vergens
1171 1173 1266 1208 atque
1277 1167 1427 1203 veridica,
1440 1172 1502 1197 tam
1519 1167 1603 1197 circa
1614 1168 1695 1198 alte-

233 1233 302 1254 rum
315 1232 410 1263 quam
422 1222 505 1252 circa
515 1221 598 1251 idem
613 1226 746 1257 versata,
764 1228 796 1251 et
808 1221 875 1251 sine
889 1231 965 1252 sono
981 1222 1173 1263 strepituque
1186 1222 1272 1252 omni
1285 1222 1318 1252 in
1331 1232 1380 1257 eo,
1397 1220 1482 1263 quod
1495 1231 1528 1251 se
1544 1221 1614 1262 ipso
1625 1231 1693 1252 mo-

230 1281 329 1313 vetur,
339 1276 489 1311 revoluta,
502 1275 627 1316 quando
640 1274 681 1305 ad
694 1275 842 1305 sensibile
856 1274 976 1316 aliquid
990 1286 1023 1305 se
1038 1276 1202 1311 convertit,
1216 1276 1243 1306 si
1254 1281 1329 1306 tunc
1342 1276 1439 1306 etiam
1451 1275 1580 1306 alterius
1588 1274 1693 1306 diver-

229 1341 333 1372 saeque
345 1335 463 1360 naturae
476 1330 609 1360 circulus
620 1335 705 1359 recte
718 1339 775 1370 per
786 1339 911 1359 omnem
922 1330 1023 1370 ipsius
1036 1330 1172 1360 animam
1183 1340 1251 1360 rem
1265 1330 1366 1371 ipsam
1378 1330 1513 1365 nuntiet,
1525 1329 1691 1370 opiniones

228 1384 364 1426 fideique
380 1384 577 1414 assensiones
592 1383 695 1413 firmas
707 1393 856 1424 verasque
873 1383 1028 1423 producit.
1051 1383 1176 1425 quando
1188 1394 1291 1414 rursus
1312 1384 1395 1417 circa
1406 1383 1559 1414 rationale
1571 1393 1606 1413 se
1619 1393 1688 1414 ver-

228 1443 286 1475 sat,
308 1448 340 1469 et
353 1439 460 1480 ipsiuS,
481 1437 564 1478 quod
584 1437 670 1467 idem
690 1444 748 1473 est,
767 1437 900 1468 circulus
917 1447 950 1467 se
965 1443 1038 1478 apte
1051 1439 1215 1468 revolvens
1229 1448 1296 1468 rem
1315 1437 1491 1473 denuntiat,
1510 1437 1693 1468 intellectus

227 1493 403 1524 necessario
417 1493 610 1532 scientiaque
629 1491 795 1532 perficitur.
817 1492 884 1522 haec
901 1492 1040 1533 quisquis
1058 1492 1090 1522 in
1110 1492 1171 1522 alio
1193 1502 1284 1532 quam
1303 1492 1337 1522 in
1359 1492 1464 1522 anima
1483 1491 1551 1521 fieri
1566 1490 1691 1528 dixerit,

225 1558 244 1578 a
256 1557 328 1578 vero
340 1547 466 1588 penitus
481 1546 645 1577 aberrabit.
669 1546 750 1577 Cum
764 1546 858 1586 igitur
874 1547 931 1576 hoc
945 1556 964 1576 a
975 1556 1008 1576 se
1022 1546 1139 1576 factum
1158 1547 1418 1587 sempiternorum
1439 1545 1576 1576 Deorum
1592 1546 1688 1576 simu-

224 1602 341 1632 lacrum
354 1601 469 1631 moveri
488 1606 521 1631 et
533 1601 637 1631 vivere
651 1605 741 1641 pater
753 1600 819 1635 ille,
843 1601 896 1641 qui
910 1601 1027 1641 genuit,
1043 1600 1316 1636 animadverteret,
1331 1599 1507 1630 delectatus
1519 1606 1569 1630 est
1579 1610 1687 1640 opere,

221 1661 254 1686 et
270 1657 327 1686 hac
343 1655 454 1686 ductus
469 1654 580 1685 laetitia
595 1665 673 1695 opus
687 1664 776 1684 suum
796 1655 894 1685 multo
917 1655 1010 1685 etiam
1024 1655 1124 1695 magis
1139 1655 1239 1696 primo
1250 1655 1300 1685 illi
1315 1654 1487 1695 exemplari
1499 1654 1601 1684 simile
1613 1653 1687 1684 red-

223 1709 296 1740 dere
318 1709 475 1751 cogitavit.
497 1709 602 1750 itaque
622 1708 884 1749 quemadmodum
900 1708 981 1739 illud
998 1709 1225 1750 sempiternum
1240 1708 1356 1739 animal
1374 1713 1432 1743 est,
1446 1708 1492 1738 ita
1505 1708 1682 1738 universum

222 1765 281 1795 hoc
297 1774 352 1805 pro
375 1764 489 1794 viribus
502 1764 566 1794 tale
583 1763 687 1793 facere
701 1763 819 1793 statuit.
841 1763 926 1793 illius
939 1762 1064 1804 quidem
1087 1763 1232 1793 animalis
1250 1768 1367 1793 aeterna
1382 1767 1495 1792 natura
1512 1767 1576 1792 est:
1601 1761 1687 1803 quod

222 1818 329 1860 genito
341 1818 428 1859 operi
442 1827 609 1858 congruere
626 1817 753 1848 omnino
765 1827 828 1848 uon
841 1822 955 1858 potest.
977 1817 1090 1847 iccirco
1105 1817 1276 1857 imaginem
1291 1817 1349 1848 aevi
1367 1816 1516 1846 mobilem
1541 1815 1689 1857 effingere

220 1872 373 1903 decrevit:
399 1882 435 1902 ac
449 1871 523 1902 dum
544 1872 657 1902 coelum
677 1878 853 1906 exornaret,
872 1870 948 1901 fecit
967 1871 1150 1902 aeternitatis
1168 1871 1201 1900 in
1220 1871 1341 1901 unitate
1359 1871 1518 1900 manentis
1537 1875 1686 1900 aternam

219 1926 376 1967 quandam
391 1926 424 1956 in
443 1936 572 1956 numero
591 1926 740 1956 fluentem
758 1925 939 1966 imaginem,
953 1935 1046 1966 quam
1060 1935 1116 1955 nos
1130 1934 1253 1966 tempus
1265 1935 1422 1955 vocamuS.
1450 1923 1519 1954 dies
1540 1934 1632 1965 porro
1652 1930 1686 1954 et

219 1986 328 2011 noctes
346 1985 379 2011 et
395 1990 520 2010 menses
538 1984 570 2010 et
588 1990 696 2016 annOS,
716 1980 769 2021 qui
791 1985 863 2010 ante
880 1981 993 2010 coelum
1011 1990 1075 2010 non
1093 1985 1193 2016 erant,
1216 1984 1290 2010 tunc
1302 1984 1453 2009 nascente
1466 1977 1583 2009 mundo
1598 1978 1687 2008 nasci

215 2035 308 2078 jussit
321 2046 329 2064 :
354 2045 422 2075 quae
435 2034 540 2065 omnia
549 2034 699 2075 temporis
710 2040 815 2075 partes
828 2039 910 2064 sunt.
934 2034 1019 2075 atqui
1034 2039 1102 2064 erat
1114 2040 1146 2064 et
1159 2034 1228 2069 erit,
1245 2043 1314 2074 quae
1326 2033 1393 2063 nati
1406 2033 1555 2073 temporis
1563 2031 1688 2073 species

219 2093 302 2124 sunt,
321 2098 384 2118 non
401 2094 487 2118 recte
503 2092 626 2117 aetemae
644 2088 825 2118 substantiae
849 2088 1052 2128 assignamus·
1076 2087 1151 2129 [38]
1166 2087 1298 2118 dicimus
1313 2087 1398 2117 enim
1413 2085 1454 2117 de
1466 2086 1532 2122 ina,
1546 2092 1605 2122 est,
1619 2091 1688 2116 erat

221 2148 253 2173 et
267 2142 336 2172 erit.
358 2141 414 2172 sed
432 2142 479 2172 illi
493 2151 526 2171 re
540 2151 614 2170 vera
628 2141 726 2171 solum
741 2152 809 2171 esse
823 2142 984 2182 competit.
1006 2141 1102 2171 fuisse
1120 2151 1194 2171 vero
1208 2146 1240 2171 et
1251 2141 1316 2172 fore
1330 2140 1482 2181 deinceps
1497 2139 1538 2170 ad
1550 2149 1682 2180 genera-

218 2197 337 2228 tionem
352 2201 491 2236 tempore
510 2194 733 2236 procedentem
752 2195 866 2225 referre
885 2195 1045 2225 debemus.
1067 2200 1170 2225 motus
1189 2194 1274 2224 enim
1297 2193 1424 2235 quidam
1446 2192 1508 2224 duo
1525 2193 1583 2223 illa
1596 2198 1679 2223 sunt.

220 2256 336 2282 aeterna
350 2254 455 2279 autem
466 2248 640 2279 substantia
653 2259 722 2279 cum
738 2247 848 2278 eadem
864 2258 987 2289 semper
998 2254 1030 2278 et
1042 2248 1210 2279 immobilis
1225 2253 1414 2288 perseveret,
1425 2257 1528 2288 neque
1536 2247 1640 2278 senior
1650 2257 1684 2278 se

217 2304 286 2346 ipsa
301 2305 337 2334 fit
345 2313 483 2345 unquam
494 2312 597 2343 neque
605 2301 721 2342 junior,
733 2312 836 2344 neque
851 2302 911 2332 fuit
927 2303 1087 2337 hactenus,
1101 2311 1204 2342 neque
1218 2302 1277 2331 erit
1287 2302 1319 2332 in
1334 2307 1505 2343 posterum,
1515 2311 1619 2342 neque
1630 2311 1678 2332 re-

219 2359 299 2400 cipit
311 2368 417 2389 eorum
435 2357 611 2398 quicquam,
628 2356 739 2397 quibus
750 2367 800 2386 res
813 2366 970 2397 corporeae
984 2356 1174 2397 mobilesque
1189 2366 1226 2386 ex
1238 2356 1308 2396 ipsa
1327 2355 1538 2396 generationis
1549 2354 1684 2386 conditi-

217 2423 278 2443 one
297 2412 511 2453 subjiciuntur.
539 2420 653 2451 nempe
671 2411 738 2441 haec
760 2411 864 2440 omnia
879 2410 1029 2451 temporis
1046 2410 1199 2440 imitantis
1213 2420 1313 2440 aevum
1325 2419 1421 2450 seque
1433 2419 1563 2440 numero
1575 2410 1678 2440 revol-

216 2467 319 2499 ventis
336 2466 458 2507 species
473 2468 554 2495 sunt.
568 2475 651 2505 saepe
663 2465 755 2494 etiam
775 2464 917 2500 dicimus,
936 2463 1020 2504 quod
1041 2464 1155 2494 factum
1167 2469 1225 2499 est,
1245 2474 1313 2494 esse
1327 2464 1444 2494 factum
1459 2475 1466 2493 ε
1490 2462 1574 2505 quod
1587 2463 1632 2499 fit,
1647 2463 1680 2493 in

216 2521 415 2563 generatione
436 2529 524 2550 esse:
554 2518 638 2560 quod
656 2519 719 2554 fiet,
742 2529 810 2549 esse
833 2517 1032 2549 faciendum:
1057 2524 1089 2548 et
1110 2518 1193 2560 quod
1214 2528 1277 2548 non
1296 2524 1355 2553 est,
1377 2527 1440 2548 non
1455 2527 1537 2548 esse.
1549 2526 1677 2558 quorum

215 2576 293 2606 nihil
305 2580 389 2605 recte.
406 2579 438 2604 et
450 2577 562 2604 exacta
571 2573 690 2603 ratione
704 2572 846 2603 dicimus.
857 2572 913 2602 sed
927 2573 1112 2613 exquisitam
1125 2573 1164 2603 de
1174 2573 1213 2603 iis
1224 2571 1450 2603 discussionem
1460 2580 1600 2612 praesens
1612 2569 1677 2601 dis-

216 2630 335 2670 putatio
356 2638 419 2658 non
432 2627 571 2668 requirit.
598 2632 722 2667 tempus
733 2637 805 2658 vero
821 2637 883 2657 una
910 2637 978 2657 cum
993 2628 1071 2657 coelo
1085 2627 1200 2657 sactum
1217 2632 1275 2661 est,
1295 2633 1329 2656 ut
1342 2635 1405 2656 una
1420 2631 1488 2656 orta
1502 2635 1565 2655 una
1578 2624 1675 2655 etiam

215 2683 432 2718 dissolvantur,
445 2681 470 2711 si
486 2691 547 2722 qua
560 2679 608 2711 his
621 2681 781 2712 dissolutio
794 2691 931 2722 unquam
945 2681 1109 2722 contigerit
1122 2693 1127 2710 :
1153 2689 1185 2711 et
1196 2679 1236 2711 ad
1249 2679 1410 2720 exemplar
1421 2683 1545 2709 aeternae
1557 2685 1676 2709 naturm

214 2736 286 2767 ideo
303 2736 417 2766 factum
436 2740 496 2776 est,
514 2740 548 2764 ut
569 2734 700 2765 mundus
722 2736 771 2766 hic
790 2736 838 2766 illi
857 2736 1073 2777 praestantiori,
1096 2734 1199 2777 quoad
1219 2739 1333 2775 potest,
1349 2732 1524 2762 simillimus
1548 2733 1599 2762 sit.
1619 2732 1676 2762 ille

213 2791 294 2822 enim
304 2789 448 2824 mundus,
462 2788 553 2829 hujus
567 2790 736 2831 exemplar,
746 2799 836 2820 omne
849 2800 905 2830 per
917 2799 1017 2819 aevum
1030 2796 1092 2819 est:
1116 2789 1166 2819 hic
1180 2798 1252 2819 vero
1262 2792 1414 2829 perpetuo
1424 2796 1479 2827 per
1488 2796 1580 2816 omne
1591 2792 1672 2816 tem-

215 2855 273 2886 pus
284 2845 344 2875 fuit
355 2845 450 2884 fitque
463 2842 548 2873 solus
561 2848 593 2872 et
605 2844 674 2873 erit.
703 2846 760 2875 hac
774 2844 893 2875 ratione
910 2844 1103 2884 consilioque
1117 2842 1192 2878 Dei,
1205 2847 1328 2882 tempus
1340 2849 1444 2871 creare
1457 2839 1603 2875 volemis,
1625 2839 1674 2870 sol

211 2904 243 2929 et
255 2899 329 2930 luna
345 2898 413 2930 alite
427 2897 562 2940 quinque
582 2897 692 2935 stellae,
709 2908 778 2939 quae
787 2904 937 2930 vocantur
949 2898 1099 2933 erraticae,
1116 2898 1206 2928 factae
1219 2901 1301 2933 sunt,
1315 2905 1376 2936 quo
1388 2894 1538 2936 temporis
1563 2902 1678 2925 nume·
