<?xml version="1.0" encoding="UTF-8"?>
<!DOCTYPE html PUBLIC "-//W3C//DTD XHTML 1.0 Transitional//EN"
    "http://www.w3.org/TR/xhtml1/DTD/xhtml1-transitional.dtd">
<html xmlns="http://www.w3.org/1999/xhtml" xml:lang="en" lang="en">
 <head>
  <title>
</title>
<meta http-equiv="Content-Type" content="text/html;charset=utf-8" />
  <meta name='ocr-system' content='tesseract 3.04.00' />
  <meta name='ocr-capabilities' content='ocr_page ocr_carea ocr_par ocr_line ocrx_word'/>
</head>
<body>
  <div class='ocr_page' id='page_1' title='image "./platonisetquaeve11plat_0545.png"; bbox 0 0 1840 3225; ppageno 0'>
   <div class='ocr_carea' id='block_1_1' title="bbox 198 220 1667 273">
    <p class='ocr_par' dir='ltr' id='par_1_1' title="bbox 198 220 1667 273">
     <span class='ocr_line' id='line_1_1' title="bbox 198 220 1667 273; baseline -0.003 -13"><span class='ocrx_word' id='word_1_1' title='bbox 198 222 296 273; x_wconf 87' lang='lat'>406]</span> <span class='ocrx_word' id='word_1_2' title='bbox 814 221 1066 261; x_wconf 72' lang='lat' dir='ltr'>ERYxms,</span> <span class='ocrx_word' id='word_1_3' title='bbox 1590 220 1667 258; x_wconf 83' lang='lat'>527</span> 
     </span>
    </p>
   </div>
   <div class='ocr_carea' id='block_1_2' title="bbox 199 322 1689 2746">
    <p class='ocr_par' dir='ltr' id='par_1_2' title="bbox 199 322 1689 2746">
     <span class='ocr_line' id='line_1_2' title="bbox 199 322 1667 367; baseline -0.001 -12"><span class='ocrx_word' id='word_1_4' title='bbox 199 324 240 356; x_wconf 85' lang='lat' dir='ltr'>ad</span> <span class='ocrx_word' id='word_1_5' title='bbox 267 325 430 363; x_wconf 85' lang='lat' dir='ltr'>virtutem,</span> <span class='ocrx_word' id='word_1_6' title='bbox 460 330 515 357; x_wconf 78' lang='lat' dir='ltr'>aut</span> <span class='ocrx_word' id='word_1_7' title='bbox 540 324 603 356; x_wconf 80' lang='lat' dir='ltr'>alia</span> <span class='ocrx_word' id='word_1_8' title='bbox 633 324 776 367; x_wconf 83' lang='lat' dir='ltr'>quaedam</span> <span class='ocrx_word' id='word_1_9' title='bbox 802 325 983 366; x_wconf 81' lang='lat' dir='ltr'>hujusmodi</span> <span class='ocrx_word' id='word_1_10' title='bbox 1001 326 1011 355; x_wconf 92' lang='lat'>?</span> <span class='ocrx_word' id='word_1_11' title='bbox 1058 323 1200 355; x_wconf 81' lang='lat' dir='ltr'>Maxime</span> <span class='ocrx_word' id='word_1_12' title='bbox 1216 323 1295 355; x_wconf 86' lang='lat' dir='ltr'>mihi</span> <span class='ocrx_word' id='word_1_13' title='bbox 1310 323 1352 354; x_wconf 80' lang='lat' dir='ltr'>ita</span> <span class='ocrx_word' id='word_1_14' title='bbox 1369 323 1504 354; x_wconf 78' lang='lat' dir='ltr'>videtur.</span> <span class='ocrx_word' id='word_1_15' title='bbox 1550 322 1667 353; x_wconf 84' lang='lat' dir='ltr'>Nonne</span> 
     </span>
     <span class='ocr_line' id='line_1_3' title="bbox 200 377 1668 419; baseline -0.003 -9"><span class='ocrx_word' id='word_1_16' title='bbox 200 380 321 410; x_wconf 86' lang='lat' dir='ltr'>malum</span> <span class='ocrx_word' id='word_1_17' title='bbox 351 390 415 410; x_wconf 91' lang='lat' dir='ltr'>non</span> <span class='ocrx_word' id='word_1_18' title='bbox 441 379 537 411; x_wconf 83' lang='lat' dir='ltr'>fuerit</span> <span class='ocrx_word' id='word_1_19' title='bbox 558 379 636 410; x_wconf 78' lang='lat' dir='ltr'>utile</span> <span class='ocrx_word' id='word_1_20' title='bbox 663 379 704 410; x_wconf 81' lang='lat' dir='ltr'>ad</span> <span class='ocrx_word' id='word_1_21' title='bbox 727 379 898 410; x_wconf 81' lang='lat' dir='ltr'>virtutem?</span> <span class='ocrx_word' id='word_1_22' title='bbox 945 379 1020 410; x_wconf 75' lang='lat' dir='ltr'>Non</span> <span class='ocrx_word' id='word_1_23' title='bbox 1047 379 1207 419; x_wconf 73' lang='lat' dir='ltr'>equidem.</span> <span class='ocrx_word' id='word_1_24' title='bbox 1253 379 1330 409; x_wconf 87' lang='lat' dir='ltr'>Non</span> <span class='ocrx_word' id='word_1_25' title='bbox 1358 387 1434 418; x_wconf 86' lang='lat' dir='ltr'>ergo</span> <span class='ocrx_word' id='word_1_26' title='bbox 1455 377 1668 408; x_wconf 80' lang='lat' dir='ltr'>necessarium</span> 
     </span>
     <span class='ocr_line' id='line_1_4' title="bbox 201 429 1668 475; baseline -0.003 -11"><span class='ocrx_word' id='word_1_27' title='bbox 201 441 260 470; x_wconf 86' lang='lat' dir='ltr'>est,</span> <span class='ocrx_word' id='word_1_28' title='bbox 281 443 320 464; x_wconf 88' lang='lat' dir='ltr'>ea</span> <span class='ocrx_word' id='word_1_29' title='bbox 343 444 399 474; x_wconf 85' lang='lat' dir='ltr'>per</span> <span class='ocrx_word' id='word_1_30' title='bbox 413 444 484 475; x_wconf 82' lang='lat' dir='ltr'>quae</span> <span class='ocrx_word' id='word_1_31' title='bbox 500 434 693 474; x_wconf 76' lang='lat' dir='ltr'>acquirimus</span> <span class='ocrx_word' id='word_1_32' title='bbox 709 442 778 473; x_wconf 79' lang='lat' dir='ltr'>quae</span> <span class='ocrx_word' id='word_1_33' title='bbox 794 433 833 463; x_wconf 86' lang='lat' dir='ltr'>ad</span> <span class='ocrx_word' id='word_1_34' title='bbox 851 433 977 472; x_wconf 83' lang='lat' dir='ltr'>singula</span> <span class='ocrx_word' id='word_1_35' title='bbox 991 433 1082 463; x_wconf 85' lang='lat' dir='ltr'>utilia</span> <span class='ocrx_word' id='word_1_36' title='bbox 1097 437 1178 469; x_wconf 85' lang='lat' dir='ltr'>sunt,</span> <span class='ocrx_word' id='word_1_37' title='bbox 1194 433 1290 463; x_wconf 85' lang='lat' dir='ltr'>etiam</span> <span class='ocrx_word' id='word_1_38' title='bbox 1310 432 1380 473; x_wconf 86' lang='lat' dir='ltr'>ipsa</span> <span class='ocrx_word' id='word_1_39' title='bbox 1393 431 1432 462; x_wconf 80' lang='lat' dir='ltr'>ad</span> <span class='ocrx_word' id='word_1_40' title='bbox 1448 430 1559 461; x_wconf 84' lang='lat' dir='ltr'>eadem</span> <span class='ocrx_word' id='word_1_41' title='bbox 1575 429 1668 461; x_wconf 84' lang='lat' dir='ltr'>utilia</span> 
     </span>
     <span class='ocr_line' id='line_1_5' title="bbox 202 484 1669 528; baseline -0.003 -10"><span class='ocrx_word' id='word_1_42' title='bbox 202 498 282 518; x_wconf 75' lang='lat' dir='ltr'>esse.</span> <span class='ocrx_word' id='word_1_43' title='bbox 305 488 425 528; x_wconf 82' lang='lat' dir='ltr'>alioqui</span> <span class='ocrx_word' id='word_1_44' title='bbox 448 487 532 518; x_wconf 84' lang='lat' dir='ltr'>enim</span> <span class='ocrx_word' id='word_1_45' title='bbox 557 487 740 517; x_wconf 84' lang='lat' dir='ltr'>viderentur</span> <span class='ocrx_word' id='word_1_46' title='bbox 764 486 936 526; x_wconf 81' lang='lat' dir='ltr'>aliquando</span> <span class='ocrx_word' id='word_1_47' title='bbox 951 486 1043 517; x_wconf 86' lang='lat' dir='ltr'>malae</span> <span class='ocrx_word' id='word_1_48' title='bbox 1058 496 1110 517; x_wconf 83' lang='lat' dir='ltr'>res</span> <span class='ocrx_word' id='word_1_49' title='bbox 1125 487 1164 517; x_wconf 79' lang='lat' dir='ltr'>ad</span> <span class='ocrx_word' id='word_1_50' title='bbox 1181 486 1299 517; x_wconf 89' lang='lat' dir='ltr'>bonum</span> <span class='ocrx_word' id='word_1_51' title='bbox 1315 485 1465 526; x_wconf 77' lang='lat' dir='ltr'><strong>quiddam</strong></span> <span class='ocrx_word' id='word_1_52' title='bbox 1481 484 1574 515; x_wconf 80' lang='lat' dir='ltr'>utiles</span> <span class='ocrx_word' id='word_1_53' title='bbox 1588 494 1669 514; x_wconf 86' lang='lat' dir='ltr'>esse.</span> 
     </span>
     <span class='ocr_line' id='line_1_6' title="bbox 203 537 1668 582; baseline -0.003 -10"><span class='ocrx_word' id='word_1_54' title='bbox 203 541 301 582; x_wconf 70' lang='lat'>[405]</span> <span class='ocrx_word' id='word_1_55' title='bbox 317 541 434 571; x_wconf 89' lang='lat' dir='ltr'>Adhuc</span> <span class='ocrx_word' id='word_1_56' title='bbox 449 550 522 570; x_wconf 79' lang='lat' dir='ltr'>vero</span> <span class='ocrx_word' id='word_1_57' title='bbox 537 540 638 580; x_wconf 87' lang='lat' dir='ltr'>magis</span> <span class='ocrx_word' id='word_1_58' title='bbox 653 540 746 570; x_wconf 85' lang='lat' dir='ltr'>etiam</span> <span class='ocrx_word' id='word_1_59' title='bbox 757 538 792 569; x_wconf 88' lang='lat' dir='ltr'>in</span> <span class='ocrx_word' id='word_1_60' title='bbox 803 539 862 569; x_wconf 86' lang='lat' dir='ltr'>hoc</span> <span class='ocrx_word' id='word_1_61' title='bbox 874 539 936 569; x_wconf 85' lang='lat' dir='ltr'>ista</span> <span class='ocrx_word' id='word_1_62' title='bbox 952 539 1118 570; x_wconf 83' lang='lat' dir='ltr'>manifesta</span> <span class='ocrx_word' id='word_1_63' title='bbox 1131 539 1194 570; x_wconf 86' lang='lat' dir='ltr'>fieri</span> <span class='ocrx_word' id='word_1_64' title='bbox 1208 545 1354 580; x_wconf 89' lang='lat' dir='ltr'><strong>possunt.</strong></span> <span class='ocrx_word' id='word_1_65' title='bbox 1399 539 1432 568; x_wconf 85' lang='lat' dir='ltr'>Si</span> <span class='ocrx_word' id='word_1_66' title='bbox 1446 538 1531 568; x_wconf 86' lang='lat' dir='ltr'>enim</span> <span class='ocrx_word' id='word_1_67' title='bbox 1546 539 1612 568; x_wconf 79' lang='lat' dir='ltr'>haec</span> <span class='ocrx_word' id='word_1_68' title='bbox 1628 537 1668 567; x_wconf 85' lang='lat' dir='ltr'>ad</span> 
     </span>
     <span class='ocr_line' id='line_1_7' title="bbox 202 592 1667 635; baseline -0.003 -10"><span class='ocrx_word' id='word_1_69' title='bbox 202 594 324 635; x_wconf 83' lang='lat' dir='ltr'>singula</span> <span class='ocrx_word' id='word_1_70' title='bbox 350 599 422 624; x_wconf 84' lang='lat' dir='ltr'>sunt</span> <span class='ocrx_word' id='word_1_71' title='bbox 446 593 550 633; x_wconf 85' lang='lat' dir='ltr'>utilia,</span> <span class='ocrx_word' id='word_1_72' title='bbox 579 593 647 625; x_wconf 87' lang='lat' dir='ltr'>sine</span> <span class='ocrx_word' id='word_1_73' title='bbox 676 593 790 634; x_wconf 86' lang='lat' dir='ltr'>quibus</span> <span class='ocrx_word' id='word_1_74' title='bbox 815 592 881 623; x_wconf 79' lang='lat' dir='ltr'>fieri</span> <span class='ocrx_word' id='word_1_75' title='bbox 905 602 968 624; x_wconf 88' lang='lat' dir='ltr'>non</span> <span class='ocrx_word' id='word_1_76' title='bbox 993 599 1139 634; x_wconf 85' lang='lat' dir='ltr'>possunt,</span> <span class='ocrx_word' id='word_1_77' title='bbox 1156 593 1262 623; x_wconf 89' lang='lat' dir='ltr'>sinon</span> <span class='ocrx_word' id='word_1_78' title='bbox 1278 593 1345 624; x_wconf 82' lang='lat' dir='ltr'>haec</span> <span class='ocrx_word' id='word_1_79' title='bbox 1361 592 1448 633; x_wconf 83' lang='lat' dir='ltr'>prius</span> <span class='ocrx_word' id='word_1_80' title='bbox 1463 597 1580 627; x_wconf 77' lang='lat' dir='ltr'>extent,</span> <span class='ocrx_word' id='word_1_81' title='bbox 1596 601 1667 632; x_wconf 85' lang='lat' dir='ltr'>age,</span> 
     </span>
     <span class='ocr_line' id='line_1_8' title="bbox 202 645 1669 690; baseline -0.003 -12"><span class='ocrx_word' id='word_1_82' title='bbox 202 647 361 690; x_wconf 89' lang='lat' dir='ltr'>quomodo</span> <span class='ocrx_word' id='word_1_83' title='bbox 382 648 458 679; x_wconf 85' lang='lat' dir='ltr'>talia</span> <span class='ocrx_word' id='word_1_84' title='bbox 487 646 626 678; x_wconf 79' lang='lat' dir='ltr'>dixeris?</span> <span class='ocrx_word' id='word_1_85' title='bbox 651 658 728 678; x_wconf 90' lang='lat' dir='ltr'>num</span> <span class='ocrx_word' id='word_1_86' title='bbox 754 646 820 677; x_wconf 87' lang='lat' dir='ltr'>fieri</span> <span class='ocrx_word' id='word_1_87' title='bbox 844 652 953 688; x_wconf 86' lang='lat' dir='ltr'>potest</span> <span class='ocrx_word' id='word_1_88' title='bbox 978 652 1015 677; x_wconf 91' lang='lat' dir='ltr'>ut</span> <span class='ocrx_word' id='word_1_89' title='bbox 1035 647 1196 688; x_wconf 87' lang='lat' dir='ltr'>imperitia</span> <span class='ocrx_word' id='word_1_90' title='bbox 1211 648 1250 678; x_wconf 89' lang='lat' dir='ltr'>ad</span> <span class='ocrx_word' id='word_1_91' title='bbox 1266 646 1430 678; x_wconf 86' lang='lat' dir='ltr'>scientiam</span> <span class='ocrx_word' id='word_1_92' title='bbox 1443 646 1532 677; x_wconf 87' lang='lat' dir='ltr'>utilis</span> <span class='ocrx_word' id='word_1_93' title='bbox 1545 645 1597 681; x_wconf 90' lang='lat' dir='ltr'>sit,</span> <span class='ocrx_word' id='word_1_94' title='bbox 1614 649 1669 675; x_wconf 84' lang='lat' dir='ltr'>aut</span> 
     </span>
     <span class='ocr_line' id='line_1_9' title="bbox 201 699 1668 742; baseline -0.003 -9"><span class='ocrx_word' id='word_1_95' title='bbox 201 702 327 733; x_wconf 84' lang='lat' dir='ltr'>morbus</span> <span class='ocrx_word' id='word_1_96' title='bbox 342 701 383 733; x_wconf 86' lang='lat' dir='ltr'>ad</span> <span class='ocrx_word' id='word_1_97' title='bbox 395 702 572 737; x_wconf 84' lang='lat' dir='ltr'>sanitatem,</span> <span class='ocrx_word' id='word_1_98' title='bbox 589 706 644 732; x_wconf 88' lang='lat' dir='ltr'>aut</span> <span class='ocrx_word' id='word_1_99' title='bbox 658 701 770 732; x_wconf 82' lang='lat' dir='ltr'>vitium</span> <span class='ocrx_word' id='word_1_100' title='bbox 786 701 827 731; x_wconf 89' lang='lat' dir='ltr'>ad</span> <span class='ocrx_word' id='word_1_101' title='bbox 839 701 990 732; x_wconf 56' lang='lat' dir='ltr'>virtutem</span> <span class='ocrx_word' id='word_1_102' title='bbox 1003 701 1014 730; x_wconf 89' lang='lat'><strong>?</strong></span> <span class='ocrx_word' id='word_1_103' title='bbox 1061 701 1137 732; x_wconf 89' lang='lat' dir='ltr'>Non</span> <span class='ocrx_word' id='word_1_104' title='bbox 1152 711 1212 742; x_wconf 86' lang='lat' dir='ltr'>ego</span> <span class='ocrx_word' id='word_1_105' title='bbox 1228 702 1288 732; x_wconf 91' lang='lat' dir='ltr'>hoc</span> <span class='ocrx_word' id='word_1_106' title='bbox 1299 700 1442 731; x_wconf 79' lang='lat' dir='ltr'>dixerim.</span> <span class='ocrx_word' id='word_1_107' title='bbox 1488 699 1549 729; x_wconf 86' lang='lat' dir='ltr'>Sed</span> <span class='ocrx_word' id='word_1_108' title='bbox 1561 704 1594 729; x_wconf 87' lang='lat' dir='ltr'>et</span> <span class='ocrx_word' id='word_1_109' title='bbox 1607 699 1668 729; x_wconf 91' lang='lat' dir='ltr'>hoc</span> 
     </span>
     <span class='ocr_line' id='line_1_10' title="bbox 202 753 1668 797; baseline -0.002 -11"><span class='ocrx_word' id='word_1_110' title='bbox 202 756 390 787; x_wconf 87' lang='lat' dir='ltr'>confitemur</span> <span class='ocrx_word' id='word_1_111' title='bbox 405 755 473 786; x_wconf 89' lang='lat' dir='ltr'>fieri</span> <span class='ocrx_word' id='word_1_112' title='bbox 489 765 552 786; x_wconf 88' lang='lat' dir='ltr'>non</span> <span class='ocrx_word' id='word_1_113' title='bbox 565 765 671 797; x_wconf 75' lang='lat' dir='ltr'>posse,</span> <span class='ocrx_word' id='word_1_114' title='bbox 688 760 724 785; x_wconf 89' lang='lat' dir='ltr'>ut</span> <span class='ocrx_word' id='word_1_115' title='bbox 738 755 872 786; x_wconf 84' lang='lat' dir='ltr'>scientia</span> <span class='ocrx_word' id='word_1_116' title='bbox 886 754 1049 796; x_wconf 82' lang='lat' dir='ltr'>contingat</span> <span class='ocrx_word' id='word_1_117' title='bbox 1063 755 1170 792; x_wconf 83' lang='lat' dir='ltr'>alicui,</span> <span class='ocrx_word' id='word_1_118' title='bbox 1187 755 1238 786; x_wconf 91' lang='lat' dir='ltr'>cui</span> <span class='ocrx_word' id='word_1_119' title='bbox 1252 765 1316 786; x_wconf 89' lang='lat' dir='ltr'>non</span> <span class='ocrx_word' id='word_1_120' title='bbox 1333 754 1419 796; x_wconf 82' lang='lat' dir='ltr'>prius</span> <span class='ocrx_word' id='word_1_121' title='bbox 1432 753 1525 784; x_wconf 88' lang='lat' dir='ltr'>fuerit</span> <span class='ocrx_word' id='word_1_122' title='bbox 1538 753 1668 794; x_wconf 85' lang='lat' dir='ltr'>imperi-</span> 
     </span>
     <span class='ocr_line' id='line_1_11' title="bbox 200 807 1668 848; baseline -0.003 -7"><span class='ocrx_word' id='word_1_123' title='bbox 200 810 246 841; x_wconf 87' lang='lat' dir='ltr'>tia</span> <span class='ocrx_word' id='word_1_124' title='bbox 259 821 266 839; x_wconf 89' lang='lat'>:</span> <span class='ocrx_word' id='word_1_125' title='bbox 292 815 325 840; x_wconf 88' lang='lat' dir='ltr'>et</span> <span class='ocrx_word' id='word_1_126' title='bbox 339 810 458 840; x_wconf 73' lang='lat' dir='ltr'>sanitas</span> <span class='ocrx_word' id='word_1_127' title='bbox 473 810 523 841; x_wconf 89' lang='lat' dir='ltr'>cui</span> <span class='ocrx_word' id='word_1_128' title='bbox 537 820 600 840; x_wconf 90' lang='lat' dir='ltr'>non</span> <span class='ocrx_word' id='word_1_129' title='bbox 615 809 758 840; x_wconf 86' lang='lat' dir='ltr'>morbus:</span> <span class='ocrx_word' id='word_1_130' title='bbox 783 813 817 840; x_wconf 82' lang='lat' dir='ltr'>et</span> <span class='ocrx_word' id='word_1_131' title='bbox 829 808 930 839; x_wconf 79' lang='lat' dir='ltr'>virtus</span> <span class='ocrx_word' id='word_1_132' title='bbox 943 809 994 840; x_wconf 88' lang='lat' dir='ltr'>cui</span> <span class='ocrx_word' id='word_1_133' title='bbox 1008 819 1072 839; x_wconf 90' lang='lat' dir='ltr'>non</span> <span class='ocrx_word' id='word_1_134' title='bbox 1087 809 1200 840; x_wconf 74' lang='lat' dir='ltr'>vitium</span> <span class='ocrx_word' id='word_1_135' title='bbox 1213 810 1224 840; x_wconf 88' lang='lat'>?</span> <span class='ocrx_word' id='word_1_136' title='bbox 1248 809 1299 840; x_wconf 91' lang='lat' dir='ltr'>Ita</span> <span class='ocrx_word' id='word_1_137' title='bbox 1313 809 1389 839; x_wconf 90' lang='lat' dir='ltr'>mihi</span> <span class='ocrx_word' id='word_1_138' title='bbox 1404 808 1538 846; x_wconf 87' lang='lat' dir='ltr'>videtur,</span> <span class='ocrx_word' id='word_1_139' title='bbox 1553 807 1668 848; x_wconf 75' lang='lat' dir='ltr'>inquit.</span> 
     </span>
     <span class='ocr_line' id='line_1_12' title="bbox 202 862 1668 905; baseline -0.001 -11"><span class='ocrx_word' id='word_1_140' title='bbox 202 864 278 895; x_wconf 89' lang='lat' dir='ltr'>Non</span> <span class='ocrx_word' id='word_1_141' title='bbox 303 873 378 905; x_wconf 87' lang='lat' dir='ltr'>ergo</span> <span class='ocrx_word' id='word_1_142' title='bbox 398 863 525 894; x_wconf 80' lang='lat' dir='ltr'>videtur</span> <span class='ocrx_word' id='word_1_143' title='bbox 546 864 760 894; x_wconf 80' lang='lat' dir='ltr'>necessarium</span> <span class='ocrx_word' id='word_1_144' title='bbox 785 872 854 894; x_wconf 83' lang='lat' dir='ltr'>esse</span> <span class='ocrx_word' id='word_1_145' title='bbox 883 868 917 893; x_wconf 91' lang='lat' dir='ltr'>ut</span> <span class='ocrx_word' id='word_1_146' title='bbox 938 873 976 893; x_wconf 83' lang='lat' dir='ltr'>ea</span> <span class='ocrx_word' id='word_1_147' title='bbox 1000 863 1066 894; x_wconf 89' lang='lat' dir='ltr'>sine</span> <span class='ocrx_word' id='word_1_148' title='bbox 1088 863 1202 904; x_wconf 87' lang='lat' dir='ltr'>quibus</span> <span class='ocrx_word' id='word_1_149' title='bbox 1217 863 1283 894; x_wconf 90' lang='lat' dir='ltr'>fieri</span> <span class='ocrx_word' id='word_1_150' title='bbox 1298 863 1374 904; x_wconf 93' lang='lat' dir='ltr'>quid</span> <span class='ocrx_word' id='word_1_151' title='bbox 1389 873 1453 893; x_wconf 88' lang='lat' dir='ltr'>non</span> <span class='ocrx_word' id='word_1_152' title='bbox 1469 867 1586 904; x_wconf 81' lang='lat' dir='ltr'>potest,</span> <span class='ocrx_word' id='word_1_153' title='bbox 1600 862 1668 892; x_wconf 85' lang='lat' dir='ltr'>haec</span> 
     </span>
     <span class='ocr_line' id='line_1_13' title="bbox 202 915 1666 959; baseline -0.002 -10"><span class='ocrx_word' id='word_1_154' title='bbox 202 918 300 950; x_wconf 82' lang='lat' dir='ltr'>etiam</span> <span class='ocrx_word' id='word_1_155' title='bbox 313 918 405 949; x_wconf 85' lang='lat' dir='ltr'>utilia</span> <span class='ocrx_word' id='word_1_156' title='bbox 416 918 455 949; x_wconf 85' lang='lat' dir='ltr'>ad</span> <span class='ocrx_word' id='word_1_157' title='bbox 471 917 552 948; x_wconf 88' lang='lat' dir='ltr'>illud</span> <span class='ocrx_word' id='word_1_158' title='bbox 566 918 640 948; x_wconf 86' lang='lat' dir='ltr'>sint.</span> <span class='ocrx_word' id='word_1_159' title='bbox 662 916 783 958; x_wconf 84' lang='lat' dir='ltr'>alioqui</span> <span class='ocrx_word' id='word_1_160' title='bbox 797 916 885 948; x_wconf 89' lang='lat' dir='ltr'>enim</span> <span class='ocrx_word' id='word_1_161' title='bbox 898 916 1058 948; x_wconf 85' lang='lat' dir='ltr'>videretur</span> <span class='ocrx_word' id='word_1_162' title='bbox 1066 917 1158 948; x_wconf 88' lang='lat' dir='ltr'>nobis</span> <span class='ocrx_word' id='word_1_163' title='bbox 1171 917 1327 959; x_wconf 73' lang='lat' dir='ltr'>imperitia</span> <span class='ocrx_word' id='word_1_164' title='bbox 1340 917 1426 948; x_wconf 83' lang='lat' dir='ltr'>utilis</span> <span class='ocrx_word' id='word_1_165' title='bbox 1435 926 1503 947; x_wconf 89' lang='lat' dir='ltr'>esse</span> <span class='ocrx_word' id='word_1_166' title='bbox 1514 916 1555 947; x_wconf 90' lang='lat' dir='ltr'>ad</span> <span class='ocrx_word' id='word_1_167' title='bbox 1565 915 1666 947; x_wconf 88' lang='lat' dir='ltr'>scien-</span> 
     </span>
     <span class='ocr_line' id='line_1_14' title="bbox 202 970 1689 1012; baseline -0.002 -10"><span class='ocrx_word' id='word_1_168' title='bbox 202 973 289 1010; x_wconf 84' lang='lat' dir='ltr'>tiam,</span> <span class='ocrx_word' id='word_1_169' title='bbox 319 977 353 1004; x_wconf 89' lang='lat' dir='ltr'>et</span> <span class='ocrx_word' id='word_1_170' title='bbox 378 972 506 1003; x_wconf 83' lang='lat' dir='ltr'>morbus</span> <span class='ocrx_word' id='word_1_171' title='bbox 532 973 573 1003; x_wconf 88' lang='lat' dir='ltr'>ad</span> <span class='ocrx_word' id='word_1_172' title='bbox 597 971 777 1006; x_wconf 84' lang='lat' dir='ltr'>sanitatem,</span> <span class='ocrx_word' id='word_1_173' title='bbox 801 979 835 1002; x_wconf 91' lang='lat' dir='ltr'>et</span> <span class='ocrx_word' id='word_1_174' title='bbox 862 970 974 1001; x_wconf 88' lang='lat' dir='ltr'>vitium</span> <span class='ocrx_word' id='word_1_175' title='bbox 996 970 1039 1002; x_wconf 88' lang='lat' dir='ltr'>ad</span> <span class='ocrx_word' id='word_1_176' title='bbox 1061 970 1221 1002; x_wconf 82' lang='lat' dir='ltr'>virtutem.</span> <span class='ocrx_word' id='word_1_177' title='bbox 1265 972 1334 1003; x_wconf 72' lang='lat' dir='ltr'>Vix</span> <span class='ocrx_word' id='word_1_178' title='bbox 1353 981 1390 1002; x_wconf 86' lang='lat' dir='ltr'>ac</span> <span class='ocrx_word' id='word_1_179' title='bbox 1410 981 1451 1001; x_wconf 88' lang='lat' dir='ltr'>ne</span> <span class='ocrx_word' id='word_1_180' title='bbox 1472 971 1524 1001; x_wconf 68' lang='lat' dir='ltr'>vix</span> <span class='ocrx_word' id='word_1_181' title='bbox 1538 970 1689 1012; x_wconf 70' lang='lat' dir='ltr'>quidemr</span> 
     </span>
     <span class='ocr_line' id='line_1_15' title="bbox 202 1025 1666 1067; baseline -0.001 -11"><span class='ocrx_word' id='word_1_182' title='bbox 202 1026 299 1058; x_wconf 90' lang='lat' dir='ltr'>fidem</span> <span class='ocrx_word' id='word_1_183' title='bbox 320 1026 457 1058; x_wconf 83' lang='lat' dir='ltr'>habebat</span> <span class='ocrx_word' id='word_1_184' title='bbox 478 1027 576 1057; x_wconf 85' lang='lat' dir='ltr'>etiam</span> <span class='ocrx_word' id='word_1_185' title='bbox 599 1026 648 1056; x_wconf 84' lang='lat' dir='ltr'>his</span> <span class='ocrx_word' id='word_1_186' title='bbox 672 1025 882 1067; x_wconf 86' lang='lat' dir='ltr'>sermonibus,</span> <span class='ocrx_word' id='word_1_187' title='bbox 903 1025 987 1067; x_wconf 90' lang='lat' dir='ltr'>quod</span> <span class='ocrx_word' id='word_1_188' title='bbox 1007 1035 1072 1057; x_wconf 87' lang='lat' dir='ltr'>non</span> <span class='ocrx_word' id='word_1_189' title='bbox 1087 1025 1192 1056; x_wconf 82' lang='lat' dir='ltr'>omnia</span> <span class='ocrx_word' id='word_1_190' title='bbox 1206 1027 1273 1057; x_wconf 88' lang='lat' dir='ltr'>haec</span> <span class='ocrx_word' id='word_1_191' title='bbox 1288 1025 1380 1056; x_wconf 86' lang='lat' dir='ltr'>utilia</span> <span class='ocrx_word' id='word_1_192' title='bbox 1394 1030 1511 1056; x_wconf 86' lang='lat' dir='ltr'>essent.</span> <span class='ocrx_word' id='word_1_193' title='bbox 1559 1025 1666 1061; x_wconf 89' lang='lat' dir='ltr'>Quum</span> 
     </span>
     <span class='ocr_line' id='line_1_16' title="bbox 200 1078 1666 1122; baseline -0.002 -11"><span class='ocrx_word' id='word_1_194' title='bbox 200 1086 309 1111; x_wconf 89' lang='lat' dir='ltr'>autem</span> <span class='ocrx_word' id='word_1_195' title='bbox 331 1080 580 1112; x_wconf 79' lang='lat' dir='ltr'>considerassem</span> <span class='ocrx_word' id='word_1_196' title='bbox 606 1091 678 1121; x_wconf 87' lang='lat' dir='ltr'>eg0‚</span> <span class='ocrx_word' id='word_1_197' title='bbox 701 1080 890 1121; x_wconf 85' lang='lat' dir='ltr'>persuadere</span> <span class='ocrx_word' id='word_1_198' title='bbox 905 1080 978 1122; x_wconf 87' lang='lat' dir='ltr'>ipsi,</span> <span class='ocrx_word' id='word_1_199' title='bbox 993 1080 1098 1111; x_wconf 87' lang='lat' dir='ltr'>simile</span> <span class='ocrx_word' id='word_1_200' title='bbox 1114 1090 1183 1111; x_wconf 86' lang='lat' dir='ltr'>esse</span> <span class='ocrx_word' id='word_1_201' title='bbox 1198 1080 1289 1111; x_wconf 82' lang='lat' dir='ltr'>velut</span> <span class='ocrx_word' id='word_1_202' title='bbox 1302 1079 1388 1121; x_wconf 86' lang='lat' dir='ltr'>quod</span> <span class='ocrx_word' id='word_1_203' title='bbox 1401 1079 1515 1111; x_wconf 90' lang='lat' dir='ltr'>dicitur</span> <span class='ocrx_word' id='word_1_204' title='bbox 1529 1078 1666 1120; x_wconf 86' lang='lat' dir='ltr'>lapidem</span> 
     </span>
     <span class='ocr_line' id='line_1_17' title="bbox 202 1133 1667 1176; baseline -0.001 -11"><span class='ocrx_word' id='word_1_205' title='bbox 202 1145 339 1176; x_wconf 87' lang='lat' dir='ltr'>coquere</span> <span class='ocrx_word' id='word_1_206' title='bbox 351 1145 357 1164; x_wconf 91' lang='lat'>:</span> <span class='ocrx_word' id='word_1_207' title='bbox 382 1140 416 1165; x_wconf 82' lang='lat' dir='ltr'>at</span> <span class='ocrx_word' id='word_1_208' title='bbox 439 1136 496 1165; x_wconf 92' lang='lat' dir='ltr'>hos</span> <span class='ocrx_word' id='word_1_209' title='bbox 519 1144 688 1170; x_wconf 84' lang='lat' dir='ltr'>sermones,</span> <span class='ocrx_word' id='word_1_210' title='bbox 701 1134 844 1176; x_wconf 85' lang='lat' dir='ltr'>inquam,</span> <span class='ocrx_word' id='word_1_211' title='bbox 855 1135 962 1165; x_wconf 81' lang='lat' dir='ltr'>valere</span> <span class='ocrx_word' id='word_1_212' title='bbox 976 1135 1127 1175; x_wconf 86' lang='lat' dir='ltr'>sinemus,</span> <span class='ocrx_word' id='word_1_213' title='bbox 1143 1133 1402 1176; x_wconf 86' lang='lat' dir='ltr'>quandoquidem</span> <span class='ocrx_word' id='word_1_214' title='bbox 1414 1133 1590 1165; x_wconf 87' lang='lat' dir='ltr'>consentire</span> <span class='ocrx_word' id='word_1_215' title='bbox 1603 1143 1667 1164; x_wconf 89' lang='lat' dir='ltr'>non</span> 
     </span>
     <span class='ocr_line' id='line_1_18' title="bbox 201 1187 1667 1231; baseline -0.001 -12"><span class='ocrx_word' id='word_1_216' title='bbox 201 1199 378 1230; x_wconf 86' lang='lat' dir='ltr'>possumus,</span> <span class='ocrx_word' id='word_1_217' title='bbox 403 1194 510 1220; x_wconf 88' lang='lat' dir='ltr'>utrum</span> <span class='ocrx_word' id='word_1_218' title='bbox 531 1189 644 1220; x_wconf 86' lang='lat' dir='ltr'>eadem</span> <span class='ocrx_word' id='word_1_219' title='bbox 668 1189 760 1219; x_wconf 82' lang='lat' dir='ltr'>utilia</span> <span class='ocrx_word' id='word_1_220' title='bbox 783 1195 867 1226; x_wconf 89' lang='lat' dir='ltr'>sunt,</span> <span class='ocrx_word' id='word_1_221' title='bbox 893 1194 926 1220; x_wconf 86' lang='lat' dir='ltr'>et</span> <span class='ocrx_word' id='word_1_222' title='bbox 950 1199 1039 1231; x_wconf 87' lang='lat' dir='ltr'>opes,</span> <span class='ocrx_word' id='word_1_223' title='bbox 1066 1195 1122 1221; x_wconf 82' lang='lat' dir='ltr'>aut</span> <span class='ocrx_word' id='word_1_224' title='bbox 1147 1200 1234 1220; x_wconf 90' lang='lat' dir='ltr'>non:</span> <span class='ocrx_word' id='word_1_225' title='bbox 1266 1190 1306 1220; x_wconf 86' lang='lat' dir='ltr'>de</span> <span class='ocrx_word' id='word_1_226' title='bbox 1330 1189 1385 1219; x_wconf 88' lang='lat' dir='ltr'>illo</span> <span class='ocrx_word' id='word_1_227' title='bbox 1406 1198 1481 1219; x_wconf 89' lang='lat' dir='ltr'>vero</span> <span class='ocrx_word' id='word_1_228' title='bbox 1509 1187 1667 1230; x_wconf 90' lang='lat' dir='ltr'>quomodo</span> 
     </span>
     <span class='ocr_line' id='line_1_19' title="bbox 201 1242 1670 1285; baseline -0.001 -11"><span class='ocrx_word' id='word_1_229' title='bbox 201 1243 372 1274; x_wconf 78' lang='lat' dir='ltr'>dixerimus</span> <span class='ocrx_word' id='word_1_230' title='bbox 387 1244 398 1274; x_wconf 86' lang='lat'>?</span> <span class='ocrx_word' id='word_1_231' title='bbox 424 1249 532 1275; x_wconf 88' lang='lat' dir='ltr'>utrum</span> <span class='ocrx_word' id='word_1_232' title='bbox 546 1243 720 1275; x_wconf 83' lang='lat' dir='ltr'>feliciorem</span> <span class='ocrx_word' id='word_1_233' title='bbox 737 1248 771 1274; x_wconf 88' lang='lat' dir='ltr'>et</span> <span class='ocrx_word' id='word_1_234' title='bbox 786 1244 952 1274; x_wconf 88' lang='lat' dir='ltr'>meliorem</span> <span class='ocrx_word' id='word_1_235' title='bbox 968 1244 1182 1285; x_wconf 79' lang='lat' dir='ltr'>putaverimus</span> <span class='ocrx_word' id='word_1_236' title='bbox 1195 1254 1266 1275; x_wconf 88' lang='lat' dir='ltr'>esse</span> <span class='ocrx_word' id='word_1_237' title='bbox 1284 1243 1454 1279; x_wconf 89' lang='lat' dir='ltr'>hominem,</span> <span class='ocrx_word' id='word_1_238' title='bbox 1467 1242 1493 1273; x_wconf 90' lang='lat' dir='ltr'>si</span> <span class='ocrx_word' id='word_1_239' title='bbox 1502 1242 1670 1284; x_wconf 88' lang='lat' dir='ltr'>quamplu-</span> 
     </span>
     <span class='ocr_line' id='line_1_20' title="bbox 200 1296 1670 1339; baseline -0.001 -11"><span class='ocrx_word' id='word_1_240' title='bbox 200 1297 287 1328; x_wconf 88' lang='lat' dir='ltr'>rimis</span> <span class='ocrx_word' id='word_1_241' title='bbox 301 1298 488 1329; x_wconf 85' lang='lat' dir='ltr'>necessariis</span> <span class='ocrx_word' id='word_1_242' title='bbox 503 1308 581 1339; x_wconf 90' lang='lat' dir='ltr'>opus</span> <span class='ocrx_word' id='word_1_243' title='bbox 597 1297 742 1328; x_wconf 82' lang='lat' dir='ltr'>habuerit</span> <span class='ocrx_word' id='word_1_244' title='bbox 759 1296 800 1328; x_wconf 90' lang='lat' dir='ltr'>ad</span> <span class='ocrx_word' id='word_1_245' title='bbox 816 1308 929 1339; x_wconf 91' lang='lat' dir='ltr'>corpus</span> <span class='ocrx_word' id='word_1_246' title='bbox 944 1303 978 1329; x_wconf 89' lang='lat' dir='ltr'>et</span> <span class='ocrx_word' id='word_1_247' title='bbox 993 1298 1033 1328; x_wconf 87' lang='lat' dir='ltr'>ad</span> <span class='ocrx_word' id='word_1_248' title='bbox 1048 1298 1164 1329; x_wconf 82' lang='lat' dir='ltr'>victum</span> <span class='ocrx_word' id='word_1_249' title='bbox 1179 1298 1191 1328; x_wconf 89' lang='lat'>?</span> <span class='ocrx_word' id='word_1_250' title='bbox 1215 1303 1270 1328; x_wconf 91' lang='lat' dir='ltr'>aut</span> <span class='ocrx_word' id='word_1_251' title='bbox 1284 1298 1310 1328; x_wconf 85' lang='lat' dir='ltr'>si</span> <span class='ocrx_word' id='word_1_252' title='bbox 1327 1297 1621 1339; x_wconf 85' lang='lat' dir='ltr'>quampaucissimis</span> <span class='ocrx_word' id='word_1_253' title='bbox 1637 1301 1670 1327; x_wconf 82' lang='lat' dir='ltr'>et</span> 
     </span>
     <span class='ocr_line' id='line_1_21' title="bbox 201 1350 1668 1393; baseline -0.001 -11"><span class='ocrx_word' id='word_1_254' title='bbox 201 1352 386 1383; x_wconf 80' lang='lat' dir='ltr'>vilissimis?</span> <span class='ocrx_word' id='word_1_255' title='bbox 432 1352 583 1383; x_wconf 77' lang='lat' dir='ltr'>Fortassis</span> <span class='ocrx_word' id='word_1_256' title='bbox 609 1357 717 1383; x_wconf 84' lang='lat' dir='ltr'>autem</span> <span class='ocrx_word' id='word_1_257' title='bbox 742 1357 774 1384; x_wconf 87' lang='lat' dir='ltr'>et</span> <span class='ocrx_word' id='word_1_258' title='bbox 796 1353 856 1383; x_wconf 81' lang='lat' dir='ltr'>hoc</span> <span class='ocrx_word' id='word_1_259' title='bbox 882 1352 1015 1383; x_wconf 84' lang='lat' dir='ltr'>maxime</span> <span class='ocrx_word' id='word_1_260' title='bbox 1039 1352 1084 1383; x_wconf 87' lang='lat' dir='ltr'>sic</span> <span class='ocrx_word' id='word_1_261' title='bbox 1100 1352 1293 1384; x_wconf 84' lang='lat' dir='ltr'>considerari</span> <span class='ocrx_word' id='word_1_262' title='bbox 1307 1351 1434 1393; x_wconf 88' lang='lat' dir='ltr'>poterit,</span> <span class='ocrx_word' id='word_1_263' title='bbox 1450 1350 1668 1393; x_wconf 82' lang='lat' dir='ltr'>siquisipsum</span> 
     </span>
     <span class='ocr_line' id='line_1_22' title="bbox 202 1405 1669 1448; baseline -0.001 -11"><span class='ocrx_word' id='word_1_264' title='bbox 202 1407 243 1437; x_wconf 87' lang='lat' dir='ltr'>ad</span> <span class='ocrx_word' id='word_1_265' title='bbox 267 1406 406 1448; x_wconf 84' lang='lat' dir='ltr'>seipsum</span> <span class='ocrx_word' id='word_1_266' title='bbox 433 1406 600 1437; x_wconf 82' lang='lat' dir='ltr'>conserens</span> <span class='ocrx_word' id='word_1_267' title='bbox 624 1406 795 1442; x_wconf 88' lang='lat' dir='ltr'>hominem,</span> <span class='ocrx_word' id='word_1_268' title='bbox 820 1406 1001 1438; x_wconf 86' lang='lat' dir='ltr'>consideret</span> <span class='ocrx_word' id='word_1_269' title='bbox 1022 1412 1092 1437; x_wconf 85' lang='lat' dir='ltr'>uter</span> <span class='ocrx_word' id='word_1_270' title='bbox 1117 1407 1242 1437; x_wconf 87' lang='lat' dir='ltr'>habitus</span> <span class='ocrx_word' id='word_1_271' title='bbox 1256 1406 1370 1438; x_wconf 85' lang='lat' dir='ltr'>melior</span> <span class='ocrx_word' id='word_1_272' title='bbox 1384 1406 1434 1442; x_wconf 85' lang='lat' dir='ltr'>sit,</span> <span class='ocrx_word' id='word_1_273' title='bbox 1451 1416 1525 1436; x_wconf 86' lang='lat' dir='ltr'>num</span> <span class='ocrx_word' id='word_1_274' title='bbox 1542 1405 1669 1446; x_wconf 86' lang='lat' dir='ltr'>quando</span> 
     </span>
     <span class='ocr_line' id='line_1_23' title="bbox 203 1459 1669 1502; baseline 0.001 -12"><span class='ocrx_word' id='word_1_275' title='bbox 203 1465 347 1501; x_wconf 81' lang='lat' dir='ltr'>aegrotat,</span> <span class='ocrx_word' id='word_1_276' title='bbox 362 1465 416 1490; x_wconf 87' lang='lat' dir='ltr'>aut</span> <span class='ocrx_word' id='word_1_277' title='bbox 429 1461 556 1501; x_wconf 88' lang='lat' dir='ltr'>quando</span> <span class='ocrx_word' id='word_1_278' title='bbox 567 1470 661 1491; x_wconf 83' lang='lat' dir='ltr'>sanus</span> <span class='ocrx_word' id='word_1_279' title='bbox 677 1466 735 1491; x_wconf 79' lang='lat' dir='ltr'>est.</span> <span class='ocrx_word' id='word_1_280' title='bbox 779 1460 826 1491; x_wconf 89' lang='lat' dir='ltr'>At</span> <span class='ocrx_word' id='word_1_281' title='bbox 840 1461 899 1491; x_wconf 92' lang='lat' dir='ltr'>hoc</span> <span class='ocrx_word' id='word_1_282' title='bbox 914 1461 1055 1502; x_wconf 87' lang='lat' dir='ltr'>(inquit)</span> <span class='ocrx_word' id='word_1_283' title='bbox 1071 1471 1136 1492; x_wconf 87' lang='lat' dir='ltr'>non</span> <span class='ocrx_word' id='word_1_284' title='bbox 1151 1461 1253 1492; x_wconf 87' lang='lat' dir='ltr'>multa</span> <span class='ocrx_word' id='word_1_285' title='bbox 1266 1460 1517 1492; x_wconf 70' lang='lat' dir='ltr'>consideratione</span> <span class='ocrx_word' id='word_1_286' title='bbox 1532 1459 1669 1500; x_wconf 84' lang='lat' dir='ltr'>indiget.</span> 
     </span>
     <span class='ocr_line' id='line_1_24' title="bbox 202 1514 1669 1556; baseline -0.001 -11"><span class='ocrx_word' id='word_1_287' title='bbox 202 1514 356 1546; x_wconf 87' lang='lat' dir='ltr'>Fortassis</span> <span class='ocrx_word' id='word_1_288' title='bbox 369 1515 465 1552; x_wconf 84' lang='lat' dir='ltr'>enim,</span> <span class='ocrx_word' id='word_1_289' title='bbox 477 1514 622 1556; x_wconf 88' lang='lat' dir='ltr'>(inquam</span> <span class='ocrx_word' id='word_1_290' title='bbox 639 1515 716 1556; x_wconf 88' lang='lat' dir='ltr'>ego)</span> <span class='ocrx_word' id='word_1_291' title='bbox 728 1514 828 1547; x_wconf 87' lang='lat' dir='ltr'>cuivis</span> <span class='ocrx_word' id='word_1_292' title='bbox 839 1514 959 1545; x_wconf 88' lang='lat' dir='ltr'>homini</span> <span class='ocrx_word' id='word_1_293' title='bbox 971 1515 1065 1546; x_wconf 86' lang='lat' dir='ltr'>facile</span> <span class='ocrx_word' id='word_1_294' title='bbox 1081 1515 1210 1556; x_wconf 77' lang='lat' dir='ltr'>cognitu</span> <span class='ocrx_word' id='word_1_295' title='bbox 1221 1520 1280 1552; x_wconf 86' lang='lat' dir='ltr'>est,</span> <span class='ocrx_word' id='word_1_296' title='bbox 1297 1515 1366 1546; x_wconf 81' lang='lat' dir='ltr'>sani</span> <span class='ocrx_word' id='word_1_297' title='bbox 1380 1514 1514 1546; x_wconf 86' lang='lat' dir='ltr'>hominis</span> <span class='ocrx_word' id='word_1_298' title='bbox 1527 1514 1669 1544; x_wconf 88' lang='lat' dir='ltr'>habitum</span> 
     </span>
     <span class='ocr_line' id='line_1_25' title="bbox 201 1568 1669 1611; baseline -0.001 -12"><span class='ocrx_word' id='word_1_299' title='bbox 201 1569 367 1600; x_wconf 88' lang='lat' dir='ltr'>meliorem</span> <span class='ocrx_word' id='word_1_300' title='bbox 388 1579 457 1600; x_wconf 82' lang='lat' dir='ltr'>esse</span> <span class='ocrx_word' id='word_1_301' title='bbox 483 1579 577 1611; x_wconf 88' lang='lat' dir='ltr'>quam</span> <span class='ocrx_word' id='word_1_302' title='bbox 603 1569 723 1610; x_wconf 84' lang='lat' dir='ltr'>aegroti.</span> <span class='ocrx_word' id='word_1_303' title='bbox 768 1569 854 1606; x_wconf 85' lang='lat' dir='ltr'>Quid</span> <span class='ocrx_word' id='word_1_304' title='bbox 880 1570 979 1601; x_wconf 81' lang='lat' dir='ltr'>vero?</span> <span class='ocrx_word' id='word_1_305' title='bbox 1003 1580 1081 1600; x_wconf 91' lang='lat' dir='ltr'>num</span> <span class='ocrx_word' id='word_1_306' title='bbox 1111 1570 1254 1611; x_wconf 85' lang='lat' dir='ltr'>pluribus</span> <span class='ocrx_word' id='word_1_307' title='bbox 1278 1576 1312 1601; x_wconf 86' lang='lat' dir='ltr'>et</span> <span class='ocrx_word' id='word_1_308' title='bbox 1338 1569 1440 1610; x_wconf 81' lang='lat' dir='ltr'>magis</span> <span class='ocrx_word' id='word_1_309' title='bbox 1467 1568 1563 1599; x_wconf 79' lang='lat' dir='ltr'>variis</span> <span class='ocrx_word' id='word_1_310' title='bbox 1587 1578 1669 1609; x_wconf 86' lang='lat' dir='ltr'>opus</span> 
     </span>
     <span class='ocr_line' id='line_1_26' title="bbox 201 1622 1668 1665; baseline -0.001 -12"><span class='ocrx_word' id='word_1_311' title='bbox 201 1623 365 1663; x_wconf 83' lang='lat' dir='ltr'>habemus,</span> <span class='ocrx_word' id='word_1_312' title='bbox 385 1633 483 1664; x_wconf 90' lang='lat' dir='ltr'>quum</span> <span class='ocrx_word' id='word_1_313' title='bbox 507 1628 706 1664; x_wconf 81' lang='lat' dir='ltr'>aegrotamuS,</span> <span class='ocrx_word' id='word_1_314' title='bbox 730 1629 784 1654; x_wconf 88' lang='lat' dir='ltr'>aut</span> <span class='ocrx_word' id='word_1_315' title='bbox 808 1635 906 1664; x_wconf 91' lang='lat' dir='ltr'>quum</span> <span class='ocrx_word' id='word_1_316' title='bbox 924 1624 994 1654; x_wconf 79' lang='lat' dir='ltr'>sani</span> <span class='ocrx_word' id='word_1_317' title='bbox 1013 1624 1146 1654; x_wconf 89' lang='lat' dir='ltr'>sumus?</span> <span class='ocrx_word' id='word_1_318' title='bbox 1193 1625 1299 1661; x_wconf 83' lang='lat' dir='ltr'>Quum</span> <span class='ocrx_word' id='word_1_319' title='bbox 1318 1628 1514 1665; x_wconf 80' lang='lat' dir='ltr'>aegrotamus.</span> <span class='ocrx_word' id='word_1_320' title='bbox 1560 1622 1668 1658; x_wconf 85' lang='lat' dir='ltr'>Quum</span> 
     </span>
     <span class='ocr_line' id='line_1_27' title="bbox 201 1677 1670 1719; baseline 0 -12"><span class='ocrx_word' id='word_1_321' title='bbox 201 1687 277 1717; x_wconf 85' lang='lat' dir='ltr'>ergo</span> <span class='ocrx_word' id='word_1_322' title='bbox 300 1677 436 1718; x_wconf 86' lang='lat' dir='ltr'>pessime</span> <span class='ocrx_word' id='word_1_323' title='bbox 463 1677 571 1707; x_wconf 86' lang='lat' dir='ltr'>affecti</span> <span class='ocrx_word' id='word_1_324' title='bbox 593 1687 711 1712; x_wconf 86' lang='lat' dir='ltr'>sumus,</span> <span class='ocrx_word' id='word_1_325' title='bbox 733 1682 808 1707; x_wconf 86' lang='lat' dir='ltr'>tunc</span> <span class='ocrx_word' id='word_1_326' title='bbox 835 1678 1034 1708; x_wconf 87' lang='lat' dir='ltr'>vehementer</span> <span class='ocrx_word' id='word_1_327' title='bbox 1055 1683 1089 1708; x_wconf 88' lang='lat' dir='ltr'>et</span> <span class='ocrx_word' id='word_1_328' title='bbox 1106 1678 1244 1719; x_wconf 88' lang='lat' dir='ltr'>plurima</span> <span class='ocrx_word' id='word_1_329' title='bbox 1269 1678 1310 1708; x_wconf 85' lang='lat' dir='ltr'>ad</span> <span class='ocrx_word' id='word_1_330' title='bbox 1327 1678 1464 1719; x_wconf 89' lang='lat' dir='ltr'>corporis</span> <span class='ocrx_word' id='word_1_331' title='bbox 1488 1677 1670 1718; x_wconf 81' lang='lat' dir='ltr'>voluptates</span> 
     </span>
     <span class='ocr_line' id='line_1_28' title="bbox 203 1729 1668 1772; baseline -0.001 -11"><span class='ocrx_word' id='word_1_332' title='bbox 203 1731 379 1772; x_wconf 84' lang='lat' dir='ltr'>spectantia</span> <span class='ocrx_word' id='word_1_333' title='bbox 402 1730 546 1771; x_wconf 88' lang='lat' dir='ltr'>cupimus</span> <span class='ocrx_word' id='word_1_334' title='bbox 570 1739 607 1761; x_wconf 81' lang='lat' dir='ltr'>ac</span> <span class='ocrx_word' id='word_1_335' title='bbox 622 1729 812 1771; x_wconf 86' lang='lat' dir='ltr'>expetimus.</span> <span class='ocrx_word' id='word_1_336' title='bbox 857 1730 906 1760; x_wconf 87' lang='lat' dir='ltr'>Ita</span> <span class='ocrx_word' id='word_1_337' title='bbox 926 1736 986 1762; x_wconf 84' lang='lat' dir='ltr'>est.</span> <span class='ocrx_word' id='word_1_338' title='bbox 1032 1731 1149 1761; x_wconf 87' lang='lat' dir='ltr'>Nonne</span> <span class='ocrx_word' id='word_1_339' title='bbox 1165 1730 1341 1762; x_wconf 89' lang='lat' dir='ltr'>secundum</span> <span class='ocrx_word' id='word_1_340' title='bbox 1355 1731 1488 1761; x_wconf 82' lang='lat' dir='ltr'>eandem</span> <span class='ocrx_word' id='word_1_341' title='bbox 1503 1730 1668 1767; x_wconf 88' lang='lat' dir='ltr'>rationem,</span> 
     </span>
     <span class='ocr_line' id='line_1_29' title="bbox 200 1783 1669 1826; baseline -0.001 -11"><span class='ocrx_word' id='word_1_342' title='bbox 200 1784 465 1826; x_wconf 85' lang='lat' dir='ltr'>quemadmodum</span> <span class='ocrx_word' id='word_1_343' title='bbox 496 1783 566 1825; x_wconf 81' lang='lat' dir='ltr'>quis</span> <span class='ocrx_word' id='word_1_344' title='bbox 600 1789 676 1815; x_wconf 86' lang='lat' dir='ltr'>tunc</span> <span class='ocrx_word' id='word_1_345' title='bbox 705 1784 826 1825; x_wconf 89' lang='lat' dir='ltr'>optime</span> <span class='ocrx_word' id='word_1_346' title='bbox 854 1784 968 1814; x_wconf 85' lang='lat' dir='ltr'>habere</span> <span class='ocrx_word' id='word_1_347' title='bbox 999 1784 1125 1815; x_wconf 89' lang='lat' dir='ltr'>videtur</span> <span class='ocrx_word' id='word_1_348' title='bbox 1157 1795 1256 1826; x_wconf 89' lang='lat' dir='ltr'>quum</span> <span class='ocrx_word' id='word_1_349' title='bbox 1282 1784 1481 1825; x_wconf 82' lang='lat' dir='ltr'>paucissimis</span> <span class='ocrx_word' id='word_1_350' title='bbox 1510 1783 1669 1824; x_wconf 88' lang='lat' dir='ltr'>ejusmodi</span> 
     </span>
     <span class='ocr_line' id='line_1_30' title="bbox 201 1838 1669 1880; baseline -0.001 -11"><span class='ocrx_word' id='word_1_351' title='bbox 201 1838 388 1880; x_wconf 82' lang='lat' dir='ltr'>indiguerit:</span> <span class='ocrx_word' id='word_1_352' title='bbox 413 1838 459 1869; x_wconf 90' lang='lat' dir='ltr'>sic</span> <span class='ocrx_word' id='word_1_353' title='bbox 484 1848 587 1869; x_wconf 80' lang='lat' dir='ltr'>mrsus</span> <span class='ocrx_word' id='word_1_354' title='bbox 611 1838 718 1874; x_wconf 83' lang='lat' dir='ltr'>etiam,</span> <span class='ocrx_word' id='word_1_355' title='bbox 735 1848 830 1878; x_wconf 88' lang='lat' dir='ltr'>quum</span> <span class='ocrx_word' id='word_1_356' title='bbox 845 1838 910 1869; x_wconf 92' lang='lat' dir='ltr'>duo</span> <span class='ocrx_word' id='word_1_357' title='bbox 923 1843 1010 1874; x_wconf 86' lang='lat' dir='ltr'>sunt,</span> <span class='ocrx_word' id='word_1_358' title='bbox 1029 1838 1055 1869; x_wconf 84' lang='lat' dir='ltr'>si</span> <span class='ocrx_word' id='word_1_359' title='bbox 1070 1839 1149 1869; x_wconf 91' lang='lat' dir='ltr'>alter</span> <span class='ocrx_word' id='word_1_360' title='bbox 1163 1840 1368 1870; x_wconf 85' lang='lat' dir='ltr'>vehementer</span> <span class='ocrx_word' id='word_1_361' title='bbox 1381 1843 1414 1869; x_wconf 86' lang='lat' dir='ltr'>et</span> <span class='ocrx_word' id='word_1_362' title='bbox 1430 1838 1563 1880; x_wconf 83' lang='lat' dir='ltr'>plurima</span> <span class='ocrx_word' id='word_1_363' title='bbox 1579 1839 1669 1879; x_wconf 86' lang='lat' dir='ltr'>cupit</span> 
     </span>
     <span class='ocr_line' id='line_1_31' title="bbox 202 1891 1669 1935; baseline -0.001 -11"><span class='ocrx_word' id='word_1_364' title='bbox 202 1903 239 1924; x_wconf 87' lang='lat' dir='ltr'>ac</span> <span class='ocrx_word' id='word_1_365' title='bbox 254 1893 389 1935; x_wconf 72' lang='lat' dir='ltr'>expetit,</span> <span class='ocrx_word' id='word_1_366' title='bbox 404 1893 484 1923; x_wconf 88' lang='lat' dir='ltr'>alter</span> <span class='ocrx_word' id='word_1_367' title='bbox 498 1902 601 1933; x_wconf 88' lang='lat' dir='ltr'>pauca</span> <span class='ocrx_word' id='word_1_368' title='bbox 616 1897 649 1922; x_wconf 92' lang='lat' dir='ltr'>et</span> <span class='ocrx_word' id='word_1_369' title='bbox 665 1892 770 1933; x_wconf 85' lang='lat' dir='ltr'>quiete</span> <span class='ocrx_word' id='word_1_370' title='bbox 790 1903 797 1921; x_wconf 77' lang='lat' dir='ltr'><em>z</em></span> <span class='ocrx_word' id='word_1_371' title='bbox 822 1891 928 1933; x_wconf 86' lang='lat' dir='ltr'>qualia</span> <span class='ocrx_word' id='word_1_372' title='bbox 942 1892 1216 1935; x_wconf 81' lang='lat' dir='ltr'>sunthujusmodi,</span> <span class='ocrx_word' id='word_1_373' title='bbox 1229 1903 1300 1934; x_wconf 85' lang='lat' dir='ltr'>quae</span> <span class='ocrx_word' id='word_1_374' title='bbox 1312 1892 1411 1934; x_wconf 83' lang='lat' dir='ltr'>aliqui</span> <span class='ocrx_word' id='word_1_375' title='bbox 1423 1893 1566 1923; x_wconf 86' lang='lat' dir='ltr'>homines</span> <span class='ocrx_word' id='word_1_376' title='bbox 1578 1892 1669 1923; x_wconf 91' lang='lat' dir='ltr'>cubis</span> 
     </span>
     <span class='ocr_line' id='line_1_32' title="bbox 201 1945 1670 1988; baseline 0 -11"><span class='ocrx_word' id='word_1_377' title='bbox 201 1946 311 1977; x_wconf 87' lang='lat' dir='ltr'>ludere</span> <span class='ocrx_word' id='word_1_378' title='bbox 337 1951 501 1988; x_wconf 87' lang='lat' dir='ltr'>expetunt,</span> <span class='ocrx_word' id='word_1_379' title='bbox 522 1945 577 1976; x_wconf 91' lang='lat' dir='ltr'>alii</span> <span class='ocrx_word' id='word_1_380' title='bbox 607 1945 718 1983; x_wconf 84' lang='lat' dir='ltr'>vinosi,</span> <span class='ocrx_word' id='word_1_381' title='bbox 755 1946 808 1976; x_wconf 90' lang='lat' dir='ltr'>alii</span> <span class='ocrx_word' id='word_1_382' title='bbox 830 1946 930 1987; x_wconf 82' lang='lat' dir='ltr'>gulosi</span> <span class='ocrx_word' id='word_1_383' title='bbox 957 1953 1040 1977; x_wconf 84' lang='lat' dir='ltr'>sunt.</span> <span class='ocrx_word' id='word_1_384' title='bbox 1085 1947 1203 1978; x_wconf 86' lang='lat' dir='ltr'>Omnia</span> <span class='ocrx_word' id='word_1_385' title='bbox 1217 1948 1299 1978; x_wconf 87' lang='lat' dir='ltr'>enim</span> <span class='ocrx_word' id='word_1_386' title='bbox 1317 1948 1383 1978; x_wconf 82' lang='lat' dir='ltr'>haec</span> <span class='ocrx_word' id='word_1_387' title='bbox 1398 1947 1478 1977; x_wconf 86' lang='lat' dir='ltr'>nihil</span> <span class='ocrx_word' id='word_1_388' title='bbox 1492 1946 1579 1977; x_wconf 88' lang='lat' dir='ltr'>aliud</span> <span class='ocrx_word' id='word_1_389' title='bbox 1595 1951 1670 1977; x_wconf 85' lang='lat' dir='ltr'>sunt</span> 
     </span>
     <span class='ocr_line' id='line_1_33' title="bbox 200 1999 1669 2042; baseline 0.001 -11"><span class='ocrx_word' id='word_1_390' title='bbox 200 2011 295 2042; x_wconf 85' lang='lat' dir='ltr'>quam</span> <span class='ocrx_word' id='word_1_391' title='bbox 319 2000 522 2042; x_wconf 82' lang='lat' dir='ltr'>cupiditates.</span> <span class='ocrx_word' id='word_1_392' title='bbox 566 1999 753 2030; x_wconf 88' lang='lat' dir='ltr'>Admodum</span> <span class='ocrx_word' id='word_1_393' title='bbox 767 2000 823 2032; x_wconf 88' lang='lat' dir='ltr'>ita.</span> <span class='ocrx_word' id='word_1_394' title='bbox 871 1999 1074 2041; x_wconf 79' lang='lat' dir='ltr'>cupiditates</span> <span class='ocrx_word' id='word_1_395' title='bbox 1098 2007 1206 2033; x_wconf 88' lang='lat' dir='ltr'>autem</span> <span class='ocrx_word' id='word_1_396' title='bbox 1236 2012 1345 2032; x_wconf 90' lang='lat' dir='ltr'>omnes</span> <span class='ocrx_word' id='word_1_397' title='bbox 1373 2001 1455 2031; x_wconf 85' lang='lat' dir='ltr'>nihil</span> <span class='ocrx_word' id='word_1_398' title='bbox 1483 2001 1568 2031; x_wconf 87' lang='lat' dir='ltr'>aliud</span> <span class='ocrx_word' id='word_1_399' title='bbox 1593 2007 1669 2032; x_wconf 86' lang='lat' dir='ltr'>sunt</span> 
     </span>
     <span class='ocr_line' id='line_1_34' title="bbox 202 2054 1670 2097; baseline 0.001 -12"><span class='ocrx_word' id='word_1_400' title='bbox 202 2065 299 2096; x_wconf 89' lang='lat' dir='ltr'>quam</span> <span class='ocrx_word' id='word_1_401' title='bbox 323 2054 500 2096; x_wconf 82' lang='lat' dir='ltr'>aliquarum</span> <span class='ocrx_word' id='word_1_402' title='bbox 527 2064 631 2085; x_wconf 80' lang='lat' dir='ltr'>rerum</span> <span class='ocrx_word' id='word_1_403' title='bbox 656 2054 855 2095; x_wconf 84' lang='lat' dir='ltr'>indigentiae.</span> <span class='ocrx_word' id='word_1_404' title='bbox 901 2055 1004 2086; x_wconf 88' lang='lat' dir='ltr'>Nihil.</span> <span class='ocrx_word' id='word_1_405' title='bbox 1050 2056 1117 2093; x_wconf 79' lang='lat' dir='ltr'>Qui</span> <span class='ocrx_word' id='word_1_406' title='bbox 1138 2056 1233 2097; x_wconf 85' lang='lat' dir='ltr'>igitur</span> <span class='ocrx_word' id='word_1_407' title='bbox 1256 2055 1456 2097; x_wconf 78' lang='lat' dir='ltr'>plurimisliis</span> <span class='ocrx_word' id='word_1_408' title='bbox 1471 2055 1576 2086; x_wconf 85' lang='lat' dir='ltr'>affecti</span> <span class='ocrx_word' id='word_1_409' title='bbox 1592 2060 1670 2086; x_wconf 89' lang='lat' dir='ltr'>sunt</span> 
     </span>
     <span class='ocr_line' id='line_1_35' title="bbox 201 2108 1669 2152; baseline -0.001 -12"><span class='ocrx_word' id='word_1_410' title='bbox 201 2109 357 2146; x_wconf 81' lang='lat' dir='ltr'>homines,</span> <span class='ocrx_word' id='word_1_411' title='bbox 390 2109 425 2139; x_wconf 88' lang='lat' dir='ltr'>in</span> <span class='ocrx_word' id='word_1_412' title='bbox 452 2108 559 2150; x_wconf 83' lang='lat' dir='ltr'>pejore</span> <span class='ocrx_word' id='word_1_413' title='bbox 583 2108 693 2139; x_wconf 85' lang='lat' dir='ltr'>habitu</span> <span class='ocrx_word' id='word_1_414' title='bbox 717 2114 792 2139; x_wconf 88' lang='lat' dir='ltr'>sunt</span> <span class='ocrx_word' id='word_1_415' title='bbox 819 2119 914 2150; x_wconf 88' lang='lat' dir='ltr'>quam</span> <span class='ocrx_word' id='word_1_416' title='bbox 939 2110 991 2150; x_wconf 90' lang='lat' dir='ltr'>qui</span> <span class='ocrx_word' id='word_1_417' title='bbox 1013 2110 1112 2141; x_wconf 88' lang='lat' dir='ltr'>nullis</span> <span class='ocrx_word' id='word_1_418' title='bbox 1126 2116 1182 2141; x_wconf 89' lang='lat' dir='ltr'>aut</span> <span class='ocrx_word' id='word_1_419' title='bbox 1197 2110 1487 2152; x_wconf 82' lang='lat' dir='ltr'>quampaucissimis</span> <span class='ocrx_word' id='word_1_420' title='bbox 1502 2109 1669 2151; x_wconf 83' lang='lat' dir='ltr'>ejusmodi.</span> 
     </span>
     <span class='ocr_line' id='line_1_36' title="bbox 203 2163 1670 2206; baseline -0.001 -10"><span class='ocrx_word' id='word_1_421' title='bbox 203 2164 302 2206; x_wconf 78' lang='lat'>[406]</span> <span class='ocrx_word' id='word_1_422' title='bbox 327 2163 485 2199; x_wconf 83' lang='lat' dir='ltr'>Maxime,</span> <span class='ocrx_word' id='word_1_423' title='bbox 511 2167 544 2193; x_wconf 91' lang='lat' dir='ltr'>et</span> <span class='ocrx_word' id='word_1_424' title='bbox 565 2173 625 2204; x_wconf 88' lang='lat' dir='ltr'>ego</span> <span class='ocrx_word' id='word_1_425' title='bbox 650 2172 726 2193; x_wconf 87' lang='lat' dir='ltr'>sane</span> <span class='ocrx_word' id='word_1_426' title='bbox 754 2163 851 2193; x_wconf 81' lang='lat' dir='ltr'>etiam</span> <span class='ocrx_word' id='word_1_427' title='bbox 865 2164 1072 2195; x_wconf 80' lang='lat' dir='ltr'>vehementer</span> <span class='ocrx_word' id='word_1_428' title='bbox 1086 2165 1184 2195; x_wconf 87' lang='lat' dir='ltr'>malos</span> <span class='ocrx_word' id='word_1_429' title='bbox 1198 2166 1278 2195; x_wconf 88' lang='lat' dir='ltr'>tales</span> <span class='ocrx_word' id='word_1_430' title='bbox 1293 2175 1363 2195; x_wconf 91' lang='lat' dir='ltr'>esse</span> <span class='ocrx_word' id='word_1_431' title='bbox 1378 2170 1455 2206; x_wconf 87' lang='lat' dir='ltr'>puto</span> <span class='ocrx_word' id='word_1_432' title='bbox 1471 2176 1477 2194; x_wconf 75' lang='grc' dir='ltr'><strong><em>ε</em></strong></span> <span class='ocrx_word' id='word_1_433' title='bbox 1503 2170 1536 2195; x_wconf 90' lang='lat' dir='ltr'>et</span> <span class='ocrx_word' id='word_1_434' title='bbox 1550 2169 1670 2205; x_wconf 81' lang='lat' dir='ltr'>quanto</span> 
     </span>
     <span class='ocr_line' id='line_1_37' title="bbox 202 2217 1670 2260; baseline 0.001 -12"><span class='ocrx_word' id='word_1_435' title='bbox 202 2218 302 2259; x_wconf 78' lang='lat' dir='ltr'>magis</span> <span class='ocrx_word' id='word_1_436' title='bbox 325 2219 407 2248; x_wconf 89' lang='lat' dir='ltr'>tales</span> <span class='ocrx_word' id='word_1_437' title='bbox 429 2222 514 2254; x_wconf 84' lang='lat' dir='ltr'>sunt,</span> <span class='ocrx_word' id='word_1_438' title='bbox 527 2222 616 2247; x_wconf 86' lang='lat' dir='ltr'>tanta</span> <span class='ocrx_word' id='word_1_439' title='bbox 632 2217 728 2247; x_wconf 87' lang='lat' dir='ltr'>etiam</span> <span class='ocrx_word' id='word_1_440' title='bbox 743 2217 926 2248; x_wconf 76' lang='lat' dir='ltr'>deteriores.</span> <span class='ocrx_word' id='word_1_441' title='bbox 975 2218 1092 2250; x_wconf 88' lang='lat' dir='ltr'>Nonne</span> <span class='ocrx_word' id='word_1_442' title='bbox 1109 2218 1231 2250; x_wconf 83' lang='lat' dir='ltr'>videtur</span> <span class='ocrx_word' id='word_1_443' title='bbox 1246 2219 1349 2256; x_wconf 88' lang='lat' dir='ltr'>nobis,</span> <span class='ocrx_word' id='word_1_444' title='bbox 1366 2219 1432 2249; x_wconf 84' lang='lat' dir='ltr'>fieri</span> <span class='ocrx_word' id='word_1_445' title='bbox 1447 2229 1511 2249; x_wconf 87' lang='lat' dir='ltr'>non</span> <span class='ocrx_word' id='word_1_446' title='bbox 1527 2229 1620 2260; x_wconf 88' lang='lat' dir='ltr'>posse</span> <span class='ocrx_word' id='word_1_447' title='bbox 1634 2225 1670 2249; x_wconf 87' lang='lat' dir='ltr'>ut</span> 
     </span>
     <span class='ocr_line' id='line_1_38' title="bbox 200 2270 1668 2314; baseline 0.001 -12"><span class='ocrx_word' id='word_1_448' title='bbox 200 2273 268 2303; x_wconf 77' lang='lat' dir='ltr'>liaec</span> <span class='ocrx_word' id='word_1_449' title='bbox 294 2272 387 2303; x_wconf 89' lang='lat' dir='ltr'>utilia</span> <span class='ocrx_word' id='word_1_450' title='bbox 416 2272 480 2302; x_wconf 90' lang='lat' dir='ltr'>sint</span> <span class='ocrx_word' id='word_1_451' title='bbox 509 2271 549 2301; x_wconf 84' lang='lat' dir='ltr'>ad</span> <span class='ocrx_word' id='word_1_452' title='bbox 576 2271 648 2307; x_wconf 89' lang='lat' dir='ltr'>hoc,</span> <span class='ocrx_word' id='word_1_453' title='bbox 688 2270 714 2301; x_wconf 85' lang='lat' dir='ltr'>si</span> <span class='ocrx_word' id='word_1_454' title='bbox 753 2281 820 2301; x_wconf 92' lang='lat' dir='ltr'>non</span> <span class='ocrx_word' id='word_1_455' title='bbox 847 2272 940 2302; x_wconf 86' lang='lat' dir='ltr'>etiam</span> <span class='ocrx_word' id='word_1_456' title='bbox 970 2272 1018 2302; x_wconf 89' lang='lat' dir='ltr'>his</span> <span class='ocrx_word' id='word_1_457' title='bbox 1047 2272 1227 2314; x_wconf 86' lang='lat' dir='ltr'>indigemus</span> <span class='ocrx_word' id='word_1_458' title='bbox 1256 2273 1297 2303; x_wconf 86' lang='lat' dir='ltr'>ad</span> <span class='ocrx_word' id='word_1_459' title='bbox 1326 2274 1385 2304; x_wconf 87' lang='lat' dir='ltr'>hoc</span> <span class='ocrx_word' id='word_1_460' title='bbox 1399 2273 1410 2302; x_wconf 91' lang='lat'>?</span> <span class='ocrx_word' id='word_1_461' title='bbox 1456 2272 1507 2303; x_wconf 77' lang='lat' dir='ltr'>Ita</span> <span class='ocrx_word' id='word_1_462' title='bbox 1540 2283 1668 2305; x_wconf 74' lang='lat' dir='ltr'>censeo,</span> 
     </span>
     <span class='ocr_line' id='line_1_39' title="bbox 204 2323 1669 2368; baseline 0.001 -12"><span class='ocrx_word' id='word_1_463' title='bbox 204 2326 426 2357; x_wconf 81' lang='lat' dir='ltr'>Necessarium</span> <span class='ocrx_word' id='word_1_464' title='bbox 450 2325 547 2365; x_wconf 86' lang='lat' dir='ltr'>igitur</span> <span class='ocrx_word' id='word_1_465' title='bbox 573 2330 632 2361; x_wconf 87' lang='lat' dir='ltr'>est,</span> <span class='ocrx_word' id='word_1_466' title='bbox 657 2323 685 2356; x_wconf 88' lang='lat' dir='ltr'>si</span> <span class='ocrx_word' id='word_1_467' title='bbox 709 2325 777 2356; x_wconf 82' lang='lat' dir='ltr'>haec</span> <span class='ocrx_word' id='word_1_468' title='bbox 799 2325 890 2356; x_wconf 88' lang='lat' dir='ltr'>nobis</span> <span class='ocrx_word' id='word_1_469' title='bbox 913 2326 1005 2357; x_wconf 82' lang='lat' dir='ltr'>utilia</span> <span class='ocrx_word' id='word_1_470' title='bbox 1029 2336 1100 2357; x_wconf 88' lang='lat' dir='ltr'>esse</span> <span class='ocrx_word' id='word_1_471' title='bbox 1126 2327 1244 2358; x_wconf 81' lang='lat' dir='ltr'>debent</span> <span class='ocrx_word' id='word_1_472' title='bbox 1267 2327 1308 2358; x_wconf 90' lang='lat' dir='ltr'>ad</span> <span class='ocrx_word' id='word_1_473' title='bbox 1328 2327 1463 2368; x_wconf 84' lang='lat' dir='ltr'>corporis</span> <span class='ocrx_word' id='word_1_474' title='bbox 1476 2326 1669 2367; x_wconf 78' lang='lat' dir='ltr'>indigentias</span> 
     </span>
     <span class='ocr_line' id='line_1_40' title="bbox 200 2379 1670 2422; baseline 0.001 -12"><span class='ocrx_word' id='word_1_475' title='bbox 200 2380 364 2416; x_wconf 82' lang='lat' dir='ltr'>curandas,</span> <span class='ocrx_word' id='word_1_476' title='bbox 380 2380 474 2410; x_wconf 87' lang='lat' dir='ltr'>simul</span> <span class='ocrx_word' id='word_1_477' title='bbox 486 2379 584 2410; x_wconf 80' lang='lat' dir='ltr'>etiam</span> <span class='ocrx_word' id='word_1_478' title='bbox 599 2379 742 2420; x_wconf 83' lang='lat' dir='ltr'>indigere</span> <span class='ocrx_word' id='word_1_479' title='bbox 759 2389 814 2409; x_wconf 90' lang='lat' dir='ltr'>nos</span> <span class='ocrx_word' id='word_1_480' title='bbox 830 2380 878 2410; x_wconf 89' lang='lat' dir='ltr'>his</span> <span class='ocrx_word' id='word_1_481' title='bbox 893 2380 932 2410; x_wconf 91' lang='lat' dir='ltr'>ad</span> <span class='ocrx_word' id='word_1_482' title='bbox 947 2381 1017 2411; x_wconf 85' lang='lat' dir='ltr'>hoc.</span> <span class='ocrx_word' id='word_1_483' title='bbox 1062 2381 1147 2411; x_wconf 86' lang='lat' dir='ltr'>Mihi</span> <span class='ocrx_word' id='word_1_484' title='bbox 1162 2381 1292 2422; x_wconf 86' lang='lat' dir='ltr'>quidem</span> <span class='ocrx_word' id='word_1_485' title='bbox 1303 2382 1437 2412; x_wconf 81' lang='lat' dir='ltr'>videtur.</span> <span class='ocrx_word' id='word_1_486' title='bbox 1482 2382 1600 2413; x_wconf 87' lang='lat' dir='ltr'>Nonne</span> <span class='ocrx_word' id='word_1_487' title='bbox 1616 2383 1670 2413; x_wconf 92' lang='lat' dir='ltr'>cui</span> 
     </span>
     <span class='ocr_line' id='line_1_41' title="bbox 201 2433 1667 2477; baseline 0.001 -12"><span class='ocrx_word' id='word_1_488' title='bbox 201 2439 276 2465; x_wconf 88' lang='lat' dir='ltr'>sunt</span> <span class='ocrx_word' id='word_1_489' title='bbox 303 2434 435 2476; x_wconf 81' lang='lat' dir='ltr'>plurima</span> <span class='ocrx_word' id='word_1_490' title='bbox 461 2433 551 2463; x_wconf 78' lang='lat' dir='ltr'>utilia</span> <span class='ocrx_word' id='word_1_491' title='bbox 575 2433 614 2463; x_wconf 89' lang='lat' dir='ltr'>ad</span> <span class='ocrx_word' id='word_1_492' title='bbox 637 2433 709 2469; x_wconf 87' lang='lat' dir='ltr'>hoc,</span> <span class='ocrx_word' id='word_1_493' title='bbox 727 2433 778 2464; x_wconf 83' lang='lat' dir='ltr'>hic</span> <span class='ocrx_word' id='word_1_494' title='bbox 793 2433 889 2464; x_wconf 85' lang='lat' dir='ltr'>etiam</span> <span class='ocrx_word' id='word_1_495' title='bbox 905 2434 1045 2475; x_wconf 88' lang='lat' dir='ltr'>plurimis</span> <span class='ocrx_word' id='word_1_496' title='bbox 1060 2436 1099 2465; x_wconf 90' lang='lat' dir='ltr'>ad</span> <span class='ocrx_word' id='word_1_497' title='bbox 1117 2436 1176 2466; x_wconf 88' lang='lat' dir='ltr'>hoc</span> <span class='ocrx_word' id='word_1_498' title='bbox 1188 2436 1330 2476; x_wconf 80' lang='lat' dir='ltr'>indIgere</span> <span class='ocrx_word' id='word_1_499' title='bbox 1346 2436 1480 2472; x_wconf 80' lang='lat' dir='ltr'>videtur,</span> <span class='ocrx_word' id='word_1_500' title='bbox 1495 2436 1520 2466; x_wconf 89' lang='lat' dir='ltr'>si</span> <span class='ocrx_word' id='word_1_501' title='bbox 1537 2436 1667 2477; x_wconf 84' lang='lat' dir='ltr'>quidem</span> 
     </span>
     <span class='ocr_line' id='line_1_42' title="bbox 200 2487 1668 2532; baseline 0.002 -14"><span class='ocrx_word' id='word_1_502' title='bbox 200 2499 328 2520; x_wconf 82' lang='lat' dir='ltr'>necesse</span> <span class='ocrx_word' id='word_1_503' title='bbox 342 2494 390 2519; x_wconf 89' lang='lat' dir='ltr'>est</span> <span class='ocrx_word' id='word_1_504' title='bbox 404 2493 440 2518; x_wconf 89' lang='lat' dir='ltr'>ut</span> <span class='ocrx_word' id='word_1_505' title='bbox 454 2487 601 2519; x_wconf 85' lang='lat' dir='ltr'>omnibus</span> <span class='ocrx_word' id='word_1_506' title='bbox 615 2487 742 2518; x_wconf 84' lang='lat' dir='ltr'>utilibus</span> <span class='ocrx_word' id='word_1_507' title='bbox 754 2488 884 2529; x_wconf 88' lang='lat' dir='ltr'>insuper</span> <span class='ocrx_word' id='word_1_508' title='bbox 899 2498 978 2529; x_wconf 87' lang='lat' dir='ltr'>opus</span> <span class='ocrx_word' id='word_1_509' title='bbox 995 2490 1133 2521; x_wconf 85' lang='lat' dir='ltr'>habeat?</span> <span class='ocrx_word' id='word_1_510' title='bbox 1179 2490 1265 2521; x_wconf 86' lang='lat' dir='ltr'>Mihi</span> <span class='ocrx_word' id='word_1_511' title='bbox 1289 2491 1336 2520; x_wconf 79' lang='lat' dir='ltr'>ita</span> <span class='ocrx_word' id='word_1_512' title='bbox 1358 2500 1508 2532; x_wconf 79' lang='lat' dir='ltr'>apparere</span> <span class='ocrx_word' id='word_1_513' title='bbox 1531 2490 1668 2521; x_wconf 82' lang='lat' dir='ltr'>videtur.</span> 
     </span>
     <span class='ocr_line' id='line_1_43' title="bbox 202 2541 1666 2585; baseline 0 -11"><span class='ocrx_word' id='word_1_514' title='bbox 202 2543 426 2574; x_wconf 83' lang='lat' dir='ltr'>Necessarium</span> <span class='ocrx_word' id='word_1_515' title='bbox 446 2542 543 2582; x_wconf 85' lang='lat' dir='ltr'>igitur</span> <span class='ocrx_word' id='word_1_516' title='bbox 570 2547 712 2583; x_wconf 82' lang='lat' dir='ltr'>apparet,</span> <span class='ocrx_word' id='word_1_517' title='bbox 733 2541 824 2583; x_wconf 77' lang='lat' dir='ltr'>juxta</span> <span class='ocrx_word' id='word_1_518' title='bbox 846 2543 926 2573; x_wconf 88' lang='lat' dir='ltr'>hanc</span> <span class='ocrx_word' id='word_1_519' title='bbox 952 2543 1118 2580; x_wconf 72' lang='lat' dir='ltr'>rationem,</span> <span class='ocrx_word' id='word_1_520' title='bbox 1141 2549 1175 2574; x_wconf 82' lang='lat' dir='ltr'>ut</span> <span class='ocrx_word' id='word_1_521' title='bbox 1193 2545 1306 2585; x_wconf 86' lang='lat' dir='ltr'>quibus</span> <span class='ocrx_word' id='word_1_522' title='bbox 1321 2545 1424 2575; x_wconf 79' lang='lat' dir='ltr'>multae</span> <span class='ocrx_word' id='word_1_523' title='bbox 1439 2555 1516 2585; x_wconf 81' lang='lat' dir='ltr'>opes</span> <span class='ocrx_word' id='word_1_524' title='bbox 1533 2550 1617 2580; x_wconf 86' lang='lat' dir='ltr'>sunt,</span> <span class='ocrx_word' id='word_1_525' title='bbox 1635 2545 1666 2574; x_wconf 82' lang='lat' dir='ltr'>hi</span> 
     </span>
     <span class='ocr_line' id='line_1_44' title="bbox 200 2596 1665 2640; baseline 0.002 -14"><span class='ocrx_word' id='word_1_526' title='bbox 200 2596 296 2627; x_wconf 86' lang='lat' dir='ltr'>etiam</span> <span class='ocrx_word' id='word_1_527' title='bbox 313 2597 418 2627; x_wconf 86' lang='lat' dir='ltr'>multis</span> <span class='ocrx_word' id='word_1_528' title='bbox 432 2596 597 2637; x_wconf 78' lang='lat' dir='ltr'>indigeant</span> <span class='ocrx_word' id='word_1_529' title='bbox 608 2596 647 2626; x_wconf 83' lang='lat' dir='ltr'>ad</span> <span class='ocrx_word' id='word_1_530' title='bbox 665 2596 802 2637; x_wconf 88' lang='lat' dir='ltr'>corporis</span> <span class='ocrx_word' id='word_1_531' title='bbox 818 2606 925 2627; x_wconf 80' lang='lat' dir='ltr'>curam</span> <span class='ocrx_word' id='word_1_532' title='bbox 941 2599 1138 2629; x_wconf 84' lang='lat' dir='ltr'>necessariis.</span> <span class='ocrx_word' id='word_1_533' title='bbox 1160 2609 1231 2640; x_wconf 79' lang='lat' dir='ltr'>quae</span> <span class='ocrx_word' id='word_1_534' title='bbox 1248 2599 1331 2629; x_wconf 90' lang='lat' dir='ltr'>enim</span> <span class='ocrx_word' id='word_1_535' title='bbox 1347 2598 1388 2629; x_wconf 84' lang='lat' dir='ltr'>ad</span> <span class='ocrx_word' id='word_1_536' title='bbox 1405 2600 1462 2629; x_wconf 82' lang='lat' dir='ltr'>hoc</span> <span class='ocrx_word' id='word_1_537' title='bbox 1478 2599 1568 2629; x_wconf 87' lang='lat' dir='ltr'>utilia</span> <span class='ocrx_word' id='word_1_538' title='bbox 1579 2604 1665 2633; x_wconf 76' lang='lat' dir='ltr'>sunt,</span> 
     </span>
     <span class='ocr_line' id='line_1_45' title="bbox 203 2650 1666 2695; baseline 0.003 -15"><span class='ocrx_word' id='word_1_539' title='bbox 203 2661 281 2692; x_wconf 83' lang='lat' dir='ltr'>opes</span> <span class='ocrx_word' id='word_1_540' title='bbox 310 2660 378 2681; x_wconf 88' lang='lat' dir='ltr'>esse</span> <span class='ocrx_word' id='word_1_541' title='bbox 404 2650 604 2681; x_wconf 83' lang='lat' dir='ltr'>videbantur.</span> <span class='ocrx_word' id='word_1_542' title='bbox 651 2651 758 2687; x_wconf 80' lang='lat' dir='ltr'>Quare</span> <span class='ocrx_word' id='word_1_543' title='bbox 784 2651 962 2681; x_wconf 77' lang='lat' dir='ltr'>necessario</span> <span class='ocrx_word' id='word_1_544' title='bbox 979 2652 1072 2683; x_wconf 86' lang='lat' dir='ltr'>nobis</span> <span class='ocrx_word' id='word_1_545' title='bbox 1088 2653 1234 2685; x_wconf 73' lang='lat' dir='ltr'>videntur</span> <span class='ocrx_word' id='word_1_546' title='bbox 1246 2653 1395 2685; x_wconf 79' lang='lat' dir='ltr'>ditissimi</span> <span class='ocrx_word' id='word_1_547' title='bbox 1407 2653 1542 2695; x_wconf 76' lang='lat' dir='ltr'>pessime</span> <span class='ocrx_word' id='word_1_548' title='bbox 1559 2653 1666 2685; x_wconf 81' lang='lat' dir='ltr'>affecti</span> 
     </span>
     <span class='ocr_line' id='line_1_46' title="bbox 205 2703 1032 2746; baseline 0 -10"><span class='ocrx_word' id='word_1_549' title='bbox 205 2715 284 2742; x_wconf 81' lang='lat' dir='ltr'>esse,</span> <span class='ocrx_word' id='word_1_550' title='bbox 302 2704 326 2736; x_wconf 83' lang='lat' dir='ltr'>si</span> <span class='ocrx_word' id='word_1_551' title='bbox 342 2704 468 2746; x_wconf 88' lang='lat' dir='ltr'>quidem</span> <span class='ocrx_word' id='word_1_552' title='bbox 482 2704 576 2735; x_wconf 88' lang='lat' dir='ltr'>etiam</span> <span class='ocrx_word' id='word_1_553' title='bbox 592 2704 735 2746; x_wconf 85' lang='lat' dir='ltr'>plurimis</span> <span class='ocrx_word' id='word_1_554' title='bbox 750 2703 863 2736; x_wconf 86' lang='lat' dir='ltr'>talibus</span> <span class='ocrx_word' id='word_1_555' title='bbox 878 2705 1032 2746; x_wconf 83' lang='lat' dir='ltr'>indigent,</span> 
     </span>
    </p>
   </div>
   <div class='ocr_carea' id='block_1_3' title="bbox 1381 2771 1406 2783">
    <p class='ocr_par' dir='ltr' id='par_1_3' title="bbox 1381 2771 1406 2783">
     <span class='ocr_line' id='line_1_47' title="bbox 1381 2771 1406 2783; baseline 0 0"><span class='ocrx_word' id='word_1_556' title='bbox 1381 2771 1406 2783; x_wconf 46' lang='lat' dir='ltr'>b</span> 
     </span>
    </p>
   </div>
  </div>
 </body>
</html>
