1840 3225
122 239 217 288 538]
555 237 627 275 DE
660 234 963 273 REPUBLICA
995 236 1092 273 LIB.
1123 236 1214 274 VII.
1516 238 1589 275 193

116 341 266 372 ducemus
282 345 376 383 atque
392 341 579 376 erudiemus,
595 345 627 371 ct
641 339 698 370 Jus
713 338 817 379 ipsum
830 338 921 368 nobis
935 337 1060 369 minime
1073 339 1283 378 succensebit,
1298 343 1330 370 et
1351 338 1510 370 civitatem
1523 349 1585 370 rem

117 395 338 436 publicamque
365 395 563 426 servabimus.
587 394 635 424 sin
661 393 751 423 aliter
777 391 906 422 affectos
931 392 1072 423 homines
1095 393 1134 423 ad
1166 393 1223 423 ista
1249 394 1410 430 ducemus,
1435 395 1589 425 contraria

114 447 265 480 faciemus
281 450 396 486 omnia,
412 455 444 480 et
459 447 688 489 philosophiam
705 445 801 476 multo
818 446 910 476 etiam
930 446 1026 486 magis
1043 446 1311 478 dedecorabimus.
1347 448 1460 479 GLAU.
1477 448 1583 488 Turpe

117 502 245 542 quidem
267 487 406 534 idsesset.
452 502 508 533 So.
533 501 649 532 Mirum
674 500 706 530 in
724 500 861 530 modum.
885 505 1022 530 ceterum
1040 501 1182 530 nonnihil
1202 501 1275 530 mihi
1295 501 1325 531 in
1342 502 1504 542 praesentia
1520 502 1581 532 risu

120 557 248 598 dignum
265 557 432 598 contigisse
458 556 588 586 videtur.
634 554 748 585 GLAU.
774 554 859 590 Quid
883 554 987 584 istud?
1033 554 1088 585 So.
1114 554 1220 589 Latuit
1245 565 1294 585 me
1320 556 1474 592 nimirum,
1499 557 1585 596 quod

113 612 319 654 jocabamur:
345 621 439 652 quare
455 610 554 640 acrius
569 610 618 650 egi
647 619 739 649 quam
767 609 904 639 deceret.
929 608 1048 649 quippe
1073 609 1152 639 inter
1177 608 1367 649 loquendum
1390 609 1429 638 ad
1448 609 1585 650 philoso-

118 665 223 706 phiam
239 665 337 706 ipsam
360 675 526 696 conversus
542 674 609 694 eam
626 664 780 694 dedecore
804 653 947 693 affectam
972 662 1092 702 aspexi.
1116 662 1200 703 quod
1217 667 1249 693 et
1263 662 1395 702 graviter
1424 673 1586 704 perpessus

117 717 213 749 fuisse
236 718 352 754 videor,
369 723 401 748 et
422 717 480 754 his,
496 717 598 758 quiin
615 716 709 757 culpa
733 721 817 752 sunt,
842 721 989 757 tanquam
1013 716 1193 757 indignatus
1216 716 1352 747 severius
1377 717 1442 747 haec
1459 717 1586 747 dixisse.

118 771 232 803 GLAU.
256 771 331 802 Non
356 781 411 812 per
435 770 559 805 Jovem,
586 774 620 800 ut
647 769 721 800 mihi
749 768 891 799 audienti
920 770 1052 801 videtur.
1098 770 1154 800 So.
1179 770 1263 801 Mihi
1290 775 1394 801 tamen
1409 771 1526 802 dicenti
1542 772 1587 803 sic

119 829 259 866 apparet.
305 824 376 856 Hoc
392 829 494 855 autem
510 834 550 854 ne
566 833 623 854 nos
640 823 752 864 fugiat,
768 823 852 865 quod
870 822 903 853 in
920 823 1014 863 priori
1030 823 1184 854 electione
1199 834 1287 854 senes
1303 824 1464 866 elegimus,
1479 826 1512 856 in
1528 826 1587 856 hac

117 889 190 910 vero
207 888 402 920 nequaquam
420 878 537 909 licebit.
583 877 696 918 Neque
712 877 823 908 soloni
840 878 1030 908 credendum
1047 883 1094 907 est
1102 878 1259 908 hominem
1271 884 1483 910 senescentem
1495 890 1586 920 posse

116 931 147 962 in
164 932 230 964 dies
245 933 377 974 plurima
392 933 532 963 discere:
557 932 612 974 qui
628 932 729 962 minus
747 932 778 961 id
797 937 900 972 potest
923 942 1015 972 quam
1033 942 1164 962 currere.
1184 931 1356 972 juvenibus
1371 933 1453 963 enim
1470 944 1588 965 conve·

116 986 208 1016 niunt
234 986 323 1016 multi
350 986 536 1027 maximique
562 986 693 1017 labores.
741 985 856 1016 GLAu.
881 985 1020 1016 Necesse
1045 992 1102 1016 est.
1148 985 1204 1018 So.
1229 986 1288 1017 Illa
1315 987 1419 1028 igitur,
1444 998 1513 1028 quae
1545 987 1586 1017 ad

117 1039 354 1071 Arithmeticam
372 1046 403 1070 et
419 1040 631 1070 Geometriam
658 1050 845 1080 ‹nnnemque
860 1039 1069 1070 eruditionem
1086 1050 1153 1070 eam
1172 1041 1339 1081 pertinent,
1353 1051 1423 1082 quae
1445 1040 1588 1071 dialecti-

116 1104 186 1125 cam
203 1094 387 1125 antecedere
403 1094 508 1129 debet,
526 1094 630 1135 pueris
647 1093 797 1123 tradenda
814 1098 885 1122 sunt
903 1104 910 1122 :
937 1097 1030 1133 atque
1057 1093 1084 1123 is
1099 1094 1235 1124 docendi
1259 1095 1369 1124 modus
1384 1095 1587 1136 accipiendus

116 1153 174 1184 est,
197 1158 260 1189 quo
289 1148 416 1178 minime
443 1149 544 1179 coacti
572 1149 610 1178 ad
640 1148 823 1178 discendum
851 1157 917 1177 esse
933 1147 1108 1177 videantur.
1156 1147 1271 1179 GLAU.
1296 1148 1360 1178 Cur
1375 1149 1483 1179 istud?
1529 1150 1586 1183 So,

119 1201 277 1238 Quoniam
295 1213 358 1232 non
374 1203 465 1232 decet
489 1202 616 1232 liberum
642 1201 798 1231 hominem
825 1211 894 1231 cum
913 1201 1064 1231 servitute
1091 1201 1287 1242 disciplinam
1305 1203 1439 1243 aliquam
1457 1202 1587 1233 discere.

117 1255 235 1296 quippe
251 1255 391 1296 ingentes
409 1254 528 1286 labores
543 1255 679 1294 corporis
695 1255 724 1284 vi
741 1254 878 1294 suscepti
905 1253 1002 1284 nihilo
1027 1255 1162 1284 deterius
1186 1266 1298 1296 corpus
1314 1256 1474 1286 efficiunt:
1501 1256 1587 1286 nulla

114 1320 184 1340 vero
200 1310 311 1340 animae
339 1310 474 1340 violenta
491 1315 537 1340 est
553 1309 671 1340 stabilis
686 1309 868 1350 disciplina.
914 1308 1029 1339 GLAU.
1056 1309 1132 1340 Vera
1153 1310 1298 1350 loqueris.
1343 1311 1398 1341 So.
1422 1310 1504 1351 Ergo
1521 1321 1585 1341 non

113 1368 260 1404 tanquam
289 1369 414 1394 coactos
441 1375 551 1404 pueros
576 1364 607 1393 in
633 1363 818 1404 disciplinis,
845 1362 943 1404 [537]
970 1374 988 1393 o
1016 1363 1059 1392 vir
1087 1363 1218 1404 optime,
1247 1365 1301 1394 sed
1329 1365 1417 1405 quasi
1442 1364 1586 1394 ludentes

113 1417 270 1448 enutrias:
297 1422 378 1448 utet
394 1417 502 1458 magis,
519 1418 558 1448 ad
574 1418 658 1459 quod
676 1417 809 1458 quisque
826 1422 932 1447 natura
952 1417 993 1447 sit
1009 1422 1114 1458 aptus,
1133 1417 1232 1458 possis
1251 1429 1429 1459 agnoscere.
1467 1417 1588 1452 Gmu.

115 1471 369 1502 Consentaneum
385 1477 442 1507 est,
455 1472 539 1512 quod
556 1471 647 1503 dicis.
695 1472 753 1502 So.
781 1471 829 1501 An
847 1482 909 1501 non
924 1471 1092 1501 recordaris
1109 1481 1126 1500 a
1143 1472 1232 1501 nobis
1249 1472 1279 1501 in
1294 1472 1504 1513 superioribus
1520 1472 1588 1502 dic-

115 1530 192 1563 tum,
209 1536 321 1566 pueros
336 1536 403 1556 esse
419 1526 507 1566 equis
531 1526 694 1566 spectandi
721 1527 819 1565 gratia
836 1526 870 1555 in
899 1531 998 1555 castra
1017 1525 1178 1555 ducendos
1194 1538 1200 1555 ε
1224 1531 1267 1561 et.
1292 1525 1315 1555 si
1335 1530 1402 1555 tuto
1418 1526 1449 1556 id
1476 1526 1590 1557 tentari

116 1579 224 1620 possit,
241 1579 384 1620 proprius
406 1580 632 1620 admovendos,
656 1585 690 1610 ut
712 1580 886 1611 catulorum
909 1580 1007 1610 instar
1031 1580 1215 1620 sanguinem
1233 1579 1386 1621 incipiant
1400 1580 1588 1620 degustare?

118 1632 234 1664 GLAu.
258 1633 420 1665 Recordor
450 1634 606 1675 equidem.
654 1634 710 1664 So.
745 1634 936 1674 Quicunque
973 1644 1045 1664 vero
1075 1635 1114 1665 ad
1146 1635 1201 1664 hos
1232 1634 1364 1668 labores,
1395 1634 1590 1674 disciplinas,

119 1687 270 1728 pericula,
287 1688 491 1729 promptiores
516 1688 709 1729 acrioresque
735 1693 897 1729 apparent,
927 1688 957 1717 in
984 1698 1144 1719 numerum
1169 1688 1303 1729 aliquem
1329 1688 1481 1729 seligendi
1504 1693 1589 1719 sunt.

118 1739 233 1773 GLAU.
258 1741 330 1778 Qua
352 1741 384 1772 in
415 1742 531 1772 aetate?
576 1742 632 1773 SO.
657 1742 796 1778 Quando
825 1752 844 1771 a
876 1742 1057 1772 necessariis
1087 1743 1220 1783 negotiis
1249 1741 1588 1783 exercitationibusque

115 1794 208 1824 soluti
224 1800 308 1826 sunt.
331 1795 362 1824 in
378 1796 437 1826 hoe
454 1796 606 1836 siquidem
625 1800 776 1836 tempore,
794 1795 859 1826 sive
875 1796 1035 1826 biennium
1052 1796 1091 1827 sit
1109 1807 1162 1826 seu
1190 1795 1368 1831 triennium,
1384 1795 1485 1826 facere
1502 1796 1586 1826 aliud

114 1854 286 1889 nequeunt.
311 1849 397 1879 labor
412 1849 492 1879 enim
509 1859 545 1880 ac
570 1860 695 1880 somnus
711 1849 887 1891 disciplinis
904 1850 1024 1880 adversi
1049 1855 1134 1880 sunt.
1159 1855 1191 1880 et
1212 1850 1301 1880 simul
1318 1850 1383 1879 haee
1399 1849 1586 1879 examinatio

115 1902 240 1932 aliarum
257 1913 320 1933 non
338 1903 464 1934 minima
478 1914 544 1934 esse
563 1904 695 1938 videtur,
713 1904 813 1944 qualis
830 1904 978 1934 videlieet
1005 1904 1140 1944 quisque
1158 1904 1189 1933 in
1207 1903 1378 1945 gymnasiis
1396 1903 1470 1944 ipsis
1488 1914 1586 1945 appa—

115 1956 205 1989 rebit.
250 1957 364 1988 GLAu.
387 1958 530 1994 Quidni?
576 1958 634 1988 So.
658 1957 738 1987 Post
753 1958 782 1987 id
802 1962 924 1998 tempus
942 1958 1121 1998 quicunque
1138 1969 1174 1988 ex
1192 1957 1301 1998 viginti
1319 1954 1407 1986 annis
1426 1962 1459 1987 ut
1475 1957 1586 1988 ceteris

118 2011 345 2051 praestantiores
371 2012 462 2042 electi
490 2011 604 2042 suerint
629 2010 796 2051 majoribus
822 2021 914 2052 quam
939 2012 1034 2042 ceteri
1058 2011 1231 2042 afficiantur
1254 2011 1442 2041 honoribus:
1469 2017 1501 2041 et
1517 2021 1587 2052 quae

118 2055 293 2104 disciplinae
309 2065 375 2095 istis
393 2066 424 2095 in
441 2066 575 2106 pueritia
590 2065 718 2106 sparsim
735 2071 866 2095 ostensae
883 2072 965 2100 sunt,
985 2076 1044 2095 una
1056 2066 1101 2095 his
1113 2065 1223 2096 iterum
1240 2065 1423 2105 offerantur,
1436 2065 1473 2094 ad
1488 2064 1587 2104 ipsam

116 2118 351 2159 disciplinarum
378 2120 457 2150 inter
473 2130 505 2150 se
533 2119 751 2161 cognationem
772 2125 804 2150 et
824 2120 932 2160 ipsiuS,
947 2121 1031 2160 quod
1058 2124 1127 2151 vere
1149 2126 1206 2155 est,
1222 2124 1361 2149 naturam
1387 2118 1589 2159 conspicien-

115 2172 198 2203 dam.
245 2171 359 2203 Graiu.
382 2174 456 2204 Sola
480 2175 545 2204 haec
571 2174 710 2215 cognitio
733 2174 974 2215 quibuscunque
1000 2174 1142 2210 traditur,
1160 2173 1278 2204 stabilis
1306 2178 1476 2214 permanet.
1527 2173 1586 2203 So.

117 2225 216 2268 Atqui
232 2232 264 2257 et
279 2228 336 2258 hac
351 2228 544 2269 experientia
569 2228 768 2269 cognoscitur
785 2229 928 2267 maxime,
945 2229 997 2269 qui
1025 2229 1064 2259 ad
1088 2228 1285 2259 dialecticam
1303 2227 1421 2267 optime
1441 2237 1457 2256 a
1474 2231 1585 2256 natura

115 2284 161 2309 est
176 2279 350 2321 institutus,
364 2281 417 2322 qui
434 2292 509 2313 non.
533 2292 644 2323 nempe
661 2283 803 2323 quisquis
818 2283 857 2312 ad
873 2283 932 2313 hoc
949 2283 1197 2323 dignoscendum
1214 2287 1260 2312 est
1273 2281 1449 2322 perspicax,
1467 2280 1585 2311 dialec-

116 2332 196 2363 ticus
211 2339 279 2365 est:
305 2336 447 2375 quivero
474 2337 579 2372 hebes,
603 2347 812 2377 nequaquam.
860 2336 973 2367 GLAu.
997 2337 1106 2367 Teneo
1130 2337 1288 2377 equidem.
1334 2335 1388 2365 So.
1412 2334 1472 2364 His
1492 2334 1586 2375 igitur

115 2387 335 2418 animadversis
350 2389 507 2428 oportebit
521 2400 587 2431 eos,
602 2390 654 2431 qui
670 2390 813 2432 apprime
837 2391 914 2422 tales
929 2390 961 2421 in
978 2391 1053 2432 ipsis
1069 2391 1273 2432 reperientur,
1291 2389 1417 2419 stabiles
1434 2388 1467 2418 in
1485 2387 1583 2418 disci-

117 2441 222 2482 plinis,
237 2447 413 2472 constantes
428 2443 460 2472 in
477 2443 572 2483 bello,
588 2444 620 2473 in
648 2444 717 2474 aliis
734 2445 878 2485 legitimis
894 2445 1002 2476 officiis
1020 2450 1262 2485 perseverantes,
1280 2448 1444 2484 post-luam
1462 2441 1580 2481 trigesi-

121 2505 202 2524 mum
221 2494 364 2536 legerint,
379 2506 416 2526 ex
433 2495 540 2526 electis
556 2496 735 2538 praeelectos
752 2498 781 2528 in
801 2498 969 2539 majoribus
986 2499 1154 2528 honoribus
1169 2498 1371 2536 constituere,
1387 2500 1418 2525 et
1436 2495 1504 2535 ipsa
1520 2494 1588 2524 dis-

119 2549 239 2579 serendi
255 2548 403 2580 facultate
430 2549 597 2590 diligenter
618 2551 805 2588 examinare,
829 2553 897 2593 quis
912 2563 1016 2582 eorum
1035 2552 1132 2592 possit
1148 2552 1215 2581 sine
1232 2550 1391 2581 oculorum
1409 2554 1440 2579 et
1456 2548 1585 2578 aliorum

123 2611 266 2632 sensuum
284 2602 453 2633 ministerio
469 2604 508 2633 ad
526 2604 639 2645 ipsum,
656 2605 739 2645 quod
756 2616 824 2636 vere
841 2606 970 2641 exsistit,
987 2617 1056 2635 (um
1081 2606 1209 2635 veritate
1227 2603 1457 2634 transcendere.
1475 2602 1506 2631 in
1522 2612 1586 2642 quo

122 2655 266 2694 maxima,
291 2666 309 2686 ο
325 2657 436 2693 amice,
454 2667 533 2698 opus
557 2664 604 2688 est
628 2659 783 2689 cautione.
831 2658 943 2690 GLAU.
968 2660 1127 2690 Curnam?
1174 2659 1229 2688 So.
1256 2656 1328 2687 Non
1354 2656 1589 2701 animadvertis,

121 2714 270 2747 quantum
287 2720 370 2740 nunc
387 2710 499 2740 malum
524 2711 608 2742 circa
630 2702 802 2742 'disserendi
832 2713 972 2754 peritiam
998 2712 1172 2743 inolescat?
1219 2711 1336 2742 GLAU.
1360 2709 1462 2746 Quale
1479 2710 1560 2739 istud
1578 2709 1588 2739 ?

120 2761 176 2794 So.
200 2762 371 2803 Iniquitate
389 2775 511 2804 prorsus
535 2765 708 2796 abundant.
749 2766 867 2809 fimo.
892 2767 1107 2806 Summopere.
1152 2765 1208 2795 So.
1234 2764 1350 2794 Mirum
1367 2763 1486 2804 aliquid
1516 2773 1587 2803 per-

120 2815 185 2854 peti
201 2815 282 2856 ipsos
306 2817 474 2858 existimas,
501 2829 558 2848 nec
585 2817 746 2859 ignoscis?
793 2819 908 2850 GLAU.
931 2822 1004 2857 Qua
1029 2820 1148 2849 ratione
1174 2817 1334 2848 maxime?
1382 2818 1437 2847 So.
1462 2816 1494 2846 Si
1523 2816 1592 2856 quis

122 2869 301 2909 suppositus
326 2881 400 2912 puer
417 2872 521 2902 multis
537 2873 570 2902 in
587 2872 708 2903 deliciis
724 2874 876 2903 nutriatur
890 2885 907 2904 a
923 2874 1020 2903 nobili
1037 2873 1166 2907 familia,
1192 2871 1289 2913 [538]
1315 2871 1395 2901 inter
1410 2870 1591 2900 adulatores

122 2922 362 2962 complurimos:
388 2925 512 2956 adultus
540 2932 642 2957 autem
672 2928 851 2968 persentiat,
878 2929 962 2969 quod
995 2938 1030 2957 cx
1061 2927 1117 2962 ci«,
1138 2938 1216 2968 «pios
1239 2930 1390 2968 ⁴parentes
1421 2924 1590 2957 existimat·

219 2978 302 3007 l'lul.
334 2979 387 3009 Tr.
894 2982 938 3012 ll.
1444 2980 1462 3007 2
1482 2977 1509 3006 Γ»
