1840 3225
146 257 249 307 581]
546 256 619 294 DE
651 254 961 294 REPUBLICA
993 256 1093 295 LIB.
1127 256 1198 295 IX.
1511 259 1589 295 215

148 361 265 393 GLAu.
289 360 330 392 Et
348 360 478 392 maxime
502 360 641 401 quidem.
669 357 765 399 [680]
790 358 846 390 So,
873 358 989 388 Praeter
1004 359 1071 389 haec
1088 359 1151 388 viro
1168 358 1240 390 huic
1257 358 1309 389 illa
1323 359 1415 390 etiam
1433 359 1613 390 tribuemus.

151 425 222 456 quae
247 422 340 446 antea
355 413 605 449 memoravimus,
622 413 707 454 quod
725 423 851 443 necesse
876 418 933 448 cst,
950 423 1019 442 eum
1036 418 1067 443 et
1084 423 1149 443 esse
1169 413 1249 453 prius
1265 418 1296 443 et
1311 412 1375 443 fieri
1394 418 1500 453 postea
1515 412 1612 443 multo

151 469 261 510 magis,
285 479 356 500 eum
380 467 581 510 tyrannidem
608 471 656 497 est
678 466 823 507 adeptus,
846 466 999 501 invidum,
1023 465 1184 507 injustum,
1209 472 1364 507 expertem
1382 466 1613 501 benivolentiae,

153 523 296 565 impium,
312 523 476 564 omnisque
505 520 651 563 nequitiae
668 520 820 551 sentinam
846 531 882 552 ac
896 520 1035 551 fomitem
1052 531 1060 550 z
1087 531 1123 551 ex
1139 521 1249 562 hisque
1264 521 1385 551 cunctis
1401 531 1467 551 esse
1485 521 1616 551 miserri-

147 587 246 613 mum,
261 582 355 618 atque
372 575 449 607 alios
463 575 570 611 etiam,
585 575 640 616 qui
656 574 816 604 adhaerent
833 574 903 615 ipsi,
921 573 1036 604 similes
1046 574 1186 605 reddere.
1233 574 1308 605 GLA
1316 585 1347 605 υ.
1370 574 1485 605 Nullus
1501 575 1614 606 mentis

148 641 278 673 compos
294 631 341 662 his
356 628 587 662 contradixerit.
626 628 681 661 So.
707 627 791 670 Age,
807 628 1076 670 quemadmodum
1084 628 1182 669 judex
1195 628 1300 658 onmia
1309 628 1562 669 circumspiciens
1572 629 1614 659 de

147 684 279 726 singulis
290 683 426 725 judicat,
452 682 494 713 ita
510 687 542 712 tu
560 682 592 712 in
618 682 783 723 praesentia
807 681 957 722 proferas,
981 681 1035 722 qui
1059 687 1113 711 tuo
1132 681 1256 722 judicio
1275 682 1390 722 primus
1406 683 1614 718 beatitudine,

146 738 204 780 qui
218 738 396 770 secundus:
419 742 602 778 ceterosque
626 736 793 777 gradatim,
811 736 867 777 qui
885 736 914 766 in
943 746 1071 766 numero
1087 736 1226 777 quinque
1241 743 1327 772 sunt,
1343 747 1460 772 enarra,
1485 737 1614 777 regium,

147 790 312 822 honorifici
324 790 448 832 imperii
463 789 649 825 studiosum,
667 799 834 830 paucorum
853 790 1001 830 potentiae
1018 790 1180 830 cupidum,
1191 790 1385 830 popularem,
1397 795 1490 831 atque
1507 796 1614 832 tyran·

148 846 269 877 uicum.
302 844 419 876 GLAu.
445 842 490 874 At
507 843 767 884 facilejrrdicium
781 843 876 874 istud.
900 854 971 873 nam
988 844 1251 884 quemadmodum
1268 854 1334 874 sum
1351 844 1518 885 ingressus,
1529 844 1618 884 istos,

147 899 240 941 quasi
254 899 378 935 choros,
395 897 506 928 virtute
532 902 565 927 et
582 896 745 938 pravitate,
769 896 962 927 beatitudine
987 902 1018 927 et
1041 896 1113 927 huic
1136 897 1290 928 contrario
1314 898 1394 928 inter
1415 908 1447 928 se
1470 907 1617 939 comparo

149 959 245 994 atque
267 951 389 993 judico.
435 951 492 983 So.
517 951 603 981 Num
629 961 804 992 praeconem
827 951 1064 982 conducemus?
1089 961 1127 981 an
1151 962 1210 991 ego
1237 952 1302 983 lraec
1319 952 1422 993 potius
1437 952 1614 982 nuntiabo?

148 1006 307 1038 Aristonis
322 1005 419 1036 filium
433 1004 594 1046 judicasse
609 1004 706 1034 virum
725 1003 877 1044 optimum
893 1008 924 1035 et
936 1003 1140 1044 justissimum
1157 1015 1223 1035 esse
1242 1005 1463 1042 beatissimum,
1478 1016 1613 1047 eumque

148 1071 216 1092 esse
230 1059 345 1091 dixisse
370 1059 527 1090 homiuem
544 1058 676 1089 maxime
699 1058 836 1089 omnium
853 1058 983 1099 regium,
1000 1068 1096 1099 seque
1113 1059 1212 1100 ipsum
1239 1064 1396 1100 regentem
1411 1072 1417 1089 :
1444 1059 1612 1100 pessimum

149 1125 221 1146 vero
236 1119 269 1145 et
283 1113 510 1156 iniquissimum
526 1123 592 1144 esse
609 1112 810 1142 miserrimum
828 1112 984 1152 talemque
999 1123 1069 1142 eum
1086 1123 1165 1157 esse,
1181 1113 1233 1154 qui
1251 1114 1382 1144 maxime
1395 1119 1545 1156 tyrannus
1561 1115 1614 1155 sit,

150 1178 246 1210 seque
260 1167 362 1209 ipsum
381 1173 413 1198 et
435 1166 595 1198 civitatem
618 1165 786 1209 tyrannide
811 1166 952 1207 premat?
1001 1166 1117 1199 Gmu.
1142 1167 1191 1198 Ita
1214 1167 1254 1197 sit
1270 1168 1509 1209 promulgatum.
1555 1168 1611 1201 So.

149 1221 305 1264 Nunquid
331 1220 490 1262 adjiciam,
507 1221 571 1252 sive
588 1221 707 1251 lateant
727 1220 772 1252 sic
789 1220 893 1252 affecti
911 1221 1065 1258 homines,
1081 1221 1145 1252 sive
1161 1233 1225 1252 non
1241 1222 1359 1253 lateant
1375 1224 1516 1254 homines
1533 1223 1614 1264 pari-

147 1281 194 1307 ter
206 1281 301 1317 atque
315 1275 427 1306 Deos?
473 1274 590 1306 Gau.
614 1274 743 1315 Adjice.
789 1275 844 1305 So.
868 1274 946 1305 Esto
962 1275 1068 1316 igitur.
1091 1275 1206 1306 etenim
1224 1286 1286 1306 una
1309 1277 1376 1308 haec
1392 1277 1615 1308 demonstratio

146 1329 207 1360 sit:
232 1330 400 1361 secundam
426 1339 510 1364 vero,
538 1329 563 1359 si
590 1329 725 1364 videtur,
752 1329 833 1360 hanc
857 1329 1006 1360 convenit
1032 1329 1157 1360 intueri.
1204 1330 1321 1363 Gnu.
1346 1331 1500 1368 Quaenam
1530 1331 1611 1361 ista?

147 1383 203 1415 So.
227 1383 399 1426 Postquam
414 1383 505 1414 sicuti
530 1382 640 1413 civitas
663 1388 723 1413 tres
750 1383 784 1413 in
808 1383 929 1423 species
944 1383 1043 1413 divisa
1059 1389 1118 1423 est,
1136 1383 1178 1414 ita
1194 1390 1225 1414 et
1240 1384 1392 1425 cujusque
1409 1385 1512 1415 anima
1527 1385 1615 1415 trifa-

150 1437 226 1469 riam
249 1437 419 1474 dividetur,
447 1442 483 1468 ut
507 1436 655 1468 arbitror:
681 1442 776 1478 atque
801 1437 875 1468 hinc
897 1437 1121 1468 demonstratio
1144 1438 1283 1469 secunda
1298 1444 1452 1470 nascetur.
1499 1438 1616 1470 GLAU.

148 1492 326 1530 Quaenam?
371 1491 424 1523 So.
448 1491 524 1522 Ista.
570 1491 651 1522 Cum
676 1496 736 1522 tres
759 1491 872 1522 animae
897 1497 1000 1532 partes
1023 1492 1096 1528 sint,
1122 1497 1182 1522 tres
1207 1503 1332 1534 quoque
1346 1493 1523 1534 voluptates
1549 1504 1617 1524 esse

149 1545 305 1581 videntur,
322 1556 379 1576 sua
401 1544 555 1586 cujusque
580 1545 675 1586 partis
702 1544 836 1586 propria.
859 1545 1050 1587 cupiditates
1074 1555 1200 1587 quoque
1217 1546 1346 1578 totidem
1363 1552 1394 1578 et
1412 1548 1616 1589 principatus.

152 1599 268 1631 Gnau.
290 1599 363 1636 Quo
388 1600 505 1641 pacto?
551 1599 607 1630 S0.
632 1599 757 1630 Partem
781 1610 872 1631 unam
897 1600 1040 1635 dicimus,
1058 1610 1120 1641 qua
1143 1601 1236 1630 homo
1252 1601 1367 1632 discit:
1392 1601 1531 1638 alteram,
1555 1612 1619 1643 qua

149 1653 290 1685 irascitur
303 1665 310 1684 ε
328 1654 450 1685 tertiam
461 1664 532 1684 vero
546 1658 672 1695 propter
687 1653 865 1685 varietatem
877 1664 938 1684 uno
954 1664 1019 1684 non
1038 1655 1195 1695 potuimus
1211 1655 1336 1695 proprio
1351 1655 1447 1696 ipsius
1463 1656 1616 1686 vocabulo

150 1707 322 1743 nominare,
336 1708 390 1738 sed
407 1718 443 1738 ex
459 1718 509 1744 eo,
525 1708 609 1749 quod
627 1708 657 1738 in
675 1718 707 1738 se
724 1707 866 1738 continet
882 1708 1047 1738 maximum
1062 1708 1438 1750 vehementissimumque,
1449 1709 1617 1751 concupis-

148 1761 242 1793 cibile
258 1761 496 1802 appellavimus,
513 1766 641 1803 propter
665 1762 892 1793 vehementiam
916 1772 1021 1792 earum
1045 1762 1267 1802 cupiditatum,
1292 1773 1363 1803 quae
1389 1763 1429 1793 ad
1455 1763 1564 1804 epulas
1587 1767 1619 1794 et

152 1815 265 1855 pocula
280 1821 312 1846 et
328 1825 460 1846 venerea
474 1816 611 1857 rapiunt,
628 1820 660 1846 et
675 1826 712 1847 ea
734 1826 805 1857 quae
820 1816 878 1846 ista
901 1822 1072 1857 sequuntur
1086 1828 1092 1846 :
1119 1826 1176 1847 nec
1193 1826 1254 1846 non
1271 1826 1396 1846 avarum
1412 1817 1616 1857 cognomina-

151 1869 262 1905 vimus,
287 1868 437 1910 quoniam
461 1880 500 1900 ex
530 1869 674 1910 pecuniis
715 1869 812 1911 [581]
854 1869 985 1899 maxime
1010 1868 1191 1910 hujusmodi
1220 1869 1410 1911 cupiditates
1439 1870 1615 1911 explentur.

151 1922 267 1955 GLAU.
292 1922 404 1954 Recte.
428 1923 484 1954 So.
503 1923 547 1954 Ac
564 1923 588 1953 si
605 1923 799 1964 voluptatem
816 1923 885 1964 ejus
900 1928 931 1953 et
946 1923 1093 1953 affectum
1111 1923 1186 1954 lucri
1202 1933 1268 1954 esse
1281 1924 1459 1959 dixerimus,
1474 1924 1506 1953 in
1522 1935 1613 1955 unam

152 1977 283 2007 maxime
298 1986 447 2007 summam
464 1977 649 2008 reducemus
674 1976 858 2012 orationem,
876 1981 909 2006 ut
925 1976 1042 2017 aliquid
1062 1976 1151 2007 nobis
1168 1982 1286 2007 certum
1304 1978 1364 2018 ipsi
1380 1977 1588 2019 significemus
1605 1991 1612 2008 ε

151 2030 296 2071 quotiens
311 2030 340 2060 id
355 2030 456 2071 ipsum
472 2035 589 2070 partem
607 2031 687 2061 hanc
713 2030 824 2060 animae
848 2031 991 2061 dicimus.
1016 2037 1110 2071 atque
1126 2030 1150 2061 si
1167 2037 1266 2061 totum
1284 2032 1343 2062 hoc
1357 2032 1556 2073 pecuniarum
1581 2039 1613 2062 et

151 2083 226 2115 lucri
237 2084 386 2124 cupidum
403 2083 612 2118 nominemus,
624 2089 706 2114 recte
723 2085 891 2116 admodum
906 2084 1146 2126 appellabimus·
1192 2084 1308 2117 GLAu.
1332 2085 1414 2116 Mihi
1429 2087 1554 2127 quidem
1568 2086 1614 2117 ita

151 2137 283 2168 videtur.
316 2137 374 2168 So.
398 2137 485 2174 Quid
502 2138 598 2168 vero?
615 2136 767 2169 irascendi
784 2143 892 2169 natura
908 2149 1013 2169 nonne
1029 2139 1068 2169 ad
1085 2140 1271 2180 potentiam,
1287 2140 1457 2176 victoriam,
1475 2142 1615 2183 gloriam,

150 2191 268 2222 trahere
288 2196 386 2222 totam
409 2191 594 2222 asserimus?
642 2191 758 2224 GLAu.
781 2192 990 2234 Magnopere.
1036 2193 1094 2224 So.
1119 2193 1151 2224 Si
1175 2193 1270 2234 igitur
1291 2204 1359 2224 earn
1386 2196 1614 2226 contentiosam

152 2244 407 2285 ambitiosamque
431 2244 673 2287 appellabimus,
697 2247 840 2288 nunquid
855 2247 963 2278 recte?
1010 2247 1126 2278 GLAu.
1150 2246 1349 2279 Rectissime.
1396 2249 1451 2281 So.
1476 2249 1520 2280 At
1543 2260 1614 2281 vero

152 2303 269 2339 partem
294 2298 392 2334 illam,
417 2309 480 2340 qua.
505 2298 667 2336 discimus,
693 2305 817 2331 constat
839 2300 953 2341 cuique
977 2311 1100 2331 omnem
1123 2301 1162 2331 ad
1190 2302 1349 2333 veritatem
1366 2302 1614 2343 investigandam

152 2362 272 2392 semper
287 2352 399 2389 anniti,
414 2352 679 2395 pecuniarumque
695 2359 726 2384 et
741 2354 847 2395 glorias
863 2355 1020 2385 minimam
1037 2365 1140 2386 curam
1157 2356 1281 2386 habere.
1326 2355 1439 2387 GLAU.
1465 2357 1616 2388 Omnino.

154 2405 210 2436 So.
233 2405 266 2436 Si
283 2405 405 2436 tertium
433 2407 493 2437 hoc
508 2407 649 2438 discendi
663 2408 815 2448 cupidum
841 2413 874 2439 et
898 2408 1120 2449 philosophum
1146 2409 1390 2449 nominabimus,
1418 2411 1500 2440 haud
1528 2412 1566 2441 ab
1584 2422 1615 2442 re

155 2458 214 2489 erit
227 2468 339 2488 nomen
357 2458 546 2500 impositum.
579 2459 694 2492 GLAu.
719 2461 787 2497 Est,
803 2467 838 2492 ut
852 2462 908 2493 ais.
945 2462 1001 2493 So.
1025 2461 1141 2493 Nonne
1157 2463 1289 2493 dicimus
1304 2464 1334 2493 in
1351 2464 1462 2494 animis
1477 2475 1611 2506 quorun·

152 2512 224 2543 dam
240 2523 332 2543 unam
349 2512 467 2542 illarum
486 2513 615 2553 partium
632 2514 797 2552 dominari,
813 2515 844 2545 in
857 2516 926 2546 aliis
941 2516 1044 2552 aliam,
1057 2526 1276 2556 quamcunque
1286 2518 1476 2558 contigerit?
1501 2518 1619 2551 Gnau.

155 2564 311 2596 Dicimus.
357 2566 413 2596 So.
438 2565 606 2607 Propterea
621 2567 755 2599 dicimus
770 2570 827 2599 tria
850 2569 1011 2599 homiuum
1040 2569 1136 2609 prima
1152 2580 1265 2610 genera
1288 2581 1366 2607 esse,
1386 2572 1619 2614 philosophum,

156 2619 399 2656 contentiosum,
429 2630 564 2650 avarum.
610 2620 726 2652 Grau.
748 2623 888 2654 Prorsus.
934 2624 990 2654 So.
1014 2623 1222 2664 Voluptatum
1253 2634 1378 2665 quoque
1407 2627 1527 2666 species
1559 2634 1618 2660 tres

155 2671 240 2704 hisce
252 2672 421 2713 subjectas,
436 2672 552 2715 cuique
565 2684 663 2704 suarn-
693 2674 808 2707 Gmu.
826 2676 978 2708 Omnino.
1011 2677 1067 2707 So.
1083 2676 1115 2706 Si
1129 2687 1381 2718 unumquemque
1393 2679 1520 2710 istorum
1533 2691 1616 2711 seor-

157 2735 222 2754 sum
239 2726 420 2768 interroges,
435 2737 506 2768 qum
523 2727 585 2758 vita
599 2728 726 2759 istarum
738 2730 930 2767 dulcissima,
943 2741 1029 2761 suam
1045 2731 1177 2771 quisque
1189 2732 1299 2762 ceteris
1311 2738 1493 2774 anteponet.
1507 2744 1615 2766 avarus

156 2778 281 2819 quidem
299 2780 375 2811 lucri
392 2781 490 2822 ipsius
515 2783 750 2823 comparatione
766 2784 917 2815 honorum
944 2786 991 2816 vel
1008 2785 1241 2826 disciplinarum
1257 2787 1486 2819 oblectamenta
1501 2790 1617 2821 nullius

156 2831 354 2870 existimabit,
376 2834 437 2866 nisi
452 2836 528 2877 quid
546 2836 649 2867 forsan
672 2837 712 2866 ad
729 2843 888 2878 argentum
912 2838 1085 2870 conferant.
1133 2838 1249 2870 GLAU.
1272 2840 1355 2871 Vera
1371 2842 1518 2883 loqueris.
1562 2845 1617 2875 So.

159 2884 353 2917 Ambitiosus
375 2894 477 2919 autern
503 2895 639 2930 quaestus
666 2890 910 2922 delectationem
936 2892 1095 2922 molestam
1120 2898 1229 2933 putat:
1256 2904 1419 2935 rursusque
1443 2906 1522 2930 eam,
1547 2907 1616 2937 quae

158 2938 308 2970 discendo
325 2941 504 2983 percipitur,
527 2944 585 2975 nisi
610 2944 751 2976 doctrina
775 2945 897 2976 inanem
914 2951 943 2976 et
969 2946 1161 2977 umbratilem
1180 2947 1337 2977 homiuum
1357 2948 1455 2988 pariat
1477 2949 1615 2989 gloriam.
