1840 3225
221 232 272 269 22
812 222 1080 263 PLATONIS
1611 228 1678 278 [51

224 336 314 369 Pno.
337 335 453 367 Multa.
497 334 553 365 So.
578 332 628 364 Ob
645 340 737 374 quam
751 339 824 360 vero
837 329 1029 371 potissimum
1041 339 1165 361 causam
1178 329 1304 362 mixtum
1317 331 1348 362 in
1361 331 1521 364 comoediis
1533 333 1680 365 affectum

223 391 395 422 declarasse
411 400 459 420 me
474 387 532 419 tibi
555 385 734 418 existimas?
757 394 862 415 nonne
877 384 951 414 fidei
967 384 1064 425 gratia
1078 385 1090 415 ?
1112 385 1185 426 quia
1198 385 1267 426 ipsa
1284 385 1314 416 in
1330 386 1485 417 amoribus
1507 387 1683 418 timoribus-

225 455 289 486 que
305 449 337 475 et
351 443 420 474 aliis
442 442 548 473 mixtio
563 441 684 472 facilius
703 438 828 470 ostendi
855 443 970 480 potest.
1015 438 1118 475 Quam
1142 444 1174 470 tu
1190 450 1226 470 ex
1242 445 1273 471 te
1290 441 1356 481 ipso
1372 440 1539 472 dinoscens
1555 445 1587 471 et
1608 451 1679 482 quae

225 499 311 530 dicta
326 503 410 533 sunt,
434 506 571 534 servans,
594 505 643 525 me
658 493 800 525 dimitte:
826 503 884 523 nec
900 502 949 523 me
963 503 1070 533 cogas,
1096 493 1135 524 ad
1158 493 1212 524 illa
1227 494 1404 535 singulatim
1427 495 1536 525 ordine
1550 494 1682 526 descen·

223 553 364 591 dentem,
378 551 410 581 in
426 550 553 591 longum
569 547 812 590 disputationem
835 547 1017 587 producere,
1041 557 1145 578 verum
1161 547 1341 588 simpliciter
1356 548 1387 578 id
1405 549 1551 590 accipito,
1566 555 1598 580 et
1613 549 1679 580 ani-

221 616 303 636 mam
319 605 435 646 absque
449 613 590 644 corpore,
605 607 638 633 et
651 602 768 642 absque
782 601 886 631 anima
911 611 1036 642 corpus,
1051 606 1083 632 et
1109 606 1249 632 mutuum
1272 602 1365 633 etiam
1381 607 1580 644 utrorumque
1603 613 1680 634 con-

222 669 358 701 gressum
373 659 407 688 in
422 656 566 688 omnibus
583 654 866 697 perturbationibus
882 654 1049 695 voluptatIs
1072 661 1104 686 et
1119 656 1234 686 doloris
1247 656 1360 687 habere
1375 667 1570 688 concursum.
1615 645 1680 688 Dii:

219 724 307 754 ergo,
331 722 405 743 num
430 722 479 742 me
501 710 650 746 dimittas,
674 715 729 740 aut
753 709 794 739 ad
819 708 946 739 multam
972 714 1097 740 noctem
1113 709 1265 741 detineas.
1287 720 1355 741 reor
1369 711 1464 750 enim,
1479 716 1521 750 te,
1536 710 1559 741 si
1576 720 1679 752 pauca

219 767 363 809 quaedam
387 766 505 802 dixero,
529 775 579 795 me
603 763 811 794 dimissurum.
835 772 906 792 nam
933 763 1042 793 horum
1067 763 1206 794 omnium
1232 763 1399 795 crastinum
1424 765 1479 795 tibi
1503 774 1677 795 sermonem

217 820 382 862 polliceor.
426 819 465 850 In
483 818 647 860 praesentia
668 827 740 848 vero
757 817 796 847 ad
809 816 976 857 judicium,
993 817 1076 858 quod
1097 817 1246 848 Philebus
1263 818 1408 854 instituit,
1423 828 1550 859 pergere
1572 818 1681 859 cupio.

216 875 306 906 Pno.
331 873 483 905 Praeclare
499 871 614 913 inquis,
631 882 649 902 o
665 871 826 901 Socrates:
850 874 881 899 et
896 869 1009 900 iccirco
1033 880 1102 911 quae
1118 875 1247 910 restant,
1271 876 1429 912 utcunque
1445 871 1501 901 tibi
1518 871 1680 913 placuerit,

216 934 370 959 enarrato.
416 928 473 958 So.
497 925 676 957 Secundum
692 929 832 955 naturam
848 923 975 963 quidem
993 929 1064 964 post
1085 923 1196 954 mixtas
1211 925 1387 966 voluptates
1402 925 1587 957 necessitate
1601 936 1679 968 qna·

216 982 288 1012 darn
301 982 340 1012 ad
352 991 444 1023 puras
457 978 688 1021 quodammodo
700 976 912 1008 deveniemus.
935 975 1010 1018 [51]
1035 976 1123 1009 Pno.
1147 977 1249 1009 Recte
1265 978 1406 1011 nimium.
1451 979 1508 1010 So.
1531 979 1678 1011 Conabor

216 1035 363 1077 equidem
381 1033 585 1076 permutando
602 1032 692 1062 nobis
708 1041 760 1062 eas
775 1030 959 1071 significare.
1006 1030 1208 1068 Dicentibus‚
1223 1032 1400 1072 voluptates
1415 1043 1522 1064 omnes
1535 1033 1678 1064 dolorum

217 1089 396 1120 sedationes
412 1099 491 1124 esse,
507 1087 590 1117 haud
607 1095 730 1126 prorsus
746 1083 908 1114 assentior.
932 1088 1079 1120 ceterum,
1096 1090 1131 1115 ut
1147 1085 1222 1126 dixi,
1246 1085 1282 1116 iis
1297 1085 1385 1126 quasi
1400 1086 1530 1117 testibus
1545 1091 1615 1117 utor
1638 1087 1679 1118 ad

218 1142 460 1182 ostendendum,
487 1141 652 1182 plerasque
669 1137 778 1175 videri,
802 1147 872 1168 cum
901 1147 964 1167 non
981 1137 1056 1178 sint,
1078 1138 1275 1180 voluptates:
1299 1149 1359 1171 nec
1373 1150 1436 1170 non
1453 1140 1599 1171 adversus
1613 1150 1678 1179 eas,

216 1206 288 1237 quae
304 1206 373 1226 cum
386 1195 528 1235 ingentes
544 1192 712 1233 multaeque
729 1196 911 1232 appareant,
935 1190 1038 1221 mixtae
1055 1196 1158 1222 tamen
1175 1192 1305 1223 tristitiae
1321 1198 1406 1230 sunt,
1420 1199 1452 1225 et
1466 1194 1499 1224 in
1513 1195 1676 1226 sedatione

216 1250 351 1290 quadarn
376 1248 549 1290 ingentium
577 1246 718 1277 dolorum
743 1245 825 1276 eirca
849 1245 984 1285 corporis
1006 1245 1180 1286 animaeque
1201 1246 1358 1278 defectum
1374 1253 1543 1279 versantur.
1587 1248 1676 1280 Pno-

217 1304 307 1341 Quas
322 1302 460 1343 denique
486 1301 665 1342 voluptates
689 1310 786 1336 veras,
809 1299 996 1338 oSocrateS‚
1015 1299 1121 1330 merito
1144 1310 1269 1331 censere
1290 1301 1361 1342 quis
1376 1301 1493 1333 debet?
1537 1302 1590 1334 So.
1613 1301 1675 1334 Eas

216 1357 337 1398 utique,
354 1367 424 1398 quae
450 1356 531 1387 circa
546 1356 675 1386 decoros
697 1353 816 1385 colores
839 1351 934 1394 a'tque
957 1353 1080 1394 figuras,
1097 1359 1128 1384 et
1143 1354 1253 1385 odores
1276 1354 1440 1397 plerosque
1455 1360 1487 1387 et
1500 1356 1678 1388 harmonias

215 1410 413 1442 consistunt:
438 1414 472 1440 et
486 1418 682 1450 quaecunque
704 1407 894 1448 indigentias
921 1408 1037 1438 habent
1052 1408 1193 1439 sensibus
1216 1408 1354 1439 occultas
1370 1419 1406 1440 ac
1429 1409 1495 1441 sine
1510 1409 1653 1441 molestia
1668 1423 1676 1442 :

215 1464 406 1506 repletiones
421 1474 492 1494 vero
509 1468 652 1504 patentes
666 1467 698 1493 et
714 1472 821 1492 suaves
837 1466 869 1492 et
884 1460 1004 1493 tristitia
1015 1472 1128 1493 vacuas
1143 1462 1302 1494 exhibent.
1348 1463 1434 1496 Pno.
1458 1463 1529 1500 Qua
1545 1463 1679 1503 ratione,

215 1529 234 1549 o
258 1518 412 1555 Socrates,
428 1518 488 1548 ista
509 1517 554 1548 sic
576 1517 732 1548 dicimus?
777 1516 831 1546 So.
855 1516 948 1547 Certe
970 1526 1041 1557 quae
1057 1516 1166 1556 loquor
1181 1517 1263 1546 haud
1279 1517 1382 1547 statim
1399 1517 1563 1559 perspicua
1577 1525 1650 1549 sunt
1667 1531 1674 1549 :

213 1576 426 1602 verumtamen
453 1570 608 1611 explicare
625 1570 816 1602 conandum.
859 1569 1040 1611 Figuratum
1057 1569 1140 1600 enim
1157 1569 1433 1611 pulchritudinem,
1452 1581 1516 1601 non
1534 1576 1567 1602 ut
1583 1571 1677 1613 pleri-

213 1636 275 1666 que
291 1625 418 1656 forsitan
435 1624 656 1665 intelligerent,
672 1628 785 1664 utputa
800 1623 979 1654 animalium
1004 1624 1052 1654 vel
1071 1624 1258 1664 picturarum
1282 1625 1486 1665 quarundam,
1501 1626 1573 1657 dico
1588 1637 1596 1656 ε
1621 1627 1678 1657 sed

215 1684 333 1710 rectum
349 1679 498 1720 quiddam
514 1683 546 1709 et
562 1678 710 1709 circulare
726 1689 734 1707 τ
759 1682 791 1708 et
807 1678 845 1708 ab
861 1677 898 1708 iis
913 1688 962 1714 ea,
974 1688 1045 1719 quae
1062 1677 1156 1708 tornis
1167 1677 1257 1717 fiunt,
1271 1678 1365 1719 plana
1375 1678 1423 1709 vel
1435 1678 1547 1716 solida,
1562 1685 1595 1710 et
1605 1690 1676 1721 quae

213 1733 397 1770 canonibus,
415 1733 445 1763 id
461 1738 519 1768 est,
536 1731 648 1773 regulis
665 1737 758 1772 atque
775 1731 897 1772 angulis
910 1735 1130 1762 construuntur
1142 1741 1152 1770 ;
1166 1731 1192 1761 si
1209 1731 1301 1761 modo
1312 1731 1379 1762 haec
1393 1737 1490 1763 tenes.
1501 1732 1566 1763 Ista
1579 1733 1677 1775 siqui-

215 1787 288 1818 dem
305 1792 500 1829 nequa'quam
517 1787 554 1817 ad
573 1786 691 1827 aliquid
708 1785 794 1816 aliud
810 1785 1019 1826 respicientia,
1041 1785 1304 1826 quemadmodum
1320 1790 1433 1823 cetera,
1450 1786 1579 1828 pulchra
1594 1788 1680 1830 dico,

214 1841 270 1872 sed
286 1841 414 1882 pulchra
431 1851 551 1880 semper
567 1845 677 1882 suapte
694 1845 814 1876 natura,
831 1839 1007 1881 voluptates
1024 1839 1165 1880 proprias
1176 1839 1262 1869 nullo
1280 1840 1373 1870 modo
1387 1845 1525 1870 motuum
1538 1841 1676 1872 delecta-

213 1894 351 1926 tionibus
367 1894 588 1926 convenientes
611 1893 771 1924 habentia.
795 1893 913 1924 colores
938 1893 1011 1924 item
1034 1893 1144 1924 eadem
1160 1893 1279 1924 ratione
1296 1893 1441 1934 pulchros
1457 1900 1551 1935 atque
1574 1900 1677 1936 gratos

210 1958 288 1981 esse.
335 1949 396 1980 Sed
414 1949 555 1989 nunquid
580 1948 796 1989 intelligimus,
824 1948 872 1978 vel
898 1947 974 1989 quid
1001 1947 1166 1988 superest?
1211 1947 1298 1979 Pno.
1322 1947 1459 1978 Annitor
1479 1948 1637 1990 equidem,
1655 1959 1674 1979 o

211 2003 353 2033 Socrates
368 2014 375 2032 2
412 2013 514 2032 verum
541 2002 609 2042 ipse
633 2012 759 2043 quoque
790 2002 924 2032 lucidius
949 2002 1104 2043 explicare
1129 2001 1238 2032 nitere.
1284 2001 1338 2031 So.
1363 2001 1447 2033 Dico
1474 2007 1623 2044 praeterea
1644 2008 1677 2033 et

211 2066 323 2086 vocum
340 2055 568 2086 oblectamenta
584 2056 748 2097 perspicua
764 2056 893 2086 nimium
910 2061 1003 2097 atque
1020 2055 1137 2092 suavia,
1156 2066 1247 2085 unam
1266 2056 1400 2097 aliquam
1420 2066 1526 2097 puram
1550 2057 1676 2098 penitus

211 2108 409 2140 concinentia
427 2109 603 2146 melodiam,
619 2110 659 2140 ad
675 2109 752 2139 nihil
779 2110 862 2140 aliud
887 2115 1075 2151 comparata,
1089 2110 1143 2139 scd
1167 2114 1276 2139 natura
1291 2108 1489 2150 perpulchra,
1506 2115 1538 2140 et
1553 2109 1675 2140 innatas

211 2163 373 2194 afferentia
389 2163 574 2204 voluptates.
620 2163 707 2194 Pno.
732 2163 802 2194 Hoc
817 2174 943 2205 quoque
966 2173 1070 2193 verum
1087 2167 1144 2193 est.
1189 2163 1242 2193 So.
1268 2161 1377 2193 Genus
1403 2168 1506 2193 autem
1530 2163 1675 2204 volupta-

212 2223 278 2248 tum
295 2217 405 2248 odores
422 2217 617 2259 sequentium
634 2218 736 2248 minus
749 2217 888 2248 divinum
906 2222 964 2248 est.
988 2216 1071 2257 quod
1089 2221 1192 2246 autem
1208 2215 1282 2256 ipsis
1298 2215 1461 2246 necessarii
1483 2215 1606 2247 dolores
1620 2227 1676 2248 ne·

212 2281 368 2312 quaquam
386 2271 565 2307 miscentur,
583 2276 615 2301 et
638 2271 816 2312 ubicunque
833 2275 865 2301 et
890 2270 922 2300 in
950 2279 1138 2310 quocunque
1165 2269 1197 2298 id
1223 2269 1323 2299 inesse
1350 2269 1516 2309 contingit,
1532 2270 1591 2300 hoc
1614 2269 1676 2300 illis

212 2336 305 2356 omne
321 2325 497 2366 oppositum
515 2336 672 2367 ponerem.
719 2325 825 2366 Atque
852 2325 896 2355 ita
923 2324 1001 2354 duas
1027 2323 1223 2364 voluptatum
1248 2323 1380 2363 species,
1397 2323 1488 2353 modo
1505 2322 1673 2364 intelligas,

211 2379 405 2420 collegimus.
449 2379 536 2410 Pno.
561 2379 719 2420 Intelligo.
765 2379 819 2410 So.
845 2378 917 2409 Istis
932 2378 1005 2409 item
1029 2377 1265 2418 disciplinarum
1289 2376 1362 2418 [52]
1384 2377 1561 2418 voluptates
1576 2377 1676 2408 adda·

213 2443 298 2464 mus:
325 2432 350 2463 si
366 2438 397 2464 et
413 2432 480 2462 istae
497 2433 608 2463 famem
633 2433 774 2463 discendi
792 2442 989 2472 nequaquam
1006 2431 1165 2462 continere
1181 2430 1336 2466 videntur,
1353 2441 1454 2472 neque
1471 2436 1597 2472 propter
1611 2431 1678 2462 dis·

209 2487 393 2527 ciplinarum
421 2486 603 2516 aviditatem
630 2497 646 2516 a
675 2486 829 2527 principio
858 2486 980 2516 dolores
1011 2485 1133 2516 inferre.
1178 2485 1265 2515 Pno.
1288 2484 1462 2515 Assentior.
1508 2485 1564 2516 So.
1587 2485 1676 2522 Quid

210 2551 295 2581 vero,
305 2540 328 2570 si
339 2540 406 2580 quis
415 2539 558 2570 doctrina
567 2540 716 2579 imbutus,
726 2541 798 2571 inde
807 2539 1019 2575 obliviscatur,
1030 2549 1134 2569 nonne
1142 2538 1297 2569 tristitiam
1306 2539 1462 2579 quandam
1470 2538 1558 2580 sequi
1568 2537 1678 2568 vides?

208 2595 297 2626 Pno.
321 2593 396 2623 Non
420 2599 529 2624 natura
554 2594 703 2634 quidem:
728 2594 782 2625 sed
799 2594 933 2635 quadam
959 2593 1112 2634 passionis
1135 2592 1338 2634 cogitatione,
1362 2603 1433 2623 cum
1455 2592 1526 2633 quis
1547 2592 1674 2622 orbatus

211 2646 549 2688 propterindigentiam
561 2648 707 2677 tristatur.
732 2647 788 2678 So.
807 2647 964 2682 Ceterum,
977 2657 994 2676 o
1013 2647 1114 2681 beate,
1126 2656 1182 2676 nos
1199 2645 1229 2675 in
1247 2645 1414 2686 praesentia
1425 2655 1487 2675 non
1500 2643 1672 2686 opinioniS,

208 2701 264 2734 sed
273 2706 390 2730 naturae
400 2699 557 2741 passiones
570 2705 746 2731 tractamus.
765 2700 851 2731 Pno.
867 2699 949 2730 Vere
963 2699 1084 2736 asseris,
1098 2699 1182 2739 quod
1193 2698 1344 2729 doctrinae
1354 2698 1470 2728 oblivio
1480 2698 1596 2738 absque
1605 2698 1673 2728 tris·

208 2753 278 2785 titia
290 2754 354 2784 fiat.
389 2754 444 2784 So.
461 2753 649 2793 Voluptates
663 2753 755 2794 igitur
766 2753 1013 2793 disciplinarum,
1027 2752 1141 2782 doloris
1155 2757 1309 2793 expertes,
1321 2762 1379 2782 nec
1395 2750 1561 2782 multorum
1574 2751 1676 2782 homi-

209 2808 361 2845 num‚sed
378 2817 545 2848 paucorum
559 2807 725 2837 admodum
743 2818 809 2838 esse
820 2806 994 2838 fatendum.
1040 2806 1127 2837 Pno.
1151 2805 1326 2836 Fatendum
1343 2804 1449 2847 procul
1465 2804 1574 2835 dubio.
1617 2805 1675 2837 So.

209 2862 378 2903 Postquam
395 2861 570 2901 voluptates
587 2872 677 2902 puras
697 2862 736 2891 ab
753 2861 880 2902 impuris
904 2860 1104 2900 secrevimus,
1126 2860 1274 2890 addenda
1291 2866 1337 2889 est
1349 2859 1415 2900 jam
1440 2859 1675 2890 vehementibus

209 2915 421 2958 voluptatibus
438 2910 664 2958 immoderatio,
680 2914 902 2948 remissioribus
914 2914 1099 2948 moderatio.
1114 2924 1229 2956 casque
1243 2913 1354 2951 ctiam,
1365 2922 1435 2955 quae
1451 2911 1673 2950 intensius,re-
