1840 3225
159 197 256 247 742]
621 198 694 236 DE
724 195 952 234 LEGIBUS
990 196 1088 236 LIB.
1117 196 1168 235 V.
1531 199 1609 237 343

157 306 302 338 creandis
329 306 432 339 liberis
458 308 592 339 studium
613 308 656 339 sic
683 312 774 338 aucta
791 306 831 337 sit
846 306 968 344 civitas,
984 311 1018 337 ut
1037 307 1157 338 numeri
1172 306 1297 338 modum
1314 307 1445 340 excedat
1460 312 1552 349 atque
1568 307 1613 339 ita

159 361 268 403 inopia
282 372 382 393 rerum
400 369 563 404 prematur,
579 367 666 393 vetus
681 361 759 392 illud
775 365 931 402 repetatur
946 361 1120 397 consilium,
1137 361 1222 402 quod
1243 372 1328 403 saepe
1338 363 1405 404 jam
1421 362 1538 393 dictum
1553 367 1614 398 est.

159 420 193 445 ut
209 416 337 447 colonia
350 417 492 447 mittatur
505 426 575 448 cara
589 426 608 446 a
623 415 712 451 caris,
727 425 789 456 quo
804 415 997 445 commodius
1013 415 1063 456 agi
1078 426 1171 456 posse
1185 415 1351 448 videbitur.
1374 417 1400 447 si
1415 427 1487 447 vero
1508 421 1615 447 contra

161 470 333 501 morborum
347 470 412 502 lues
430 470 618 502 bellommve
634 469 794 500 calamitas
810 469 906 499 veluti
921 469 1055 510 quadam
1072 469 1219 501 illuvione
1232 470 1276 500 ita
1290 470 1497 501 devastaverit
1506 470 1614 502 civita-

162 528 237 559 tem,
264 523 361 566 [741]
385 529 419 555 ut
440 524 539 555 multo
560 523 724 565 pauciores
745 528 860 553 statuto
882 533 1010 553 numero
1033 524 1215 564 superstites
1238 523 1310 561 sint,
1344 529 1456 565 sponte
1488 524 1616 566 quidem

161 577 256 609 alicui
271 578 366 614 cives,
381 578 555 609 adulterina
569 577 695 608 educati
710 576 886 618 disciplina,
900 577 1091 618 suscipiendi
1104 588 1166 607 non
1179 582 1262 608 sunt.
1277 577 1493 609 necessitatem
1511 584 1618 610 autem

161 642 221 663 nec
232 631 330 669 Deus,
344 638 380 663 ut
393 632 518 669 dicitur,
533 632 672 662 violabit.
684 636 868 673 praesentem
884 630 977 672 igitur
989 631 1161 662 orationem
1177 631 1388 662 existimemus
1402 632 1485 663 hunc
1502 632 1533 662 in
1550 643 1615 663 rno-

163 685 236 716 dum
248 691 418 717 nostrorum
443 686 567 717 auribus
590 686 752 716 insonare:
803 685 832 716 O
858 685 989 716 virorum
1016 685 1155 716 omnium
1179 684 1302 727 optimi,
1328 685 1562 716 similitudinem
1585 691 1618 717 et

161 739 381 780 aequalitatem,
394 739 518 781 quodve
532 740 618 770 idem
632 746 678 771 est
693 745 726 771 et
741 739 951 775 consentiens,
966 740 1115 770 honorate
1131 740 1305 769 secundum
1331 745 1471 770 naturam
1485 751 1493 770 ι
1517 751 1619 782 neque

161 792 196 823 id
212 803 348 834 unquam
360 794 642 835 transgrediamini,
657 795 723 825 sive
738 793 908 825 secundum
924 804 1084 824 numerum
1097 792 1161 823 sive
1176 792 1350 823 secundum
1364 794 1538 834 potentiam
1565 795 1620 825 bo-

161 856 269 877 narum
283 858 382 878 rerum
396 857 490 889 atque
508 849 715 890 pulchrarum.
739 854 771 878 et
790 859 875 879 nunc
888 847 1016 889 quidem
1029 846 1180 888 imprimis
1193 856 1248 887 per
1259 857 1383 877 omnem
1401 847 1495 878 vitam
1510 858 1620 879 nume-

162 911 240 938 rum,
262 912 356 942 quem
379 902 589 942 praediximus,
612 906 805 932 conservate.
828 901 944 932 deinde
971 911 1110 936 censum,
1139 911 1232 942 quem
1257 900 1295 931 ab
1318 900 1409 932 initio
1429 902 1620 934 mediocrem

163 954 263 986 sortiti
285 955 373 991 estis,
398 966 438 986 ne
460 955 609 997 negligite
624 954 760 985 emendo
776 955 909 986 invicem
925 959 958 986 et
973 954 1152 985 vendendo.
1174 954 1313 995 alioquin
1326 965 1431 996 neque
1447 955 1534 987 Deus
1551 957 1620 999 ipse

163 1008 352 1050 distributor,
377 1020 478 1050 neque
503 1009 580 1050 legis
606 1009 748 1039 conditor
771 1008 859 1039 vobis
880 1009 1008 1040 favebit.
1031 1018 1114 1040 nunc
1140 1009 1223 1039 enim
1250 1009 1382 1050 primum
1396 1009 1623 1051 refragantibus

163 1052 216 1093 ¹ex
241 1063 394 1105 praecipit,
419 1064 456 1094 iis
473 1063 611 1105 praefata,
627 1069 662 1093 ut
677 1063 709 1093 in
724 1063 771 1092 his
784 1064 959 1099 sortiantur,
975 1063 1153 1103 quicunque
1168 1062 1278 1098 velint,
1295 1063 1344 1093 vel
1357 1073 1419 1094 non
1435 1065 1600 1096 sortiantur
1614 1077 1622 1095 ε

164 1117 294 1158 perinde
311 1128 348 1148 ac
362 1118 389 1148 si
399 1118 483 1159 regio
496 1118 564 1159 ipsa
580 1117 730 1159 imprimis
742 1117 812 1147 Diis
824 1117 967 1147 omnibus
983 1117 1023 1147 sit
1037 1122 1170 1153 sacrata,
1185 1117 1300 1146 deinde
1314 1118 1488 1149 sacerdotes
1501 1129 1623 1156 omnes,

165 1176 229 1202 tarn
252 1171 398 1202 mulieres
420 1182 510 1213 quam
535 1171 603 1208 viri,
630 1170 783 1212 precaturi
797 1171 861 1201 sint
874 1170 981 1211 primis
997 1170 1030 1200 in
1046 1170 1139 1200 sacris
1152 1170 1357 1212 secundisque
1373 1176 1406 1201 et
1420 1173 1529 1207 tertiis,
1547 1179 1625 1205 utet

165 1230 289 1266 emptor
303 1231 335 1256 et
350 1226 493 1256 venditor
504 1225 731 1256 domiciliorum
745 1230 778 1255 et
792 1225 991 1266 praediorum,
1007 1235 1077 1266 quae
1093 1224 1195 1255 sortiti
1209 1230 1292 1261 sunt,
1306 1235 1376 1266 quae
1392 1225 1424 1255 in
1440 1226 1488 1256 his
1503 1227 1626 1269 perpeti

166 1280 325 1316 convenit,
341 1280 510 1321 patiantur.
531 1279 666 1311 scribent
681 1285 787 1310 autem
801 1280 835 1310 in
851 1279 945 1310 sacris
960 1279 1001 1309 ad
1013 1275 1203 1320 posteritatis
1215 1279 1452 1310 instructionem
1461 1291 1627 1322 cupressea

166 1333 381 1365 monimenta:
406 1340 568 1375 praeterea,
591 1339 626 1365 ut
638 1335 700 1364 ista
713 1339 884 1371 serventur,
901 1345 1008 1365 eorum
1024 1333 1197 1364 custodiam
1215 1333 1409 1374 magistratui
1423 1334 1470 1365 illi
1484 1336 1625 1367 commit-

167 1391 245 1422 tent,
272 1388 325 1428 qui
349 1388 525 1419 acutissime
549 1388 671 1419 videtur
694 1388 868 1429 inspicere;
891 1400 930 1420 ne
948 1388 1042 1419 lateat
1057 1398 1122 1424 eos,
1140 1387 1167 1418 si
1182 1398 1243 1429 qua
1260 1387 1336 1419 forte
1351 1393 1462 1429 praeter
1473 1389 1625 1421 rationem

168 1440 249 1472 lianc
273 1443 460 1473 commercia
485 1443 571 1478 fiant,
588 1442 644 1474 sed
658 1443 836 1484 quicunque
852 1443 915 1484 legi
928 1453 964 1475 ac
983 1443 1052 1473 Deo
1065 1453 1128 1473 non
1144 1442 1350 1484 obtemperat,
1367 1443 1523 1483 puniatur.
1539 1445 1627 1486 atqui

169 1500 320 1536 quantum
344 1496 462 1528 bonum
487 1497 527 1527 sit
553 1498 636 1538 quod
665 1498 757 1529 modo
782 1498 974 1539 praecipitur,
990 1508 1045 1528 suo
1061 1496 1170 1528 ordine
1187 1502 1403 1538 praeparatum,
1414 1503 1629 1540 quantumque

169 1548 269 1589 prosit
292 1550 536 1591 obsequentibus
559 1551 748 1588 civitatibus,
775 1553 946 1584 secundum
971 1552 1132 1593 antiquum
1155 1551 1360 1592 proverbium,
1377 1552 1480 1583 nullus
1493 1564 1629 1594 unquam

172 1611 285 1642 pravus
313 1603 479 1646 intelliget,
506 1607 560 1636 sed
576 1611 722 1647 expertus
738 1607 890 1638 duntaxat
905 1612 938 1637 et
954 1606 1050 1648 aequis
1064 1607 1097 1637 in
1113 1606 1248 1636 moribus
1262 1605 1423 1637 educatus.
1445 1613 1580 1647 quaestus
1595 1608 1630 1639 in

174 1655 232 1687 hac
259 1657 385 1688 civitate
409 1669 474 1689 non
506 1659 629 1690 multus.
652 1671 753 1702 neque
776 1661 859 1692 enirn
886 1666 1008 1701 oportet
1034 1661 1066 1691 in
1082 1671 1119 1690 ea
1131 1669 1233 1701 neque
1250 1660 1325 1690 licet
1339 1659 1483 1691 illiberali
1498 1661 1632 1703 quaestui

173 1720 363 1753 quemquam
387 1713 574 1749 incumbere,
600 1725 702 1755 neque
727 1715 942 1746 mechanicum
969 1715 1047 1745 illud
1073 1720 1105 1745 et
1120 1714 1235 1744 infame
1248 1723 1384 1755 quaerere
1400 1714 1528 1752 lucrum,
1545 1718 1629 1758 quod

173 1775 274 1795 mores
289 1776 455 1806 generosos
470 1767 613 1809 inquinat
628 1780 633 1798 :
659 1779 760 1810 neque
777 1769 955 1799 existimare
971 1769 1036 1799 ullo
1053 1774 1143 1809 pacto
1157 1767 1270 1798 vilibus
1290 1777 1329 1798 ex
1344 1768 1432 1799 rebus
1447 1774 1480 1799 et
1491 1770 1633 1811 turpibus

174 1819 324 1860 pecunias
338 1821 553 1854 cumulandas,
577 1823 701 1853 accedit
715 1823 754 1853 ad
771 1823 837 1854 haec
852 1828 885 1853 et
898 1822 960 1853 alia
973 1823 1035 1859 lex,
1051 1833 1120 1863 quae
1131 1822 1234 1863 jubet,
1267 1821 1364 1863 [742]
1389 1832 1428 1852 ne
1444 1824 1514 1864 quis
1530 1825 1631 1866 priva-

174 1879 222 1904 tus
247 1875 296 1905 vel
311 1885 418 1906 aurum
434 1876 548 1907 habeat
562 1876 609 1906 vel
627 1882 800 1917 argentum.
822 1877 878 1907 sed
894 1877 968 1917 quia
979 1876 1115 1905 nummis
1129 1885 1208 1915 opus
1224 1880 1272 1904 est
1287 1876 1479 1915 quotidianae
1494 1888 1632 1910 commu-

175 1928 304 1959 tationis
316 1930 427 1970 gratia,
443 1941 513 1971 quae
528 1931 608 1961 inter
623 1931 756 1962 artifices
769 1935 801 1961 et
816 1929 993 1972 hujusmodi
1008 1930 1103 1960 ferme
1116 1934 1163 1959 est
1177 1929 1362 1963 necessaria.
1379 1940 1451 1960 cum
1471 1942 1634 1965 mercena-

175 1981 230 2012 riis
245 1987 278 2013 et
293 1983 386 2014 servis
401 1989 434 2014 et
448 1984 568 2015 colonis
583 1995 700 2015 merces
716 1984 821 2026 aliqua
837 1985 988 2015 debeatur
1002 1995 1009 2013 z
1030 1983 1143 2014 iccirco
1157 1993 1299 2013 nummos
1310 1983 1422 2014 habere
1433 1986 1635 2020 concedimus

174 2036 266 2072 tales,
281 2042 316 2066 ut
330 2036 416 2078 apud
432 2048 487 2068 eos
501 2038 626 2079 quidem
644 2038 814 2069 habeantur
829 2039 860 2068 in
877 2039 989 2079 pretio,
1001 2048 1019 2068 a
1035 2037 1148 2068 ceteris
1171 2047 1245 2067 vero
1270 2038 1416 2078 gentibus
1431 2045 1635 2072 contemnan-

177 2095 237 2122 tur.
261 2096 294 2121 at
313 2101 385 2122 vero
410 2103 478 2123 curn
502 2099 534 2123 et
548 2093 631 2123 bella
647 2103 731 2135 saepe
748 2093 883 2134 gerenda
897 2092 960 2123 sint
975 2097 1008 2122 et
1022 2102 1151 2133 peregre
1166 2091 1440 2133 proficiscendum,
1456 2095 1581 2135 quando
1596 2096 1637 2127 ad

178 2150 320 2175 externas
336 2152 447 2187 gentes
462 2147 559 2188 legati
573 2147 735 2188 nuntiique
750 2147 925 2183 mittuntur,
942 2157 1070 2178 necesse
1086 2152 1133 2177 est
1142 2152 1177 2176 ut
1185 2145 1296 2176 civitas
1306 2155 1429 2188 semper
1438 2158 1635 2181 communem

182 2198 314 2230 Graeciae
340 2206 494 2231 monetam
520 2201 692 2242 possideat.
714 2201 741 2231 si
767 2211 828 2242 qua
855 2211 927 2232 vero
951 2201 1122 2231 necessitas
1146 2199 1301 2240 privatum
1327 2210 1457 2242 peregre
1482 2203 1638 2243 proficisci

179 2252 332 2293 coegerit,
358 2255 595 2296 magistratuum
617 2255 709 2285 venia
728 2255 954 2296 proficiscatur.
976 2265 1118 2285 reversus
1139 2259 1254 2290 autem,
1282 2253 1307 2284 si
1322 2255 1489 2296 peregrinis
1505 2258 1639 2288 nummis

181 2306 332 2342 abundat,
355 2318 423 2338 cum
447 2309 584 2340 civitatis
608 2310 745 2341 nummis
767 2320 822 2340 eos
849 2315 1020 2341 commutet
1045 2309 1228 2350 civitatique
1254 2308 1406 2339 restituat·
1430 2311 1511 2350 quod
1527 2311 1554 2342 si
1570 2313 1640 2354 quis

184 2361 341 2391 occultare
368 2372 422 2392 eos
451 2368 483 2393 et
507 2363 540 2393 in
564 2363 721 2404 privatum
747 2375 839 2395 usum
861 2369 1042 2396 convertere
1058 2364 1269 2404 deprehensus
1282 2362 1384 2398 fuerit,
1400 2364 1557 2404 publicum
1574 2365 1640 2404 fiat,

186 2415 270 2455 quod
295 2415 482 2446 occultabat.
504 2418 622 2448 conscii
633 2423 750 2454 autem,
767 2418 820 2459 qui
835 2429 899 2449 non
915 2423 1148 2453 accusaverunt,
1165 2416 1342 2447 maledictis
1356 2422 1450 2458 atque
1465 2420 1641 2460 opprobriis

188 2478 251 2498 una
277 2479 347 2499 curn
375 2469 431 2500 illo
458 2470 660 2512 subjiciantur
675 2483 681 2501 :
715 2478 808 2514 atque
834 2473 927 2504 etiarn
958 2483 1022 2502 non
1052 2472 1167 2503 minore
1197 2472 1312 2502 mulcta
1337 2471 1516 2511 puniantur,
1546 2484 1640 2515 quam

185 2521 298 2553 allatus
327 2533 455 2564 peregre
480 2535 625 2555 nummus
652 2526 756 2557 fuerit.
778 2527 897 2558 nemini
924 2532 1075 2568 praeterea
1107 2531 1160 2556 aut
1189 2525 1262 2556 dare
1290 2524 1380 2555 dotes
1415 2531 1469 2556 aut
1497 2528 1639 2569 accipere

186 2576 299 2607 liceat:
325 2588 426 2618 neque
456 2578 623 2619 pecuniam
651 2580 807 2621 deponere
834 2581 919 2622 apud
948 2591 1030 2617 eum,
1062 2580 1112 2611 cui
1139 2590 1202 2610 non
1233 2578 1364 2609 adhibes
1403 2579 1499 2611 fidem
1536 2592 1641 2624 neque

188 2630 339 2662 soenerare
358 2643 364 2660 ι
400 2632 569 2674 liceatque,
593 2634 619 2664 si
645 2634 713 2675 quis
741 2635 773 2664 in
801 2635 902 2665 foenus
926 2634 1094 2675 acceperit,
1108 2643 1168 2665 nec
1194 2643 1319 2663 usuram
1349 2644 1407 2664 nec
1429 2640 1543 2666 sortem
1570 2637 1642 2668 red·

189 2685 275 2717 dere.
299 2686 367 2717 ha=c
391 2692 493 2717 autem
517 2687 637 2717 civitati
664 2688 784 2728 optima
807 2699 888 2725 csse,
912 2689 957 2719 sic
983 2694 1068 2719 recto
1083 2688 1237 2728 quispiam
1248 2687 1417 2728 judicabit,
1434 2688 1461 2718 si
1476 2689 1516 2719 ad
1532 2691 1643 2730 przeci-

189 2748 284 2778 puam
298 2740 396 2780 ipsam
413 2741 486 2771 recti
501 2741 710 2782 legumlatoris
739 2753 862 2784 semper
885 2743 996 2774 referat
1012 2743 1213 2773 voluntatem.
1236 2751 1307 2772 nam
1321 2741 1378 2771 viri
1391 2742 1491 2773 civilis
1507 2751 1642 2774 mentem

193 2791 335 2823 habentis
362 2804 426 2824 non
456 2804 494 2824 ea
520 2795 664 2825 voluntas
688 2801 746 2833 est,
767 2803 801 2826 ut
825 2807 884 2827 nos
909 2796 1083 2832 asserimus,
1109 2805 1204 2837 quam
1232 2795 1264 2826 in
1291 2796 1493 2836 legumlatore
1523 2797 1642 2836 optimo

193 2854 261 2874 esse
277 2845 389 2877 debere
404 2847 493 2878 multi
509 2849 670 2885 affirmant,
692 2854 724 2880 ut
747 2860 839 2891 quam
867 2851 1029 2881 maximam
1052 2855 1084 2880 et
1099 2850 1285 2880 ditissimam
1301 2860 1369 2880 esse
1386 2850 1460 2879 velit
1473 2850 1646 2887 civitatem,

195 2908 270 2929 auro
284 2904 316 2930 et
332 2908 459 2942 argento
470 2903 624 2940 refertam,
642 2914 676 2935 ac
693 2908 775 2935 terra
802 2904 940 2944 marique
972 2904 1111 2946 plurimis
1139 2903 1363 2935 dominantem.
1388 2902 1499 2944 quibus
1514 2901 1645 2940 addunt,
