1840 3225
157 228 254 278 343]
597 228 667 264 DE
699 224 1003 263 REPUBLICA
1038 225 1133 262 LIB.
1167 225 1195 262 Ι.
1568 228 1618 265 93

156 341 206 361 ma
232 330 377 372 equidem
405 331 521 361 ratione
550 329 751 370 imperantem
777 327 859 358 dico.
905 326 1049 357 Perverte
1077 327 1142 357 haec
1171 327 1230 356 tuis
1258 326 1334 362 istis,
1350 326 1376 357 si
1404 331 1504 368 potes,
1520 329 1617 359 cavil-

154 384 336 421 lationibus,
353 385 503 416 Socrates.
527 383 672 424 equidem
687 382 774 412 nulla
790 381 819 411 in
837 392 868 412 re
884 381 938 411 abs
954 386 984 411 te
1000 391 1127 422 superor
1143 393 1148 410 :
1175 391 1276 422 neque
1292 381 1374 411 enim
1392 382 1516 422 poteris.
1561 383 1620 414 So.

156 437 295 468 Putasne
320 449 368 468 me
393 439 472 469 adeo
497 438 607 472 furere,
623 441 658 467 ut
685 436 806 467 leonem
832 436 960 465 tondere
977 435 1108 465 audeam
1135 439 1167 465 et
1192 435 1338 465 adversus
1351 435 1618 477 Thrasymachum

154 491 284 522 insidias
300 492 446 523 tendere?
491 492 604 522 Tana.
629 490 723 521 Nunc
742 489 808 531 jam
826 499 986 530 aggressus
1001 499 1046 525 es,
1062 498 1132 519 curn
1149 493 1252 518 tamen
1268 488 1345 519 nihil
1369 490 1490 531 assequi
1507 491 1619 532 possis.

154 544 207 576 So.
233 545 283 576 De
307 546 353 576 his
379 546 451 576 satis
475 545 592 577 dictum
620 544 734 575 fuerit:
760 544 814 575 sed
839 543 913 573 mibi
929 543 1040 583 dicito,
1063 542 1128 578 Qui
1152 548 1236 573 recta
1252 541 1370 573 ratione
1395 549 1441 574 cst
1466 545 1617 582 medicus,

154 599 416 639 quemadmodum
447 599 541 641 paulo
569 610 661 640 supra
685 599 754 640 ipse
785 598 923 634 dicebas,
941 602 1041 627 utrum
1068 596 1267 638 pecuniarum
1294 597 1485 638 conquisitor
1510 609 1550 629 an
1577 610 1620 630 ευ.

155 653 341 694 grotantiurn
357 658 405 684 est
419 654 564 684 curator?
589 658 682 694 atque
697 652 737 683 de
764 663 802 683 eo
817 652 916 690 dicas,
930 651 983 692 qui
1010 661 1114 681 revera
1137 650 1177 680 sit
1199 649 1349 681 medicus.
1391 650 1505 683 anm.
1529 653 1620 684 Mor-

154 706 262 737 borum
277 712 359 737 certe
375 713 508 738 curator.
553 707 611 737 So.
634 706 833 737 Gubernator
857 710 973 740 autem,
990 704 1044 745 qui
1064 714 1169 734 revera
1188 703 1229 734 sit
1243 704 1442 744 gubernator,
1457 711 1619 737 nautarum

155 760 300 801 princeps
316 765 363 791 est
378 771 417 791 an
433 766 527 791 nauta
542 761 552 791 ?
598 760 714 790 Trina.
735 758 910 790 Nautarum
925 758 1082 799 princeps.
1128 757 1186 788 So.
1207 757 1306 788 Nihili
1322 757 1464 788 existimo
1481 759 1540 790 hoc
1556 771 1623 791 esse

153 813 344 855 faciendum,
361 815 446 856 quod
462 815 494 845 in
518 815 590 845 navi
606 813 743 855 naviget,
759 823 862 855 neque
877 817 1003 842 nautam
1020 822 1086 842 csse
1103 811 1290 842 vocandum.
1316 822 1378 842 non
1395 812 1478 842 enim
1495 819 1622 854 propter

153 867 381 908 navigationem
407 869 592 910 gubernator
614 867 801 909 appellatur,
818 867 871 898 sed
895 872 1020 908 propter
1042 871 1138 897 artem
1163 865 1261 906 ipsam
1286 870 1512 908 nautarumque
1537 868 1621 908 prin·

154 921 304 962 cipatum.
348 922 463 954 Turta.
488 921 570 953 Vera
599 921 744 962 loqueris.
790 920 846 951 So.
871 919 987 950 Nonne
1002 920 1132 950 istorum
1155 919 1269 960 cuique
1299 919 1416 960 aliquid
1448 921 1523 951 utile
1549 922 1621 952 cst?

154 975 268 1008 Tam.
291 975 347 1006 Est
361 987 494 1017 prorsus.
539 977 596 1007 So.
622 975 672 1006 An
689 986 752 1006 non
769 975 808 1005 ad
835 974 894 1004 hoc
919 973 1021 1004 tendit
1043 983 1102 1014 ars,
1119 978 1149 1003 ut
1174 973 1258 1014 quod
1276 973 1350 1003 utile
1365 973 1405 1003 sit
1429 974 1554 1015 cuique,
1572 975 1619 1005 in-

155 1029 289 1070 vestiget
303 1035 396 1071 atque
413 1031 548 1071 praebeat
563 1031 573 1060 ?
617 1029 730 1060 Turta.
755 1028 806 1059 Ad
831 1029 890 1059 hoc
910 1028 1024 1068 ipsum.
1069 1027 1124 1058 So.
1147 1025 1302 1067 Nunqnid
1318 1027 1487 1069 unicuique
1503 1029 1560 1060 arti
1575 1035 1623 1060 est

154 1082 272 1123 aliquid
289 1083 373 1114 aliud
400 1083 488 1120 utile,
503 1094 596 1124 quam
622 1088 657 1113 ut
671 1083 711 1112 sit
735 1093 828 1123 quarn
855 1081 985 1112 maxime
1008 1080 1173 1111 absoluta?
1216 1080 1331 1112 Trina.
1355 1081 1523 1117 Quomodo
1538 1083 1623 1114 istud

155 1136 350 1178 interrogas?
397 1138 454 1169 So.
477 1137 749 1175 Quemadmodum
767 1137 789 1167 si
807 1146 855 1166 me
871 1146 1006 1177 rogares,
1022 1145 1062 1165 an
1077 1135 1199 1175 corpori
1215 1134 1290 1165 satis
1305 1135 1343 1165 sit
1358 1146 1424 1166 esse
1439 1147 1564 1178 corpus,
1579 1148 1619 1168 an

157 1189 332 1232 cujuspiam
358 1191 483 1222 alterius
508 1192 550 1223 rei
575 1190 730 1231 indigeat,
746 1191 962 1231 responderem
990 1189 1116 1219 omnino
1130 1188 1282 1229 indigere.
1305 1194 1337 1219 et
1354 1195 1479 1230 propter
1493 1191 1551 1221 hoc
1575 1202 1623 1222 ars

155 1244 282 1284 quidem
306 1245 470 1276 medicinae
493 1255 576 1276 nunc
592 1245 719 1275 inventa
733 1249 792 1284 est,
807 1243 955 1284 quoniam
971 1253 1083 1283 corpus
1107 1242 1211 1273 debile
1226 1247 1258 1272 et
1273 1242 1426 1274 infirmum
1443 1251 1502 1285 est,
1519 1255 1622 1287 neque

153 1296 212 1327 sibi
239 1297 363 1330 sufficit.
388 1303 422 1328 ut
445 1308 517 1340 ergo
544 1298 616 1329 huic
644 1297 809 1328 utilitatem
837 1296 959 1334 afferat,
982 1296 1052 1337 ipsa
1076 1307 1123 1326 ars
1150 1301 1198 1326 est
1222 1296 1359 1327 inventa.
1382 1298 1435 1327 sed
1462 1309 1534 1329 num
1563 1300 1622 1331 tibi

155 1351 263 1382 videor
287 1362 356 1383 vera
382 1353 513 1384 dicere?
558 1353 672 1383 Trina.
708 1351 791 1383 Vera
817 1351 914 1393 [342]
943 1362 1077 1393 prorsus.
1124 1351 1179 1382 So.
1215 1350 1301 1387 Quid
1329 1353 1457 1383 autem?
1482 1363 1528 1384 ars
1554 1354 1623 1395 ipsa

157 1405 319 1437 medicinae
335 1407 380 1437 vel
399 1407 459 1438 alia
473 1418 520 1438 ars
535 1418 591 1448 per
604 1418 636 1438 se
651 1407 777 1449 quidem
793 1407 839 1437 ita
853 1406 966 1436 debilis
981 1405 1032 1441 sit,
1050 1410 1084 1436 ut
1098 1405 1203 1446 aliqua
1218 1405 1330 1436 virtute
1346 1404 1497 1447 indigeat,
1513 1418 1623 1449 quem-

156 1460 324 1490 admodum
348 1461 430 1492 oculi
454 1462 521 1492 visu
546 1471 672 1492 auresve
689 1461 819 1491 auditu:
847 1464 974 1502 propter
999 1460 1084 1501 quod
1110 1459 1141 1489 in
1167 1458 1242 1500 ipsis
1264 1470 1344 1500 opus
1366 1460 1405 1490 sit
1427 1460 1533 1502 aliqua
1548 1467 1626 1504 arte,

155 1523 225 1554 quae
240 1513 408 1555 investiget
431 1516 628 1557 praebeatque
644 1525 714 1556 quae
737 1515 776 1546 ad
801 1516 868 1546 haec
884 1515 994 1545 eadem
1011 1513 1197 1545 conferant?
1243 1512 1353 1544 Utrum
1370 1519 1402 1544 et
1428 1514 1460 1544 in
1476 1515 1544 1555 ipsa
1558 1521 1623 1547 arte

154 1566 235 1597 inest
250 1567 390 1599 defectus
405 1569 529 1610 aliquis,
545 1575 577 1600 et
598 1569 718 1610 indiget
742 1579 936 1610 unaquaeque
961 1578 1008 1598 ars
1031 1567 1091 1598 alia
1108 1572 1183 1603 arte,
1200 1577 1270 1608 quae
1293 1567 1354 1607 ipsi
1370 1568 1454 1609 quod
1472 1569 1548 1600 utile
1571 1570 1622 1606 sit,

155 1620 332 1651 consideret
347 1633 353 1651 :
370 1626 403 1652 et
417 1621 468 1652 illa
483 1622 557 1652 item
574 1622 635 1652 alia
650 1623 771 1663 indiget
787 1621 860 1659 alia,
874 1622 917 1652 ita
933 1627 967 1652 ut
982 1621 1013 1651 in
1029 1621 1187 1651 infinitum
1202 1621 1408 1662 procedatur?
1426 1622 1474 1653 vel
1491 1633 1624 1665 quaeque

156 1673 214 1703 sibi
230 1674 298 1715 ipsa
313 1676 408 1716 quod,
423 1677 580 1707 conducat
603 1676 774 1717 prospicit?
798 1676 845 1706 vel
865 1686 968 1718 neque
984 1686 1017 1706 se
1039 1675 1109 1716 ipsa
1134 1685 1234 1716 neque
1251 1675 1312 1705 alia
1326 1675 1450 1717 indiget
1464 1677 1502 1707 ad
1521 1677 1622 1708 inves-

157 1726 330 1767 tigandum,
358 1729 443 1770 quod
472 1730 617 1761 adversus
645 1730 803 1762 defectum
829 1730 898 1772 ejus
924 1730 1089 1761 conferat?
1114 1740 1216 1771 neque
1243 1730 1326 1760 enim
1354 1729 1495 1760 defectus
1522 1741 1624 1772 neque

158 1790 240 1811 error
254 1781 334 1813 ullus
356 1783 412 1813 ulli
434 1783 489 1814 arti
513 1784 594 1814 inest
609 1796 616 1814 z
643 1794 745 1826 neque
768 1785 860 1815 decet
875 1789 970 1814 artem
985 1783 1152 1813 utilitatem
1168 1792 1316 1824 quaerere,
1332 1782 1391 1812 nisi
1407 1782 1451 1813 illi
1466 1783 1520 1820 rei,
1534 1783 1624 1825 cujus

157 1839 206 1865 est
219 1845 278 1866 ars.
301 1835 368 1877 ipsa
391 1841 494 1868 autern
510 1837 630 1879 integra
652 1843 684 1869 et
709 1837 861 1868 inviolata
883 1848 1003 1878 semper
1018 1843 1076 1873 est,
1091 1842 1246 1878 quatenus
1269 1847 1402 1878 quaeque
1425 1842 1490 1867 tota
1506 1843 1539 1868 et
1564 1838 1623 1868 im-

157 1888 324 1930 maculata,
339 1890 440 1931 qualis
462 1897 520 1928 est,
538 1898 710 1932 perseverat
723 1892 803 1933 ipsa.
847 1891 896 1922 Tu
920 1891 1014 1932 igitur
1037 1890 1083 1921 illi
1099 1890 1218 1920 ratione
1241 1889 1360 1920 sincera
1375 1895 1406 1919 et
1422 1895 1531 1922 exacta
1547 1902 1622 1922 con-

159 1941 271 1979 sidera,
288 1943 373 1974 sicne
383 1954 422 1974 an
436 1944 525 1975 aliter
533 1956 565 1976 se
578 1956 624 1976 res
640 1946 763 1976 habeat.
799 1945 850 1975 Tu
858 1955 915 1975 ΒΑ,
931 1944 982 1975 Sic
994 1950 1086 1975 certe.
1110 1943 1166 1975 So.
1183 1942 1266 1984 Ergo
1284 1953 1340 1974 nec
1357 1944 1512 1975 medicina
1527 1945 1625 1976 medi-

157 1996 236 2027 cinae
251 1997 413 2038 prospicit,
425 1999 478 2028 sed
490 1999 623 2040 corpori.
646 1999 764 2030 Tnna.
777 1999 827 2029 Ita
838 2004 896 2029 est.
919 1999 975 2029 So.
991 1997 1105 2039 Neque
1122 1997 1271 2039 equestris
1282 1998 1430 2039 equestri,
1443 1999 1498 2029 sed
1512 2000 1600 2040 equis
1615 2011 1624 2039 ;

159 2060 260 2091 neque
277 2050 336 2081 alia
352 2051 413 2082 ulla
428 2062 475 2082 ars
491 2052 550 2082 sibi
576 2052 636 2093 ipsi
652 2064 658 2082 :
684 2062 747 2082 non
772 2051 853 2083 enim
870 2051 979 2093 indiga
1002 2057 1070 2082 est:
1097 2052 1151 2082 sed
1169 2051 1214 2081 illi
1229 2051 1319 2091 cujus
1335 2061 1382 2082 ars
1408 2057 1465 2084 est.
1509 2052 1625 2084 Tum.

158 2103 210 2134 Sic
225 2110 366 2144 apparet.
412 2105 469 2137 So,
494 2105 607 2147 Atqui,
624 2117 642 2136 o
669 2106 915 2148 Tbrasymacbe,
932 2111 1069 2147 praesunt
1090 2110 1170 2135 artes
1194 2110 1227 2135 et
1247 2105 1448 2136 dominantur
1463 2106 1519 2143 illi,
1535 2107 1625 2148 cujus

156 2163 229 2187 sunt
243 2163 333 2188 artes.
370 2158 440 2190 Hoc
456 2158 520 2194 ille,
537 2159 677 2200 quamvis
693 2169 785 2200 aegre,
803 2166 907 2190 tamen
923 2159 1088 2190 concessit.
1126 2158 1224 2189 Nulla
1239 2169 1312 2199 ergo
1327 2159 1469 2195 scientia,
1486 2160 1625 2201 inquam,

158 2210 323 2242 utilitatem
342 2212 525 2253 potentioris
540 2213 668 2255 inquirit
691 2219 745 2244 aut
772 2214 927 2255 praecipit,
945 2214 999 2243 sed
1025 2212 1235 2244 imbecillioris
1250 2218 1282 2243 et
1308 2212 1376 2253 ejus
1392 2214 1441 2243 cui
1457 2213 1625 2254 imperatur

157 2265 196 2295 ab
212 2275 260 2296 ea.
306 2265 420 2307 Neque
436 2267 495 2298 hoc
517 2267 571 2297 ille
594 2267 739 2309 negabat,
755 2269 810 2298 sed
837 2267 966 2309 parabat
980 2268 1018 2297 ad
1044 2268 1109 2297 liaec
1127 2276 1276 2308 pugnare.
1320 2266 1410 2297 Tunc
1427 2277 1485 2307 ego
1501 2267 1561 2298 alia
1578 2269 1624 2299 his

156 2318 288 2360 addens,
302 2319 418 2350 Nullus
434 2321 584 2357 medicus,
600 2321 740 2362 inquam,
757 2332 794 2352 eo
811 2323 896 2363 quod
921 2321 1060 2352 medicus
1082 2326 1141 2360 est,
1158 2320 1280 2351 medico
1295 2320 1434 2351 conferre
1450 2321 1556 2352 studet
1571 2328 1625 2352 aut

156 2370 189 2401 in
204 2382 242 2402 eo
257 2372 376 2414 aliquid
402 2374 556 2415 praecipit,
571 2376 626 2405 sed
653 2376 827 2416 aegrotanti.
851 2381 898 2407 est
923 2375 1005 2406 enim
1029 2385 1223 2411 concessum,
1239 2374 1293 2416 qui
1319 2384 1389 2404 vere
1404 2375 1533 2416 quidem
1560 2386 1624 2406 me·

155 2425 245 2456 dicus
267 2432 326 2463 est,
341 2437 412 2457 eum
434 2438 500 2459 esse
529 2428 689 2460 dominum
706 2439 882 2471 corporum,
898 2440 961 2460 non
989 2429 1188 2470 pecuniarum
1204 2427 1439 2459 cumulatorem.
1462 2439 1567 2459 nonne
1592 2429 1624 2459 id

157 2484 205 2509 est
230 2482 437 2512 concessum?
482 2483 659 2514 Consensit.
715 2483 832 2515 Nonne
858 2489 890 2514 et
915 2489 1057 2514 exactum
1085 2483 1321 2524 gubernatorem
1349 2481 1436 2512 navis
1461 2487 1623 2512 nautarum

158 2533 331 2575 principem
347 2544 427 2572 esse,
442 2546 505 2566 non
530 2543 655 2567 nautam
669 2538 680 2567 ?
725 2537 768 2567 Et
794 2538 865 2569 boc.
911 2537 1006 2568 Haud
1023 2537 1116 2578 igitur
1141 2537 1328 2578 gubernator
1342 2534 1413 2566 talis
1428 2545 1464 2565 ac
1479 2535 1625 2577 princeps

156 2587 188 2618 id
205 2587 334 2629 inquirit
355 2594 388 2620 et
411 2589 564 2631 praecipit,
580 2591 664 2632 quod
681 2591 741 2633 ipsi
757 2591 953 2633 gubernatori
977 2591 1129 2626 conferat,
1150 2589 1203 2620 sed
1220 2589 1304 2630 quod
1321 2588 1438 2628 nautis,
1453 2589 1506 2630 qui
1529 2590 1569 2620 ab
1585 2601 1624 2620 co

157 2648 314 2683 reguntur.
360 2642 438 2674 Haec
464 2654 590 2685 quoque
616 2645 668 2675 ille
694 2656 774 2687 aegre
800 2646 961 2677 confessus
986 2651 1043 2677 est.
1087 2643 1194 2685 Atque
1221 2643 1272 2674 hic
1296 2653 1378 2684 ego:
1407 2642 1522 2684 Neque
1547 2644 1626 2675 alius

158 2695 251 2734 uuus,
266 2697 405 2738 inquam,
418 2697 661 2740 Tlnrasymache,
678 2699 709 2730 in
733 2699 837 2741 aliquo
862 2700 1037 2741 principatu
1060 2705 1092 2729 et
1115 2697 1262 2728 facultate
1286 2697 1452 2738 imperans,
1469 2702 1623 2738 quatenus

159 2749 303 2791 princeps
318 2756 376 2788 est,
391 2752 476 2793 quod
492 2752 552 2782 sibi
566 2753 718 2794 conserat,
731 2754 849 2795 cogitat
864 2759 918 2785 aut
935 2753 1025 2795 praeci
1031 2753 1087 2794 pit,
1102 2752 1155 2783 sed
1180 2751 1265 2793 quod
1281 2750 1423 2792 subjecto
1439 2751 1597 2782 conducat
1613 2763 1622 2781 t

158 2808 190 2833 et
215 2814 284 2845 quae
312 2805 390 2836 dicit
415 2815 548 2847 quaeque
573 2806 659 2844 facit,
682 2812 796 2838 cuncta
817 2808 856 2839 ad
883 2807 967 2838 illius
994 2807 1159 2837 utilitatem
1175 2806 1383 2845 decoremque
1397 2804 1475 2834 dicit
1489 2811 1521 2835 et
1536 2805 1622 2835 facit.

162 2855 258 2899 [343]
277 2858 357 2889 Cum
369 2859 430 2890 huc
441 2859 608 2890 deventum
621 2865 713 2896 esset,
727 2861 932 2903 omnibusque
948 2865 1066 2902 pateret
1075 2859 1288 2890 definitionem
1299 2858 1377 2899 justi
1390 2858 1421 2888 in
1435 2858 1621 2889 contrarium

159 2909 583 2954 decidisse,'l'brasymaclms
595 2924 658 2945 non
671 2915 831 2957 respoudit
845 2915 984 2957 quiden»,
1001 2919 1034 2945 ut
1049 2914 1170 2951 debuit,
1184 2914 1252 2951 sed,
1268 2911 1390 2948 Dicito,
1405 2911 1515 2953 inquit,
1531 2922 1549 2941 o
1564 2911 1624 2941 So·
