1840 3225
148 214 245 264 534]
580 212 652 249 DE
683 207 990 248 REPUBLICA
1022 210 1121 248 LIB.
1152 211 1242 250 VII.
1535 215 1602 254 191

149 319 284 350 simum:
309 318 352 349 ita
368 317 505 348 omnium
522 325 614 357 supra
628 315 780 346 dictarum
797 314 907 345 artium
927 314 1065 345 studium
1092 316 1221 349 deducit
1247 317 1382 349 animum
1407 329 1462 361 per
1488 321 1610 351 umbras

150 384 213 405 non
228 371 471 408 simulacrorum,
484 371 538 402 sed
556 380 661 402 eorum
687 369 804 411 potius,
821 379 891 410 quae
915 379 986 401 vere
1010 375 1104 401 sunt:
1125 370 1331 414 judicareque
1357 384 1409 404 eas
1433 374 1528 406 efficit
1551 386 1606 416 ap-

152 433 294 470 parentes
318 428 357 458 ad
384 426 468 457 aliud
485 425 644 466 quoddam
669 423 787 465 lumen,
804 428 950 464 tanquam
977 423 1016 454 ad
1042 424 1160 464 solem;
1184 426 1341 468 habetque
1367 428 1427 458 vim
1449 429 1607 470 quandam

147 483 318 514 extollendi
334 482 378 518 id,
393 480 477 522 quod
494 486 541 510 est
555 479 586 509 in
603 478 706 508 animo
728 477 1024 518 praestantissimum,
1040 479 1079 509 ad
1106 480 1401 521 contemplationem
1429 482 1508 523 ejus,
1524 484 1610 525 quod

150 537 181 567 in
210 537 319 568 ordine
348 545 446 566 rerum
475 538 522 564 est
549 533 714 574 optimum.
761 531 874 563 GLAU.
897 531 1052 574 Equidem
1081 533 1125 564 sic
1151 534 1294 576 accipio:
1326 545 1502 577 quanquam
1531 537 1609 568 milii

149 589 224 620 talia
252 591 318 621 liaec
347 599 414 620 esse
442 587 598 624 videntur,
629 592 663 617 ut
698 596 801 627 neque
829 585 921 617 facile
950 586 1072 617 admitti
1101 587 1223 628 possint
1258 599 1362 630 neque
1390 590 1482 621 facile
1511 591 1611 632 rejici.

149 649 349 674 veruntamen
375 653 446 674 cum
470 652 533 672 non
561 641 593 671 in
621 639 789 682 praesentia
808 639 907 671 solum
924 640 1094 677 audienda,
1111 642 1166 672 sed
1195 641 1345 684 deinceps
1376 644 1490 685 saepius
1519 655 1607 686 repe-

149 697 244 728 tenda
272 697 347 732 sint,
363 695 410 726 his
435 695 480 726 ita
505 695 628 736 positis,
643 699 678 725 ut
704 704 788 726 nunc
817 694 964 724 traditum
994 699 1053 732 est,
1069 695 1108 726 ad
1125 695 1224 737 ipsam
1241 695 1308 737 jam
1335 697 1434 739 legem
1461 698 1610 730 devenia-

148 761 226 786 mus,
243 757 337 792 atque
361 750 405 781 ita
431 760 498 780 cam
523 759 747 790 percurramus,
764 753 798 779 ut
822 749 1002 790 prooemium
1027 760 1127 790 nuper
1151 751 1367 791 transegimus.
1413 751 1519 789 Quare
1546 752 1610 790 dic,

148 805 270 840 amabo,
287 805 355 846 quis
372 804 522 845 potentiae
537 803 709 834 disserendi
724 803 848 839 modus,
864 808 896 833 et
910 813 988 844 quas
1002 802 1035 835 in
1051 804 1171 845 species
1195 805 1400 843 distribuitur,
1417 812 1450 837 et
1465 817 1535 848 quae
1551 807 1608 838 viae

149 858 223 895 sint,
238 859 286 889 hae
301 869 436 900 namque
462 862 546 894 sunt,
563 862 599 888 ut
621 857 754 895 videtur,
770 868 840 899 quae
867 857 942 888 illuc
966 857 1155 899 perducunt,
1171 869 1233 900 quo
1259 859 1399 902 quisquis
1425 861 1614 902 pervenerit,

147 911 212 943 illic
235 913 360 943 demum
376 917 523 954 tanquam
535 912 569 943 in
586 912 703 943 itineris
718 912 850 943 termino
866 912 1050 953 requiescet.
1094 913 1150 943 So.
1174 912 1337 949 Nondum,
1354 925 1372 944 ο
1388 914 1487 946 amice
1510 914 1610 946 Glan-

147 976 198 1002 c0,
223 965 321 1009 [533]
346 966 469 1008 assequi
489 967 613 1008 poteris.
637 966 790 1007 profecto,
806 972 956 1008 quantum
982 966 1016 997 in
1044 977 1093 997 me
1118 971 1175 1004 est,
1191 967 1269 998 nihil
1294 968 1351 999 tibi
1376 968 1476 999 deerit
1503 969 1612 1007 studii,

148 1031 212 1061 quo
229 1021 292 1051 voti
321 1031 450 1061 compos
479 1020 640 1051 efficiaris:
666 1031 769 1061 neque
799 1021 967 1061 imaginem
996 1021 1129 1061 amplius
1155 1020 1235 1061 ejus,
1251 1032 1314 1063 quo
1343 1022 1384 1052 de
1409 1022 1542 1064 agimus,
1556 1024 1612 1054 sed

151 1084 214 1105 rem
243 1074 341 1115 ipsam
374 1084 488 1109 veram,
519 1073 619 1113 qualis
649 1073 723 1103 mihi
751 1072 885 1108 videtur,
914 1073 1058 1113 aspicies.
1081 1079 1183 1104 utrum
1214 1078 1318 1105 autem
1348 1085 1454 1106 revera
1479 1077 1549 1107 talis
1574 1077 1615 1107 sit

149 1137 261 1164 necne,
291 1128 532 1169 haudquaquam
559 1126 707 1157 affirmare
735 1126 848 1156 decet:
887 1125 940 1156 sed
968 1125 1047 1156 illud
1073 1126 1226 1157 duntaxat
1252 1129 1502 1167 asseverandum,
1526 1131 1613 1171 quod

147 1182 210 1213 tale
238 1182 356 1223 aliquid
386 1189 433 1213 est
459 1181 725 1222 cognoscendum.
761 1179 889 1210 nonne?
949 1179 1063 1211 GLAU.
1092 1179 1182 1211 Nihil
1220 1181 1376 1222 probibet.
1435 1183 1492 1214 So.
1528 1183 1616 1220 Quin

148 1237 242 1267 etiam
268 1242 300 1267 et
324 1236 420 1272 istud,
435 1235 519 1277 quod
535 1234 603 1265 sola
617 1234 789 1265 disserendi
805 1233 936 1264 facultas
957 1233 1078 1264 homini
1103 1234 1135 1265 in
1161 1235 1220 1272 his,
1236 1246 1306 1277 quae
1331 1236 1476 1272 diximus,
1491 1237 1614 1268 erudito

147 1290 182 1320 id
198 1291 360 1322 ostendet:
385 1289 474 1320 aliter
488 1299 559 1319 vero
575 1288 721 1329 cognosci
747 1287 871 1329 penitus
894 1287 1097 1329 impossibile.
1144 1287 1258 1320 GLAU.
1284 1289 1355 1321 Hoc
1381 1300 1507 1331 quoque
1532 1301 1615 1322 asse-

149 1345 330 1375 verandum.
374 1343 429 1375 So.
455 1342 558 1373 Nemo
575 1347 678 1373 autem
706 1341 918 1373 adversabitur
939 1341 1028 1372 nobis
1055 1341 1243 1379 dicentibus,
1260 1344 1346 1384 quod
1370 1344 1542 1375 disserendi
1567 1345 1614 1376 fa-

150 1398 250 1428 cultas
264 1399 416 1428 duntaxat
432 1402 562 1427 conatur
577 1397 686 1427 ordine
701 1402 785 1428 certo
801 1396 884 1427 circa
899 1397 1160 1438 unumquodque,
1177 1396 1252 1438 quid
1270 1397 1369 1438 ipsum
1395 1398 1447 1435 sit,
1463 1399 1614 1431 invenire.

150 1452 302 1493 siquidem
318 1457 429 1483 ceterae
447 1455 527 1482 artes
543 1455 597 1481 aut
612 1451 651 1481 ad
668 1450 834 1492 opiniones
850 1451 1011 1481 hominum
1027 1450 1280 1492 cupiditatesque
1302 1452 1484 1493 respiciunt,
1500 1453 1549 1484 vel
1575 1454 1614 1484 ad

151 1505 365 1546 generationes
387 1510 419 1536 et
447 1505 702 1545 compositiones,
717 1505 765 1536 vel
790 1506 827 1535 ad
855 1505 1006 1536 culturam
1035 1515 1140 1535 eorum
1165 1515 1235 1546 quae
1260 1511 1446 1546 generantur
1469 1512 1502 1537 et
1529 1518 1614 1539 com-

151 1565 329 1601 ponuntur:
368 1559 495 1600 reliquae
520 1569 604 1595 vero,
627 1569 704 1600 quas
730 1559 863 1589 diximus
887 1568 1024 1588 verarum
1048 1569 1146 1588 rerum
1178 1568 1305 1600 quoquo
1331 1560 1424 1590 modo
1448 1560 1616 1603 participes

150 1624 230 1650 esse,
247 1612 429 1644 Geometria
445 1612 564 1643 scilicet
579 1611 710 1653 ejusque
725 1612 867 1648 comites,
883 1612 966 1643 circa
980 1612 1080 1653 ipsam
1098 1612 1263 1643 essentiam
1277 1613 1510 1654 quodammodo
1535 1626 1615 1646 som-

151 1667 260 1705 niant·‚
285 1667 402 1698 sincere
419 1671 521 1697 autem
537 1666 705 1707 quicquam
722 1666 760 1696 ab
775 1666 836 1696 illis
853 1676 976 1697 cernere
993 1665 1184 1706 impossibile
1208 1672 1267 1704 est,
1281 1677 1445 1708 quousque
1472 1669 1617 1710 supposi-

150 1721 289 1752 tionibus
305 1721 434 1756 haerent,
447 1730 561 1760 easque
576 1725 656 1749 ratas
671 1725 704 1750 et
718 1719 890 1750 immobiles
907 1719 985 1749 adeo
1007 1724 1142 1756 servant,
1160 1725 1194 1750 ut
1218 1720 1340 1751 illarum
1368 1721 1519 1752 rationem
1546 1723 1616 1753 red-

150 1776 224 1806 dere
240 1779 408 1815 nequeant.
432 1784 502 1803 nam
529 1773 583 1803 ubi
610 1773 797 1814 principium
824 1773 951 1814 quidem
978 1774 1106 1814 ponitur
1129 1773 1176 1810 id,
1191 1775 1274 1815 quod
1304 1781 1351 1805 est
1374 1775 1529 1815 ignotum,
1546 1776 1617 1807 finis

151 1834 255 1860 autem
271 1833 303 1859 et
320 1828 421 1859 media
435 1838 472 1858 ex
486 1828 593 1869 ignoto
611 1832 708 1858 tracta
722 1827 853 1858 invicem
871 1832 1121 1858 connectuntur:
1146 1828 1219 1859 inde
1235 1829 1398 1860 collectam
1415 1830 1615 1861 assertionem

151 1892 286 1925 quonam
317 1887 410 1922 pacto
439 1881 599 1913 scientiam
631 1881 887 1911 nominabimus?
946 1880 1062 1912 GLau.
1086 1880 1196 1913 Nullo.
1257 1882 1309 1912 So.
1333 1881 1508 1913 Dialectica
1544 1894 1617 1914 vero

154 1937 220 1968 sola
257 1936 385 1966 sublatis
421 1935 692 1977 suppositionibus
729 1935 885 1971 omnibus,
923 1935 962 1965 ad
1007 1934 1108 1976 ipsum
1146 1935 1333 1977 principium
1371 1936 1616 1968 confirmandum

156 1990 268 2031 pergit,
305 2000 342 2020 ac
368 2000 475 2021 revera
502 1989 598 2020 animi
625 1989 763 2024 oculum,
801 1999 891 2019 coeno
929 1988 1087 2018 barbarico
1115 1989 1271 2025 obrutum,
1311 1989 1460 2030 paulatim
1495 2000 1613 2021 sursum

155 2043 248 2074 trahit
261 2054 298 2074 ac
313 2043 412 2078 ducit,
429 2049 577 2083 tanquam
594 2041 800 2083 adjutricibus
813 2052 849 2073 ac
867 2041 1012 2072 ministris
1027 2042 1213 2083 quibusdam
1230 2048 1320 2073 utens
1336 2043 1383 2074 his
1395 2043 1524 2086 artibus,
1539 2055 1617 2086 quas

154 2097 354 2127 narravimus.
378 2106 430 2127 eas
447 2106 535 2137 porro
551 2107 608 2126 nos
624 2106 708 2137 saepe
724 2096 870 2127 scientias
887 2101 1012 2137 propter
1027 2096 1289 2128 consuetudinem
1305 2098 1545 2130 nominavimus.
1568 2099 1617 2129 in-

151 2151 260 2192 digent
275 2156 377 2181 autem
393 2150 455 2181 alio
471 2150 608 2187 nomine,
625 2150 751 2181 clariore
768 2150 894 2191 quidem
910 2160 1003 2191 quam
1028 2150 1068 2181 sit
1093 2150 1213 2191 opinio,
1229 2151 1404 2182 obscuriore
1427 2163 1499 2183 vero
1522 2163 1616 2194 qnam

152 2205 294 2236 scientia.
316 2203 538 2246 cogitationem
554 2209 637 2235 certe
653 2214 709 2234 nos
725 2205 759 2235 in
773 2204 981 2245 superioribus
1004 2214 1108 2235 earum
1135 2205 1294 2235 notionem
1317 2206 1616 2247 cognominavimus.

154 2258 268 2300 Neque
284 2264 387 2289 tamen
403 2264 451 2288 est
465 2259 505 2288 de
521 2258 646 2289 nomine
662 2258 872 2289 controversia
887 2259 966 2288 inter
981 2269 1047 2297 eos,
1061 2258 1174 2299 quibus
1190 2258 1228 2288 de
1257 2259 1346 2288 rebus
1370 2260 1476 2296 tantis,
1489 2261 1614 2301 quantis

153 2312 243 2342 nobis
258 2313 296 2342 ad
315 2322 460 2352 praesenS,
476 2316 523 2341 cst
539 2312 739 2353 disceptatio.
787 2312 903 2343 GLAU.
926 2312 1000 2343 Non
1016 2318 1111 2343 certe.
1135 2323 1206 2342 nam
1228 2312 1324 2342 solam
1349 2313 1477 2354 exigunt
1501 2315 1540 2344 ad
1568 2325 1614 2345 re·

154 2376 218 2395 rum
233 2365 372 2395 habitum
396 2365 509 2395 interni
533 2370 706 2406 conceptus
732 2366 974 2407 expressionem.
1016 2366 1072 2396 So.
1097 2366 1205 2396 Placet
1228 2365 1333 2406 igitur,
1350 2368 1614 2407 quemadmodum

153 2429 256 2460 snpra,
273 2418 400 2459 primam
418 2417 590 2459 portionem
604 2429 715 2449 vocare
731 2418 904 2456 scientiam,
921 2420 1091 2450 secundam
1107 2419 1342 2459 cogitationem,
1370 2419 1467 2460 [534]
1491 2421 1612 2451 tertiam

152 2473 257 2508 fidem,
274 2477 458 2512 postremam
474 2471 726 2512 imaginationem
743 2473 792 2503 vcl
809 2472 1060 2503 assimilationem
1078 2485 1085 2503 :
1111 2478 1142 2503 et
1157 2473 1248 2503 ambo
1263 2472 1316 2503 illa
1331 2473 1419 2503 simul
1437 2474 1614 2516 intelligen-

151 2526 238 2561 tiam,
257 2526 322 2556 liaec
338 2530 440 2555 autem
456 2525 546 2555 ambo
563 2525 653 2556 simul
670 2526 850 2568 opinionem
865 2538 871 2556 :
896 2532 928 2558 et
942 2527 1122 2568 opinionem
1139 2527 1264 2568 quidem
1278 2527 1359 2557 circa
1370 2528 1613 2568 generationem,

150 2578 388 2619 intelligentiam
404 2589 476 2608 vero
493 2578 573 2609 circa
589 2580 753 2610 essentiam
769 2590 846 2611 esse.
892 2581 988 2617 Quod
1004 2585 1106 2610 autem
1123 2586 1169 2610 est
1185 2580 1224 2610 ad
1248 2581 1479 2621 generationem
1508 2594 1613 2614 essen-

151 2632 206 2667 tia,
221 2632 254 2662 id
270 2631 310 2661 ad
326 2631 505 2672 opinionem
521 2631 751 2672 intelligentia:
775 2633 900 2674 quodve
917 2633 1124 2674 intelligentia
1140 2639 1187 2664 cst
1202 2634 1240 2664 ad
1257 2634 1449 2675 opinionem,
1466 2635 1496 2666 id
1516 2641 1549 2667 et
1574 2637 1613 2667 ad

154 2685 248 2715 fidem
277 2685 418 2721 scientia,
446 2690 478 2715 et
507 2685 547 2715 ad
578 2685 832 2726 imaginationem
862 2687 1000 2728 denique
1028 2687 1189 2728 cogitatio.
1235 2687 1509 2729 Comparationem
1541 2701 1612 2721 vero

153 2739 287 2776 illorum,
313 2738 347 2768 in
374 2739 486 2780 quibus
509 2739 568 2769 ista
593 2745 764 2781 versantur,
790 2741 1040 2783 divisionemque
1066 2740 1226 2783 utriusque
1251 2743 1418 2783 geminam,
1446 2744 1614 2784 opinabilis

157 2791 277 2823 scilicet
299 2791 578 2833 intelligibilisque,
596 2802 614 2823 o
630 2792 766 2832 Glauco,
793 2795 983 2831 omittamus,
1000 2805 1040 2825 ne
1064 2794 1213 2835 prolixior
1225 2795 1265 2826 de
1280 2796 1327 2826 his
1350 2795 1448 2826 oratio
1464 2806 1556 2837 quam
1573 2798 1613 2827 de

159 2846 366 2886 superioribus
388 2847 550 2878 habeatur.
596 2846 710 2878 Guu.
734 2847 889 2889 Equidem
914 2848 982 2879 aliis
1008 2854 1158 2890 quantum
1180 2859 1292 2891 capere
1314 2859 1382 2879 mea
1398 2859 1483 2880 mens
1501 2855 1614 2890 potest,

159 2900 317 2931 assentior.
362 2900 420 2931 So.
444 2900 498 2931 An
514 2911 577 2932 non
593 2901 791 2933 dialecticum
815 2913 908 2934 vocas
931 2913 1013 2939 eum,
1036 2901 1091 2944 qui
1115 2903 1263 2949 rationem
1279 2902 1447 2944 cujuslibet
1469 2902 1554 2943 capit
1569 2914 1618 2935 es.

157 2952 290 2985 sentiae?
313 2954 401 2987 illum
426 2966 509 2994 vcro,
534 2956 590 2998 qui
614 2956 695 2990 hanc
719 2957 869 2991 rationem
895 2967 959 2990 non
983 2958 1078 2991 habet
1103 2963 1256 3000 quatenus
1281 2967 1339 2990 nec
1365 2957 1423 2989 sibi
1450 2967 1508 2990 nce
1531 2957 1618 2994 alteri
