1840 3225
151 157 246 208 727]
464 170 486 176 -
599 156 672 195 DE
701 154 929 193 LEGmus
961 155 1057 195 Lm.
1090 156 1137 194 V.
1524 159 1600 196 335

147 256 212 291 non
228 258 308 301 legis
319 257 398 289 ratio
414 257 470 289 sed
485 258 668 299 prooemium
684 263 784 288 totum
798 257 858 288 hoc
880 256 991 287 merito
1007 257 1226 298 appellabitur.
1242 262 1311 299 post
1322 258 1388 288 liaee
1404 262 1509 289 autem
1524 258 1602 300 quid

145 314 275 355 insuper
288 312 362 344 addi
378 312 547 343 desidero?
572 313 629 344 hoc
655 321 742 342 sane.
786 310 941 352 Oportere
967 311 1177 352 legislatorem
1200 312 1362 342 exordium
1377 322 1501 353 semper
1516 314 1603 343 omni

147 368 209 409 legi
226 377 411 409 proponere,
431 372 462 397 et
476 367 508 397 in
532 365 674 407 singulis,
690 365 724 395 in
748 375 811 406 quo
834 375 852 395 a
867 375 901 395 se
926 365 1004 406 ipsis
1024 365 1181 401 differant,
1197 372 1350 406 quatenus
1375 365 1437 397 duo
1450 366 1516 403 illa,
1531 377 1601 408 quae

148 421 242 452 modo
256 421 357 452 relata
370 425 453 456 sunt,
469 419 666 450 differebant.
710 418 786 450 Cu.
810 418 879 459 Ego
905 418 1033 460 quidem
1056 429 1219 460 nunquam
1244 420 1335 450 aliter
1354 420 1450 450 virum
1473 421 1603 453 istarum

147 485 251 506 rerum
275 476 409 516 peritum
431 475 517 516 leges
541 474 621 504 ferre
646 472 865 504 desiderarem.
909 473 1046 504 Arnas.
1068 474 1171 505 Probe
1198 474 1284 510 mihi,
1301 475 1416 511 Clinia,
1430 486 1469 506 eo
1488 477 1605 508 dixisse

147 528 273 566 videris,
289 529 372 571 quod
399 528 542 560 omnibus
570 527 690 568 legibus
714 527 897 568 prooemium
924 526 1081 568 quoddam
1106 527 1242 568 praeerit,
1272 533 1305 558 et
1329 529 1414 569 quod
1437 532 1605 570 oportetin

147 583 249 614 omnis
268 583 370 624 legum
395 581 631 622 conscriptionis
654 580 809 622 principio
834 580 919 611 omni
943 581 1080 611 sermoni
1105 591 1279 622 proponere
1303 583 1464 613 exordium
1485 584 1607 626 legibus

147 636 278 678 singulis
293 636 572 666 accommodatum.
593 644 658 664 non
673 634 756 664 enim
784 643 915 674 parvum
941 642 1000 670 est,
1017 633 1101 675 quod
1130 640 1241 675 postea.
1265 636 1397 667 dicitur:
1422 647 1480 667 nec
1495 648 1605 678 parum

146 690 251 726 refert,
267 690 391 720 clarene
406 699 445 720 an
461 689 591 720 obscure
606 689 682 719 talia
707 693 997 719 commemorentur.
1019 689 1047 718 si
1061 694 1167 719 autem
1185 699 1368 730 magnarum
1382 700 1607 733 parvarumque

146 743 250 784 legum
266 743 392 774 exordia
407 742 549 773 similiter
563 742 678 773 confici
700 742 878 784 jubeamus,
892 752 957 772 non
980 747 1065 773 recte
1080 742 1268 783 jubebimus.
1288 754 1352 774 non
1367 744 1452 775 enim
1465 745 1497 775 in
1512 751 1607 777 cantu

145 806 249 838 neque
261 796 295 827 in
320 797 406 827 omni
430 805 572 827 sermone
593 795 626 826 id
645 794 837 827 faciendum.
858 804 934 824 nam
948 794 1008 825 etsi
1033 795 1134 836 possit
1155 795 1189 826 in
1212 797 1358 828 omnibus
1381 798 1528 835 inveniri,
1542 810 1607 831 non

144 855 249 881 tamen
265 850 408 881 omuibus
424 850 582 880 utendum
597 855 656 880 est.
677 849 712 879 id
736 854 843 879 autem
867 848 930 889 ipsi
953 849 1069 880 rheton'
1092 850 1272 891 cantorique
1289 857 1321 882 et
1334 852 1440 894 legum
1454 852 1608 884 conditori

144 914 270 945 semper
293 910 343 935 est
366 903 614 935 concedendum.
661 902 739 934 Cu.
762 902 850 933 Vera
874 902 1022 943 loqueris,
1046 904 1171 945 hospes.
1192 906 1247 935 sed
1269 916 1310 935 ne
1324 906 1452 937 ulterius
1464 907 1607 938 immore-

146 968 224 995 mur,
240 958 335 989 immo
350 968 423 989 vero
437 957 479 988 ad
505 967 683 988 sermonem
706 956 902 998 propositum
920 955 989 996 jam
1013 962 1214 993 revertamur,
1230 963 1264 988 et
1282 959 1321 989 ab
1336 959 1398 989 illis
1411 960 1608 1001 incipiamus,

145 1011 173 1042 si
194 1011 252 1042 tibi
276 1012 393 1053 placet,
417 1022 487 1053 quae
519 1021 613 1053 supra
639 1010 723 1041 haud
750 1010 840 1051 quasi
867 1010 1015 1051 prooemio
1044 1016 1136 1041 utens
1160 1010 1278 1042 dixisti.
1306 1022 1402 1053 quare
1428 1013 1552 1051 iterum,
1574 1022 1610 1047 ut

145 1064 294 1096 ludentes
317 1065 415 1101 aiunt,
439 1065 569 1096 meliora
591 1064 630 1094 ab
656 1064 747 1094 initio
771 1062 912 1094 secunda
934 1073 1140 1101 resumamus,
1156 1065 1247 1106 quasi
1273 1071 1392 1097 certum
1415 1069 1608 1108 prooemium,

146 1130 209 1150 non
224 1119 460 1161 contingentem
475 1129 651 1150 sermonem
677 1122 711 1148 ut
741 1128 841 1159 nuper
868 1122 1050 1149 tractantes.
1072 1118 1259 1160 incipiamus
1285 1119 1391 1161 itaque
1418 1126 1450 1152 et
1475 1123 1610 1155 exordiri

146 1173 355 1214 profiteamur.
377 1184 415 1204 ac
431 1174 470 1204 de
486 1174 605 1205 honore
630 1171 759 1213 quidem
789 1171 928 1202 Deorum
954 1172 1173 1214 majorumque
1199 1179 1374 1205 nostrorum
1389 1185 1465 1206 cura
1479 1177 1555 1207 satis
1569 1178 1611 1208 sit

146 1226 287 1258 dictum:
311 1233 417 1259 cetera
438 1228 604 1268 transigere
628 1226 814 1271 annitamur,
829 1225 929 1257 donec
954 1226 1011 1257 tibi
1025 1226 1159 1258 videaris
1183 1228 1374 1259 sufficienter
1394 1234 1494 1260 totum
1507 1241 1611 1271 proce.

147 1281 242 1312 mium
259 1281 441 1312 absolvisse.
463 1280 600 1322 denique
616 1286 688 1322 post
701 1280 886 1322 prooemium
908 1280 996 1321 leges
1021 1281 1220 1322 aggredieris.
1245 1282 1342 1324 [724]
1367 1282 1504 1314 Amm«.
1528 1284 1611 1315 Cum

146 1333 187 1365 de
217 1334 290 1365 Diis
315 1334 466 1375 Deosque
491 1334 703 1375 sequentibus,
720 1338 754 1364 et
777 1333 970 1375 parentibus,
986 1334 1052 1365 sive
1077 1335 1254 1367 viventibus
1269 1337 1335 1367 sive
1351 1336 1519 1375 defunctis,
1535 1339 1612 1369 satis

146 1398 202 1430 per
216 1388 378 1419 exordium
403 1388 583 1425 dixerimus,
599 1393 634 1419 ut
646 1398 732 1419 nunc
759 1388 948 1419 affirmamus
964 1399 971 1418 ε
995 1388 1082 1430 quod
1097 1395 1203 1427 restat,
1218 1395 1254 1421 ut
1269 1397 1301 1421 tu
1312 1391 1421 1433 jubere
1436 1392 1562 1429 videris,
1576 1393 1611 1425 in

146 1444 247 1475 lucem
272 1448 321 1473 est
344 1443 555 1474 educendum.
600 1441 677 1473 cm.
700 1442 829 1473 Prorsus
851 1442 990 1484 quidem.
1033 1443 1172 1475 Arum«.
1195 1444 1272 1476 Post
1299 1445 1354 1476 illa
1380 1456 1453 1476 vero
1482 1457 1553 1488 quae
1569 1447 1611 1478 ad

147 1497 276 1533 animos,
292 1507 362 1538 quae
378 1496 420 1527 ad
434 1507 575 1538 corpora,
591 1507 661 1538 quae
685 1496 726 1527 ad
751 1502 878 1528 externa
900 1497 1070 1538 pertinent,
1087 1508 1149 1539 quo
1169 1498 1276 1530 studio
1290 1499 1424 1530 colenda
1437 1500 1510 1536 sint,
1524 1512 1609 1532 com—

149 1551 284 1582 muniter
298 1550 481 1582 disserendo
496 1551 542 1581 ita
556 1550 765 1582 determinare
780 1555 913 1592 oportet,
928 1556 964 1581 ut
982 1556 1016 1582 et
1028 1551 1171 1583 dicentes
1186 1557 1218 1583 et
1232 1554 1395 1584 audientes
1411 1553 1610 1596 disciplinam

147 1615 205 1646 pro
219 1605 334 1636 viribus
356 1614 591 1646 consequamur.
612 1605 680 1636 haec
705 1615 778 1646 ergo
805 1610 877 1647 post
900 1605 954 1636 illa
978 1605 1066 1637 nobis
1092 1616 1201 1638 revera
1227 1606 1363 1639 dicenda
1390 1607 1609 1651 audiendaque

148 1664 232 1690 sunt.
276 1659 353 1691 C1.1.
374 1658 478 1690 Recte
501 1657 669 1690 admodum
685 1659 833 1701 loqueris.

769 1846 907 1895 LIB.
944 1847 1006 1898 V.

150 1985 248 2027 [⁷26]
274 1987 416 2020 Aunur
427 1990 494 2032 jam
514 1991 644 2033 reliqua,
667 1989 844 2032 quicunque
871 1990 966 2032 paulo
992 1996 1065 2022 ante
1089 1990 1130 2022 de
1153 1991 1227 2023 Diis
1251 1992 1496 2035 carrissimisque
1520 1995 1607 2037 geni-

149 2041 266 2072 toribus
281 2042 439 2076 audiebat.
463 2046 612 2087 cujusque
627 2045 712 2076 enim
740 2045 861 2075 animus
887 2045 1027 2077 omnium
1053 2055 1176 2076 suarum
1202 2057 1304 2077 rerum
1326 2053 1396 2089 post
1422 2048 1520 2086 Deos,
1535 2060 1608 2081 cum

149 2095 192 2126 sit
206 2096 342 2128 maxime
370 2108 454 2134 suus,
482 2099 692 2131 divinissimus
722 2105 780 2131 est.
808 2109 880 2140 quae
908 2109 980 2130 vero
1008 2110 1064 2131 sua
1092 2107 1176 2137 sunt,
1202 2100 1345 2132 bifar-iam
1363 2101 1554 2134 dividuntur.
1576 2109 1610 2135 et

149 2150 327 2191 potentiora
339 2151 464 2192 quidem
480 2163 517 2184 ac
532 2154 664 2184 meliora
687 2153 896 2190 dominantur,
911 2153 1118 2185 imbecilliora
1141 2165 1214 2186 vero
1228 2155 1444 2198 deterioraque
1459 2158 1609 2190 serviunt.

150 2203 295 2236 Profecto
310 2215 380 2246 quae
396 2205 605 2244 dominantur,
621 2218 686 2250 prae
716 2207 789 2244 illis,
806 2218 875 2249 quae
904 2208 1056 2249 serviunt,
1086 2219 1208 2250 semper
1230 2215 1303 2241 sunt
1316 2211 1508 2242 honoranda.
1530 2223 1606 2254 qua-

151 2262 276 2298 propter
290 2259 399 2291 merito
415 2265 488 2301 post
509 2262 708 2293 dominantes
729 2261 817 2293 Deos
845 2272 972 2304 eosque,
998 2262 1095 2305 [727]
1118 2264 1173 2305 qui
1187 2264 1260 2295 illos
1273 2270 1455 2306 sequuntur,
1468 2267 1606 2298 animum

149 2316 286 2342 nostrum
315 2314 483 2345 colendum
508 2315 709 2358 secundoque
735 2316 805 2347 loco
831 2316 1007 2347 habendum
1029 2317 1136 2359 jubeo.
1158 2329 1251 2350 nemo
1274 2324 1389 2355 autem,
1411 2325 1447 2350 ut
1473 2319 1608 2352 breviter

150 2363 265 2402 dicam,
281 2371 365 2397 recte
391 2368 529 2399 animum
557 2379 647 2400 suum
673 2371 816 2407 honorat,
839 2371 982 2412 quamvis
999 2370 1150 2404 videatur.
1174 2371 1315 2403 divinum
1329 2373 1415 2403 enim
1427 2373 1541 2404 bonum
1558 2381 1607 2406 est

150 2418 248 2449 honor
262 2430 268 2449 :
293 2421 445 2452 malorum
460 2428 565 2453 autem
580 2424 657 2454 nihil
673 2430 722 2455 est
735 2425 960 2456 honorandum.
983 2426 1122 2467 quisquis
1136 2426 1230 2468 igitur
1245 2432 1334 2467 putat
1348 2427 1397 2457 vel
1413 2428 1605 2460 sermonibus

150 2472 336 2513 quibusdam
351 2475 402 2505 vel
416 2476 594 2507 muneribus
608 2478 659 2509 vel
671 2478 827 2519 obsequiis
851 2479 984 2510 animum
1011 2490 1099 2511 suum
1124 2480 1270 2511 extollere
1285 2480 1311 2510 si
1325 2481 1485 2511 meliorem
1502 2482 1603 2523 ipsum

150 2536 191 2557 ex
207 2526 360 2558 deteriore
373 2538 437 2559 non
451 2529 565 2566 reddit,
581 2541 761 2573 quanquam
786 2533 936 2564 honorare
961 2533 1098 2575 videtur,
1112 2534 1241 2565 minime
1254 2539 1360 2565 tamen
1375 2534 1409 2565 id
1422 2535 1509 2567 facit.
1530 2546 1604 2568 nam

150 2581 255 2611 statim
282 2591 301 2612 a
327 2583 463 2623 pueritia
490 2585 702 2627 unusquisque
728 2586 932 2619 sufficientem
955 2587 997 2619 ad
1025 2588 1130 2619 onmia
1159 2589 1379 2628 cognoscenda
1403 2599 1437 2619 se
1458 2595 1556 2631 putat,
1572 2597 1606 2622 et

149 2633 299 2666 honorare
314 2646 404 2667 suum
419 2637 557 2669 animum
578 2639 724 2680 opinatur
748 2641 917 2678 laudando,
933 2641 1207 2683 permittendoque
1233 2641 1292 2673 sibi
1317 2642 1468 2684 quicquid
1481 2644 1607 2676 libuerit

149 2696 252 2728 agere.
273 2699 330 2720 nos
346 2696 449 2721 autem
475 2692 609 2724 dicimus
633 2703 716 2731 eum,
731 2695 786 2736 qui
811 2696 878 2727 haec
905 2696 980 2737 agit,
996 2696 1133 2727 animum
1156 2705 1221 2727 non
1243 2697 1394 2728 honorare
1409 2697 1464 2728 sed
1480 2698 1604 2736 laedere,

151 2750 245 2782 quem
259 2747 364 2775 tamen
388 2746 526 2777 secundo
550 2748 619 2779 loco
645 2754 716 2789 post
743 2748 830 2781 Deos
853 2750 988 2782 dicimus
1013 2749 1240 2781 honorandum.
1264 2750 1319 2781 sed
1344 2761 1446 2793 neque
1461 2751 1602 2784 illeeum

151 2794 293 2833 honorat,
305 2799 360 2839 qui
374 2805 570 2840 peccatorum
598 2813 721 2833 suorum
748 2803 1013 2846 plurimorumque
1042 2809 1076 2835 et
1100 2804 1303 2836 maximorum
1323 2806 1472 2837 scelerum
1489 2816 1550 2836 non
1567 2817 1601 2837 se

150 2847 264 2891 ipsum,
279 2851 335 2884 sed
362 2851 440 2886 alios
465 2866 590 2889 causam
618 2856 715 2891 ducit.
737 2858 790 2901 qui
814 2868 902 2897 sane,
928 2870 961 2892 sc
987 2859 1090 2903 ipsum
1116 2870 1238 2902 semper
1262 2870 1424 2898 excusans,
1451 2862 1599 2892 honorare
