1840 3225
177 217 276 268 351]
728 219 987 259 EPISTOLA
1029 221 1122 262 VII.
1325 220 1328 221 ⁷
1556 226 1636 265 493

175 319 232 351 sed
246 319 311 357 ille,
329 326 364 351 ut
376 321 483 358 fertur,
498 321 688 365 anticipans,
705 327 738 353 et
751 332 847 364 parvo
862 323 998 363 quodam
1014 323 1078 354 diei
1097 324 1200 365 spatio
1216 325 1373 356 satellites
1387 325 1541 362 devitans,
1556 327 1638 358 intra

175 373 468 416 Carthaginensium
493 376 572 407 fines
601 386 633 406 se
662 376 794 417 recepit.
825 375 895 416 jam
921 385 995 406 vero
1026 386 1065 406 ex
1095 377 1270 408 inimicitiis
1299 385 1410 410 contra
1437 389 1488 410 me
1520 381 1637 411 exortis

172 427 369 467 probabilem
394 428 573 471 Dionysius
588 429 805 469 occasionem,
819 439 914 470 quam
929 439 986 470 per
1001 429 1133 460 insidias
1150 430 1204 460 diu
1218 436 1412 472 captaverat,
1429 444 1469 464 ne
1485 433 1638 465 videlicet

173 480 214 510 ad
230 480 368 512 Dionem
383 483 525 523 pecuniae
540 483 750 519 mitterentur,
767 487 928 513 assecutus
942 482 1037 513 fuisse
1052 483 1188 514 videtur.
1211 494 1247 515 ac
1277 486 1412 526 primum
1440 487 1569 527 quidem
1595 497 1637 518 ex

174 543 245 564 arce
261 545 310 565 me
326 536 443 571 emisit,
458 536 658 567 occasionem
680 537 861 577 praeferens,
886 535 972 577 quod
987 536 1135 567 mulieres
1150 548 1238 568 sacra
1254 539 1363 569 decem
1379 540 1502 570 dierum
1518 541 1551 570 in
1567 541 1637 581 qui-

172 587 231 618 bus
255 588 432 620 habitabam
449 590 543 620 hortis
569 596 674 620 essent
693 590 833 622 facturae.
857 590 966 630 itaque
993 600 1042 620 me
1065 601 1122 631 per
1149 601 1206 621 eos
1233 591 1302 622 dies
1324 597 1410 622 extra
1426 603 1526 623 arcem
1551 594 1636 634 apud

172 639 400 672 Archidemum
427 651 550 672 manere
572 642 678 683 jussit.
701 643 821 673 interea
841 641 1032 679 Theodotes,
1058 653 1108 674 me
1125 644 1163 674 ad
1181 654 1213 674 se
1229 655 1356 682 vocans,
1373 646 1472 676 multa
1488 647 1570 677 circa
1585 657 1635 683 ea,

173 704 245 734 quae
268 700 344 726 tunc
367 695 451 726 sacta
466 700 566 731 erant,
582 695 621 727 de
636 695 797 738 Dionysio
813 702 1001 737 conquestus
1017 702 1075 728 est.
1123 697 1299 739 Dionysius
1314 709 1398 735 vero,
1413 709 1485 729 cum
1498 700 1639 731 audisset

172 747 214 778 ad
237 748 433 779 Theodotem
459 759 511 779 me
538 749 711 790 profectum
735 750 844 786 fuisse,
859 754 972 780 nactus
987 755 1020 780 et
1034 751 1115 781 hanc
1129 760 1237 781 rursus
1251 745 1449 783 occasione'm
1464 758 1573 783 contra
1586 763 1638 785 me

171 801 248 838 odii,
273 801 370 842 priori
394 802 543 842 similem,
568 803 656 834 misit
682 804 722 834 ad
747 814 810 840 me,
837 804 892 845 qui
918 808 1167 844 percontaretur,
1181 805 1324 846 nunquid
1339 806 1423 847 apud
1439 806 1637 837 Theodotem

171 860 302 886 vocatus
326 855 497 896 aliquando
521 856 660 887 fuissem.
683 862 777 898 atque
808 867 866 897 ego
892 857 1029 888 adfuisse
1051 858 1150 888 libere
1177 859 1339 890 confessus
1365 870 1443 891 sum.
1467 866 1543 890 tunc
1569 860 1637 897 ille,

169 908 270 939 Jussit
284 919 368 950 ergo,
384 909 501 951 inquit,
529 909 707 952 Dionysius
733 921 783 941 me
805 911 863 941 tibi
887 910 1024 952 edicere,
1040 922 1103 942 non
1116 918 1203 943 recte
1218 913 1322 944 facere
1337 918 1381 950 te,
1397 913 1482 954 quod
1497 913 1636 944 Dionem

170 961 348 1004 Dionisque
377 963 496 994 amicos
527 963 625 1004 pluris
655 974 750 1005 quam
778 964 881 1005 ipsum
912 975 1039 1006 semper
1078 966 1224 998 aestimes.
1262 967 1330 998 haec
1366 967 1453 998 dieta
1488 967 1637 999 fuerunt:

169 1025 230 1046 nec
269 1026 408 1057 unquam
446 1018 578 1058 posthac
619 1028 667 1048 me
707 1018 740 1048 in
770 1028 843 1048 suas
873 1018 957 1048 aedes
988 1019 1120 1055 vocavit,
1151 1020 1242 1060 quasi
1269 1020 1435 1053 manifeste
1463 1021 1638 1053 Theodotis

170 1069 414 1111 Heraclidisque
453 1071 602 1111 amicum,
638 1070 698 1101 sibi
739 1081 813 1102 vero
854 1072 1026 1108 inimicum,
1067 1082 1104 1103 ac
1145 1078 1313 1114 propterea
1349 1074 1520 1111 infensum,
1552 1075 1637 1116 quod

167 1133 218 1154 res
257 1123 372 1153 Dionis
411 1123 480 1164 jam
517 1125 646 1160 omnino
685 1125 852 1165 perissent.
894 1125 991 1168 [350]
1028 1126 1209 1157 habitabam
1247 1127 1363 1158 deinde
1407 1133 1496 1158 extra
1533 1138 1637 1159 arcem

167 1176 251 1207 inter
276 1177 396 1208 milites
424 1177 570 1208 mercede
600 1177 786 1209 conductos.
821 1179 975 1210 adeuntes
1006 1190 1080 1210 vero
1108 1191 1160 1210 me
1192 1186 1224 1211 et
1251 1181 1305 1211 alii
1333 1181 1461 1222 quidam
1476 1187 1509 1212 et
1525 1182 1636 1213 minis-

167 1236 283 1261 trorum
309 1230 417 1272 aliqui,
453 1231 670 1262 Athenienses
698 1232 810 1272 patria,
849 1232 1065 1273 significarunt
1103 1235 1276 1265 calumnias
1305 1235 1454 1265 adversus
1474 1245 1525 1265 me
1552 1236 1636 1267 inter

169 1284 288 1314 milites
307 1284 402 1314 fuisse
418 1284 548 1315 diffusas
566 1296 572 1314 :
598 1290 751 1325 praeterea
773 1286 929 1326 quosdam
950 1287 1156 1316 comminatus
1172 1297 1251 1324 esse,
1272 1288 1374 1318 sicubi
1389 1299 1439 1318 me
1452 1289 1635 1321 nanciscan-

169 1342 229 1374 tur,
253 1338 486 1369 interfecturos.
509 1338 655 1378 excogito
679 1338 774 1379 igitur
799 1339 983 1370 evasionem
1009 1339 1176 1380 ejusmodi.
1200 1341 1289 1371 mitto
1311 1340 1483 1372 Tarentum
1507 1343 1548 1373 ad
1572 1343 1633 1373 Ar-

168 1392 296 1433 chytam
321 1391 462 1432 aliosque
491 1392 621 1427 amicos,
653 1392 846 1432 significans,
876 1393 911 1422 in
937 1403 999 1433 quo
1028 1403 1131 1423 essem
1159 1393 1339 1424 discrimine
1366 1396 1567 1426 constitutus.
1589 1397 1638 1428 illi

165 1456 252 1481 vero,
279 1445 480 1476 occasionem
509 1444 665 1486 quandam
697 1446 865 1486 legationis
893 1447 1002 1486 patriae
1028 1447 1156 1477 nomine
1182 1448 1409 1488 excogitantes,
1437 1448 1635 1487 Salmiscum,

166 1509 275 1529 eorum
304 1509 414 1535 unum,
443 1509 505 1529 uua
532 1509 604 1529 cum
629 1499 704 1529 navi
733 1498 852 1530 ordinis
877 1500 1006 1540 triginta
1024 1510 1180 1530 remorum
1197 1501 1335 1533 mittunt.
1358 1501 1412 1542 qui
1435 1503 1567 1533 veniens
1596 1503 1638 1534 ad

168 1553 357 1595 Dionysium
373 1553 508 1594 rogavit,
530 1558 566 1583 ut
589 1563 639 1583 me
664 1553 792 1583 omnino
816 1564 872 1594 pro
898 1555 1062 1585 voluntate
1085 1564 1157 1585 mea
1182 1554 1305 1586 salvum
1329 1554 1414 1585 abire
1428 1557 1638 1596 permitteret.

163 1606 221 1637 ille
247 1613 352 1638 autem
367 1617 513 1637 assensus
529 1616 580 1636 me
596 1607 727 1643 dimisit,
743 1614 953 1637 commeatum
973 1609 1129 1648 praebens.
1145 1609 1296 1649 pecunias
1310 1619 1384 1639 vero
1401 1609 1518 1640 Dionis
1532 1621 1637 1652 neque

166 1670 226 1701 ego
253 1661 332 1701 petii
360 1670 464 1701 neque
495 1660 662 1701 quisquam
684 1660 782 1691 dedit.
805 1666 879 1700 post
902 1661 969 1691 haec
985 1672 1054 1692 cum
1071 1662 1105 1692 in
1130 1662 1383 1704 Peloponnesum
1407 1665 1634 1704 pervenissem,

164 1714 274 1755 ibique
290 1714 495 1745 offendissem
512 1714 650 1745 Dionem
667 1714 755 1744 ludos
772 1719 968 1755 spectantem
985 1715 1184 1756 olympicos,
1200 1726 1270 1756 quae
1284 1717 1368 1747 facta
1388 1717 1523 1754 fuerant,
1545 1729 1636 1750 enar-

164 1768 242 1798 ravi.
266 1767 320 1798 ilie
345 1778 428 1804 vero,
446 1768 560 1799 Jovem
578 1773 719 1804 testatus,
737 1768 844 1798 statim
865 1769 943 1798 mihi
957 1770 1100 1810 meisque
1131 1771 1320 1810 propinquis
1343 1778 1376 1801 et
1404 1771 1512 1802 amicis
1539 1772 1639 1803 edixit

166 1832 199 1853 se
220 1832 326 1862 poenas
353 1832 372 1852 a
401 1821 557 1863 Dionysio
585 1826 778 1858 exacturum,
809 1827 878 1853 tum
901 1823 983 1864 quod
1013 1833 1062 1854 me
1090 1824 1156 1855 illic
1180 1824 1339 1864 hospitem
1367 1825 1556 1866 decepisset,
1573 1826 1638 1867 (sic

166 1875 251 1906 enim
266 1875 322 1906 ille
337 1880 371 1906 et
386 1875 467 1905 dixit
483 1880 515 1905 et
531 1876 643 1918 sensit)
658 1881 725 1906 tum
739 1876 823 1917 quod
837 1877 940 1918 ipsum
959 1876 1077 1918 injuste
1101 1877 1268 1908 admodum
1290 1878 1473 1920 expulisset.
1496 1880 1564 1911 haec
1576 1890 1637 1921 ego

166 1928 298 1959 audiens
323 1930 418 1966 suasi,
445 1934 481 1960 ut
497 1928 538 1959 ad
553 1930 631 1966 haec,
649 1929 676 1959 si
692 1929 863 1967 videretur,
879 1931 997 1961 amicos
1012 1931 1089 1961 alios
1113 1936 1310 1962 convocaret.
1333 1943 1383 1962 me
1410 1938 1527 1969 autem,
1557 1943 1635 1974 quo-

165 1982 252 2012 niam
268 1987 301 2013 et
315 1993 371 2013 sua
386 1988 419 2013 et
432 1983 562 2013 aliorum
575 1993 672 2023 opera
686 1983 776 2024 quasi
790 1983 929 2014 violenta
950 1983 1131 2024 impulisset
1155 1984 1190 2015 in
1204 1984 1354 2026 Dionysii
1379 1985 1636 2024 familiaritatem,

164 2035 378 2072 habitationis,
395 2036 506 2072 victus,
523 2046 682 2067 sacrorum
695 2037 916 2068 communione
933 2037 1108 2073 astrictum,
1120 2043 1247 2079 putaret
1263 2039 1353 2079 quasi
1373 2039 1511 2070 medium
1538 2051 1636 2082 quen·

166 2088 239 2120 dam
265 2101 455 2132 aequumque
472 2090 617 2129 utrinque
644 2101 712 2121 esse
737 2091 862 2127 debere,
879 2091 1053 2132 praesertim
1067 2102 1140 2122 cum
1150 2091 1272 2133 jamdiu
1288 2093 1394 2123 multis
1409 2093 1494 2134 apud
1510 2093 1636 2137 Diony-

166 2144 249 2174 sium
262 2154 310 2174 me
326 2144 599 2180 calumniantibus,
615 2145 704 2185 quasi
715 2149 821 2175 tecum
835 2144 897 2185 ipsi
909 2145 1128 2187 tyrannidique
1145 2145 1213 2186 ejus
1237 2145 1454 2183 insidiantem,
1481 2148 1547 2189 ipse
1572 2159 1636 2179 non

165 2197 317 2229 occiderit
331 2197 471 2239 quidem,
489 2198 545 2228 sed
561 2198 716 2229 reveritus
729 2198 779 2228 sit.
802 2198 843 2228 ad
863 2199 930 2229 haec
957 2204 1082 2229 aetatem
1108 2210 1207 2229 meam
1224 2199 1317 2230 rebus
1342 2199 1466 2231 bellicis
1492 2201 1637 2242 ineptam

167 2261 239 2282 esse
254 2251 365 2282 addidi
382 2264 389 2281 :
415 2252 569 2292 simulque
586 2252 727 2283 medium
743 2252 898 2293 quendam
916 2262 964 2282 me
980 2252 1062 2283 inter
1078 2263 1131 2283 eos
1147 2263 1230 2289 esse,
1246 2254 1274 2283 si
1291 2254 1417 2294 quando
1432 2256 1636 2287 conciliatore

168 2305 304 2346 quodam
346 2315 425 2345 opus
454 2306 506 2341 sit,
537 2306 592 2347 qui
622 2306 773 2336 resarcire
803 2305 986 2347 optantibus
1025 2306 1198 2337 amicitiam
1227 2307 1337 2348 possit.
1377 2308 1525 2348 quamdiu
1562 2321 1637 2341 vero

168 2359 252 2389 odiis
273 2358 446 2395 certabitis,
473 2359 514 2389 ad
540 2359 607 2390 haec
632 2365 781 2400 tanquam
809 2365 1060 2400 propugnatores
1088 2360 1167 2390 alios
1193 2359 1397 2392 advocabitis.
1420 2363 1487 2393 haec
1513 2373 1572 2404 ego
1588 2364 1637 2395 in·

168 2423 275 2454 quam,
297 2422 424 2453 perosus
439 2422 574 2442 errorem
601 2412 824 2453 fortunamque
849 2413 883 2442 in
897 2412 1006 2442 Sicilia
1027 2412 1105 2443 mihi
1131 2413 1305 2444 adversam.
1329 2415 1478 2454 quoniam
1501 2426 1575 2447 vero
1590 2417 1639 2448 illi

167 2466 341 2498 rationibus
353 2466 434 2498 meis
448 2476 513 2496 non
527 2465 837 2506 obtemperaverunt,
854 2466 1004 2502 omnium,
1021 2476 1091 2507 quae
1106 2472 1213 2497 secuta
1230 2473 1314 2503 sunt,
1330 2468 1485 2499 malorum
1508 2470 1640 2511 ipsimet

167 2521 228 2552 sibi
248 2530 373 2551 causam
394 2521 569 2561 praebuere.
593 2520 734 2561 profecto
751 2520 778 2550 si
793 2519 969 2561 Dionysius
981 2530 1029 2551 res
1046 2519 1147 2551 Dioni
1161 2530 1233 2551 suas
1249 2521 1448 2559 restituisset,
1464 2524 1515 2554 vel
1531 2525 1638 2565 potius

168 2575 194 2606 si
209 2574 338 2605 omnino
353 2574 496 2614 piacatus
508 2574 635 2610 fuisset,
649 2574 728 2604 nihil
742 2579 836 2615 prout
851 2574 993 2604 conditio
1003 2574 1064 2605 fert
1075 2575 1224 2611 humana,
1238 2574 1548 2608 accidissetadversi.
1564 2587 1636 2609 nam

170 2627 309 2658 Dionem
326 2627 455 2668 quidem
470 2637 525 2667 pro
541 2628 701 2658 voluntate
717 2638 790 2658 mea
802 2632 835 2659 et
858 2627 989 2658 consilio
1013 2634 1046 2658 et
1073 2629 1260 2659 auctoritate
1284 2629 1377 2659 facile
1401 2630 1638 2663 continuissem.

169 2686 277 2712 contra
291 2691 364 2711 vero
379 2690 463 2711 nunc
478 2680 512 2711 in
528 2691 560 2711 se
574 2681 711 2711 invicem
726 2681 881 2722 impetum
895 2681 1049 2712 facientes
1071 2683 1177 2712 omnia
1197 2683 1431 2713 calamitatibus
1455 2684 1638 2725 implevere.

171 2733 268 2776 [351]
288 2734 375 2765 Dion
397 2740 480 2764 certe
506 2734 639 2764 eandem
655 2735 791 2765 habebat
808 2735 1010 2771 voluntatem,
1027 2746 1120 2776 quam
1136 2746 1195 2776 ego
1210 2735 1349 2766 dicerem
1364 2742 1396 2766 et
1411 2737 1489 2767 mihi
1504 2743 1537 2768 et
1554 2738 1636 2773 aliis,

169 2787 350 2829 quicunque
373 2787 526 2818 moderati
552 2793 633 2823 sunt,
654 2788 833 2819 habendam
857 2790 948 2819 esse:
972 2787 1123 2819 videlicet
1146 2795 1180 2819 ut
1205 2795 1346 2830 potestas
1366 2790 1415 2820 vel
1439 2791 1561 2831 propria
1585 2791 1635 2821 vel

171 2841 342 2872 amicorum
357 2842 406 2872 vel
423 2841 559 2872 civitatis
574 2847 712 2882 optetur,
729 2852 791 2883 quo
808 2842 838 2872 in
856 2842 929 2883 ipsis
943 2842 1110 2873 honoribus
1125 2847 1158 2873 et
1169 2843 1323 2884 potentiis
1340 2844 1411 2884 quis
1439 2844 1637 2879 constitutus,

172 2894 344 2937 praesertim
358 2895 393 2927 in
404 2895 565 2933 maximis,
584 2906 616 2926 se
633 2901 664 2927 ct
679 2906 751 2929 suos
764 2900 796 2927 et
809 2895 939 2938 patriam
960 2896 1121 2928 beneficiis
1128 2896 1223 2938 justis
1246 2896 1370 2928 afficiat.
1392 2906 1493 2937 neque
1519 2907 1591 2929 vero
1603 2897 1635 2928 id
