1840 3225
90 267 189 317 436]
385 282 390 284 >
493 266 566 304 DE
596 261 903 302 REPUBLICA
933 262 1029 302 LIB.
1063 263 1132 302 lV.
1480 268 1548 304 141

88 370 224 402 civitatis
236 375 297 400 tuto
313 379 417 401 nonne
432 368 617 410 injustitiam
641 377 709 398 esse
732 366 842 396 dices?
889 366 1004 398 GLAu.
1029 367 1175 403 Quidni?
1221 368 1275 399 So.
1302 367 1372 399 Hoc
1396 368 1489 409 igitur
1504 369 1552 400 in-

84 423 208 465 justitia
233 429 291 455 est.
314 433 415 454 rursus
439 428 542 453 autem
569 422 612 452 sic
641 421 775 451 dicimus
789 431 795 450 :
821 419 1023 457 Quaestuarii,
1054 421 1217 457 auxiliarii,
1245 422 1416 453 consularis
1430 423 1551 463 generis

89 478 171 509 actio
187 478 321 519 propria,
347 487 538 519 unoquoque
554 486 642 506 suum
659 485 738 516 opus
761 479 930 515 peragente
944 475 978 505 in
995 475 1136 515 civitate,
1159 481 1265 506 eontra
1281 486 1318 507 ac
1333 476 1476 507 confusio
1499 477 1554 507 illa.

90 532 240 573 superior,
255 530 420 573 etjustitia
434 531 493 563 erit
508 536 540 561 et
563 529 721 561 civitatem
734 528 851 570 justam
875 528 1004 560 efficiet¹
1046 529 1160 561 GLAu.
1186 529 1280 560 Haud
1296 530 1385 560 aliter
1398 541 1490 572 quam
1507 532 1552 562 sic

89 597 122 617 se
136 587 249 617 habere
263 585 395 617 videtur.
441 584 499 618 So.
522 584 672 615 Nondum
698 583 826 614 omnino
850 584 934 614 istud
958 584 1108 614 debemus
1130 594 1275 614 asserere.
1298 595 1402 614 verum
1426 585 1451 614 si
1468 590 1500 615 et
1522 585 1554 616 in

90 639 243 681 cujusque
258 639 390 670 hominis
406 639 509 669 animo
525 638 643 680 species
660 638 769 669 eadem
786 637 1055 669 considerantibus
1078 638 1303 679 nobisjustitia
1317 649 1383 669 esse
1399 650 1556 670 assevere-

91 700 150 729 tur,
167 698 230 724 tum
247 693 372 724 demum
395 691 647 731 consentiemu53
671 701 742 722 nam
770 691 846 733 quid
873 691 957 722 alind
985 691 1173 722 dixerimus?
1198 692 1338 733 alioquin
1366 698 1440 723 tunc
1466 693 1552 724 aliud

89 747 256 788 quicquam
272 746 527 788 excogitabimus.
575 745 671 776 Nunc
695 750 798 776 autem
815 745 1038 787 disceptationi
1053 746 1128 776 huic
1152 746 1244 776 finem
1262 746 1329 786 jam
1346 746 1555 787 imponamus,

89 801 260 831 secundum
275 809 368 842 quam
384 799 641 841 existimavimus,
656 799 680 830 si
696 799 830 841 plurium
845 799 1025 830 habentium
1037 799 1192 841 justitiam
1210 800 1241 829 in
1257 800 1366 841 majori
1385 801 1468 841 prius
1483 812 1552 832 eam

89 854 380 895 contemplaremur,
395 854 487 885 facile
503 854 618 885 deinde
633 854 666 883 in
683 853 808 884 homine
826 864 887 883 uno
905 863 960 883 nos
976 854 1068 894 quale
1084 854 1142 884 hoc
1158 854 1198 884 sit
1211 854 1416 895 inspecturos.
1438 854 1554 885 visum·

91 918 152 949 que
166 907 256 938 nobis
269 913 316 938 cst
333 907 432 949 majus
447 907 548 949 ipsum
566 907 724 939 civitatem
749 907 912 939 exsistere:
937 913 1030 949 atque
1053 908 1096 938 ita
1112 918 1205 949 quam
1229 908 1376 948 optimam
1395 909 1554 949 potuimus

89 971 157 992 cam
174 961 384 999 condidimus,
408 962 542 993 scientes
556 962 590 992 in
607 963 689 992 bona
712 973 742 993 re
766 962 894 1003 publica
916 962 1016 992 inesse
1028 961 1194 1003 justitiam.
1217 972 1312 1003 quare
1332 963 1416 1003 quod
1445 963 1476 992 in
1501 963 1556 994 illa

89 1015 181 1045 nobis
195 1015 351 1056 apparuit,
368 1015 532 1046 referamus
548 1016 586 1046 ad
604 1026 699 1046 unum
716 1027 723 1045 ε
749 1022 781 1046 et
796 1016 820 1045 si
833 1006 917 1046 idem
932 1015 977 1045 ibi
992 1021 1127 1051 constet,
1150 1016 1224 1046 satis
1238 1015 1328 1046 nobis
1341 1015 1400 1046 erit
1412 1016 1528 1047 factum
1541 1028 1552 1057 3

88 1068 115 1099 si
130 1069 206 1110 quid
223 1074 325 1100 autern
341 1069 425 1100 aliud
442 1069 475 1099 in
493 1079 555 1100 uno
571 1075 736 1111 appareat,
752 1080 854 1100 rursus
877 1070 918 1100 ad
941 1069 1100 1100 civitatem
1124 1069 1264 1101 conversi
1281 1070 1347 1101 haec
1363 1071 1553 1101 examinabi-

93 1134 160 1154 mus
175 1135 182 1153 :
208 1123 305 1165 [435]
332 1133 368 1155 ac
383 1123 462 1154 forte
478 1123 596 1154 alterna
611 1123 843 1164 comparatione
866 1122 1089 1163 disceptantes,
1104 1123 1190 1154 velut
1211 1122 1362 1154 scintillas
1376 1134 1413 1154 ex
1428 1123 1555 1165 hisjus-

91 1177 189 1207 titiam
216 1177 419 1214 excutiemus,
446 1187 576 1219 eamque
595 1176 675 1218 jam,
699 1187 769 1207 curn
796 1177 876 1208 clare
900 1176 1054 1212 micuerit,
1079 1177 1162 1218 apud
1180 1177 1334 1218 nosipsos
1349 1178 1553 1210 stabiliemus.

88 1231 205 1263 GLAU.
229 1231 314 1262 Scite
330 1231 484 1272 loqueris:
510 1236 604 1272 atque
621 1232 662 1261 ita
684 1231 852 1271 agendum.
896 1230 952 1261 So.
975 1230 1129 1271 Nunquid
1155 1231 1239 1272 quod
1257 1231 1338 1261 idem
1356 1232 1552 1273 appellamus

90 1291 153 1316 tam
177 1284 277 1326 majus
292 1295 384 1326 quam
401 1284 514 1321 minus,
538 1285 688 1315 dissimile
710 1291 768 1322 est,
794 1290 948 1326 quatenus
969 1284 1066 1321 idem,
1083 1295 1122 1314 an
1137 1284 1261 1315 simile?
1308 1284 1424 1316 GLAU.
1447 1286 1556 1317 Simile

89 1343 183 1370 certe.
228 1339 285 1370 So.
309 1338 394 1380 Ergo
420 1339 465 1369 vir
485 1339 590 1380 justus
616 1349 634 1370 a
661 1339 788 1370 civitate
812 1338 910 1379 justa,
934 1339 1018 1379 quod
1046 1339 1086 1369 ad
1097 1338 1229 1379 justitiae
1254 1339 1390 1380 speciem
1408 1340 1556 1381 pertinet,

89 1392 187 1423 nihilo
203 1392 336 1430 differet,
352 1393 406 1423 sed
422 1393 532 1424 similis
546 1393 627 1424 erit?
673 1393 788 1424 Gniu.
813 1392 940 1425 Similis,
983 1392 1039 1425 So.
1065 1391 1164 1434 Atqui
1177 1393 1383 1434 civitasjusta
1394 1404 1462 1425 esse
1478 1399 1554 1426 tunc

87 1446 152 1477 visa
167 1451 226 1482 est,
242 1456 312 1477 cum
327 1446 361 1477 in
376 1445 447 1488 ipsa
462 1447 520 1477 tria
534 1447 694 1477 hominum
711 1457 824 1488 genera
846 1457 902 1487 pro
919 1452 1028 1476 natura
1052 1445 1207 1488 cujusque
1223 1447 1266 1478 sic
1291 1447 1433 1478 instituta
1447 1454 1552 1486 erunt,

87 1506 123 1531 ut
137 1501 351 1542 unusquisque
375 1511 464 1531 suum
481 1511 560 1542 opus
575 1506 715 1532 exerceat
732 1512 739 1530 ε
766 1504 937 1542 temperata
960 1510 1061 1531 rursus
1084 1506 1115 1531 et
1138 1500 1224 1532 fortis
1241 1506 1273 1532 et
1287 1501 1411 1542 sapiens
1428 1508 1553 1544 propter

89 1555 167 1586 alios
181 1557 332 1597 quosdam
346 1556 515 1586 eorundem
532 1565 679 1597 generum
697 1555 830 1586 affectus
846 1560 878 1586 et
892 1555 1026 1586 habitus.
1066 1554 1180 1586 GLAU.
1202 1556 1287 1586 Vera
1301 1556 1367 1586 haee
1383 1562 1465 1587 sunt.
1502 1556 1558 1587 So.

91 1609 195 1640 Unuui
211 1620 350 1651 quoque,
375 1620 393 1640 o
410 1610 521 1647 amice,
537 1610 583 1640 ita
608 1610 817 1647 censebimus,
841 1610 1006 1641 habentem
1022 1609 1146 1640 easdem
1163 1610 1217 1640 has
1232 1609 1300 1650 ejus
1315 1611 1348 1640 in
1364 1610 1467 1640 animo
1483 1621 1555 1651 spe-

89 1663 165 1701 cies,
182 1669 309 1705 propter
323 1664 454 1695 affectus
469 1664 595 1695 eosdem
620 1665 730 1694 eadem
753 1664 880 1695 nomina
902 1664 1009 1695 merito
1037 1674 1108 1695 cum
1136 1664 1262 1694 civitate
1283 1664 1394 1695 sortiri.
1440 1663 1557 1696 GLm.

90 1717 228 1749 Necesse
244 1723 291 1748 est
305 1718 444 1750 omnino.
490 1719 547 1749 So.
572 1717 609 1748 In
625 1718 767 1749 leverune
783 1728 896 1754 rursus,
911 1719 1022 1755 amice,
1038 1718 1078 1748 de
1094 1718 1196 1748 anima
1211 1718 1431 1758 cogitationem
1447 1719 1559 1754 incidi-

90 1782 169 1808 mus,
185 1777 285 1802 utrum
303 1778 363 1803 tres
379 1772 410 1802 in
427 1783 459 1812 se
484 1772 604 1814 species
620 1773 674 1803 lias
700 1773 823 1811 lrabeat,
838 1773 962 1804 necne?
1007 1772 1120 1804 GLAu.
1144 1772 1278 1803 Minime
1303 1772 1377 1802 mibi
1400 1772 1431 1803 in
1456 1773 1556 1804 levem

90 1825 351 1867 disceptationem
367 1826 488 1867 delapsi
503 1826 653 1857 videmur.
676 1826 755 1857 forte
782 1827 877 1868 enirn,
893 1827 976 1868 quod
1002 1827 1128 1862 dicitur,
1154 1836 1257 1857 verum
1281 1832 1342 1866 est,
1368 1837 1386 1856 o
1404 1827 1558 1863 Socrates,

89 1880 220 1921 pulchra
232 1880 371 1912 difficilia
387 1891 465 1911 esse.
511 1881 565 1911 So.
591 1880 734 1922 Apparet
750 1880 871 1921 utique.
894 1891 930 1911 ac
953 1886 1035 1911 certe
1051 1881 1142 1916 scito,
1156 1891 1174 1910 o
1192 1880 1327 1916 Glauco,
1343 1890 1413 1920 nos,
1431 1886 1464 1910 ut
1487 1891 1556 1911 mea

87 1934 146 1982 fert
161 1934 280 1975 opinio,
297 1944 456 1975 nunquam
471 1945 508 1964 ex
520 1934 709 1965 discursibus
725 1934 955 1974 hujuscemodi,
972 1933 1117 1974 qualibus
1131 1934 1163 1964 in
1182 1933 1325 1974 praesenti
1340 1933 1553 1974 disputatione

85 1987 211 2024 utimur,
224 1994 332 2019 exacte
347 1988 378 2019 id
405 1990 703 2029 comprehensuros:
729 1988 851 2029 longior
874 1998 963 2029 porro
989 1988 1039 2018 via
1061 1993 1121 2024 est,
1144 1998 1214 2029 quae
1229 1987 1269 2017 ad
1294 1988 1352 2017 hoc
1370 1997 1425 2017 nos
1441 1987 1553 2027 ducit;

88 2042 168 2072 sorte
184 2046 288 2072 tamen
311 2042 483 2072 secundum
499 2052 548 2082 ea,
570 2052 640 2083 quae
656 2053 747 2083 supra
771 2042 856 2074 dicta
879 2047 910 2073 et
925 2042 1119 2073 considerata
1135 2047 1219 2077 sunt,
1244 2041 1366 2072 facilius
1381 2041 1558 2072 disseretur.

89 2095 208 2127 GLAu.
230 2095 283 2126 An
307 2105 371 2126 non
394 2101 441 2126 sat
464 2096 546 2127 istud
571 2096 667 2127 videri
691 2097 810 2127 debet?
834 2096 912 2127 mihi
937 2107 1011 2127 sane
1033 2097 1065 2127 in
1085 2096 1249 2138 praesentia
1266 2095 1297 2126 id
1314 2095 1457 2126 sufficiet.
1502 2096 1555 2129 So.

91 2149 174 2180 Mihi
201 2159 327 2191 quoque
350 2149 440 2180 valde
465 2150 632 2182 sufficiens.
680 2150 796 2183 Gnu.
819 2151 902 2192 Ergo
926 2161 966 2182 ne
991 2157 1020 2182 te
1048 2151 1173 2192 pigeat:
1198 2151 1253 2181 sed
1279 2149 1455 2181 considera.
1500 2150 1556 2181 Sor

90 2204 237 2235 Profecto
252 2205 342 2235 nobis
357 2215 483 2236 necesse
500 2210 548 2235 est
571 2205 714 2236 confiteri
738 2206 864 2237 easdem
888 2206 919 2236 in
944 2206 1034 2236 nobis
1058 2205 1178 2246 species
1201 2210 1296 2246 atque
1319 2214 1417 2234 mores
1442 2204 1557 2244 inesse,

90 2268 161 2299 quae
185 2264 217 2289 et
240 2259 273 2288 in
298 2259 436 2291 civitate.
460 2269 563 2300 neque
588 2260 670 2290 enirn
696 2259 825 2291 aliunde
846 2248 882 2290 inx
901 2260 1059 2291 civitatem
1081 2261 1149 2290 haec
1165 2259 1369 2290 devenerunt.
1394 2258 1558 2289 ridiculum

89 2311 208 2353 quippe
223 2318 314 2349 esset,
331 2313 357 2344 si
381 2312 451 2354 quis
479 2314 658 2344 iracundam
685 2314 912 2345 animositatem
933 2314 1120 2345 existimaret
1145 2323 1342 2354 nequaquam
1367 2323 1402 2343 ex
1429 2312 1559 2353 privatis

90 2365 269 2396 hominibus
286 2366 316 2396 in
332 2366 474 2398 civitates
488 2368 643 2399 invectam
661 2378 741 2404 esse,
756 2379 886 2410 quorum
903 2369 985 2399 idem
1002 2375 1049 2399 est
1062 2373 1186 2409 captus,
1197 2366 1250 2408 qui
1261 2372 1293 2397 et
1301 2367 1467 2402 Thracum,
1479 2367 1558 2409 Scy-

88 2419 207 2450 tharum
231 2421 484 2462 superiorumque
511 2422 673 2462 gentium:
698 2428 752 2452 aut
778 2423 940 2464 sapientia!
969 2422 1106 2452 studium
1135 2432 1196 2451 non
1222 2431 1259 2451 ex
1285 2420 1339 2450 tali
1366 2421 1554 2461 privatorum

89 2474 251 2511 instinctu,
269 2475 367 2515 qualis
383 2481 492 2506 natura
507 2478 618 2507 nostris
635 2477 813 2508 hominibus
836 2483 882 2508 est
898 2477 1031 2508 tributus
1045 2489 1051 2506 z
1080 2476 1178 2518 [436]
1203 2481 1257 2507 aut
1271 2480 1409 2517 quaestus
1423 2474 1556 2505 avidita-

91 2533 154 2559 tem
179 2538 243 2559 non
270 2539 306 2559 ex
332 2539 368 2559 ea
391 2528 581 2570 singulorum
605 2531 767 2562 hominum
797 2531 986 2572 cupiditate,
1015 2541 1078 2573 qua
1108 2530 1215 2561 affecti
1243 2528 1384 2570 apprime
1411 2528 1558 2560 dicuntur

90 2582 245 2613 Phoenicii
267 2582 476 2625 lEgyptiique
502 2583 655 2617 nonnihil.
696 2581 819 2618 Cum.
842 2585 884 2616 Et
910 2586 1042 2616 maxime
1070 2584 1211 2626 quidem.
1256 2584 1310 2614 So.
1335 2582 1406 2613 lloc
1428 2583 1554 2624 quidem

93 2637 138 2667 ita
155 2647 188 2667 se
203 2637 309 2672 habet,
338 2647 439 2678 neque
456 2637 584 2669 difficile
599 2639 740 2680 cognitu.
787 2640 901 2671 Gziu.
927 2640 1021 2670 Haud
1038 2645 1121 2670 certe
1136 2637 1276 2668 difficile.
1320 2637 1376 2668 So.
1398 2636 1438 2667 Id
1454 2641 1557 2667 autem

93 2690 220 2722 difficile
233 2691 311 2732 jam,
325 2698 426 2722 utrum
444 2702 505 2722 uno
522 2693 657 2734 quodam
674 2695 784 2725 eodem
800 2695 924 2736 singula
939 2695 1005 2725 haec
1022 2703 1160 2735 agamus,
1175 2702 1213 2722 an
1226 2692 1330 2733 potius
1345 2691 1400 2722 tria
1410 2691 1556 2732 quaedam

95 2745 263 2776 babeamus
279 2746 310 2775 in
327 2745 427 2782 nobis,
443 2756 572 2787 quorum
590 2746 718 2788 siugulis
734 2748 856 2789 singula
871 2757 1035 2789 operamur
1049 2758 1055 2776 ε
1082 2756 1144 2776 uno
1160 2746 1287 2787 quidem
1310 2744 1468 2781 discimus,
1485 2746 1558 2775 iras·

95 2798 196 2829 cimur
210 2799 283 2836 alio,
299 2799 388 2830 tertio
403 2800 652 2841 concupiscimus
668 2802 843 2842 voluptates
866 2812 928 2838 eas,
945 2812 1015 2843 qua:
1030 2801 1069 2831 ad
1087 2799 1287 2830 nutritionem
1311 2800 1558 2840 generationem-

96 2862 156 2891 que
174 2853 340 2893 pertiucnt,
354 2862 518 2896 ceteraque
536 2854 714 2896 hujusmodi
729 2867 736 2885 :
764 2856 810 2887 vel
828 2862 892 2887 tota
908 2857 1012 2886 anima
1029 2855 1273 2896 unumquodque
1289 2853 1460 2894 explemus,
1484 2863 1553 2882 curn

93 2905 207 2936 conciti
223 2916 284 2937 rem
301 2908 506 2948 aggredimur.
533 2909 599 2940 haec
616 2910 698 2939 haud
725 2910 817 2941 facile
833 2921 887 2952 pro
905 2911 946 2940 rci
970 2909 1123 2951 (lignitate
1138 2909 1395 2940 discernerentur.
1441 2906 1557 2937 Grau.

95 2957 177 2989 Mihi
193 2969 317 3001 quoque
333 2961 415 2993 idem
433 2962 565 2993 videtur.
611 2964 667 2995 So.
691 2963 742 2996 Sic
760 2970 862 2996 autem
879 2964 1092 3005 aggrediamur
1108 2964 1173 2994 lroec
1191 2962 1394 3007 distinguere,
1411 2960 1552 3001 nunquid
