1840 3225
219 226 270 263 43
677 220 896 260 INCERTI
930 220 1200 260 AUC'I'ORIS
1583 226 1682 277 [116

217 331 278 358 tur.
325 325 390 356 Ar..
416 323 532 365 AEque.
576 323 633 355 So.
658 322 757 355 Morti
780 328 874 364 atque
899 322 1062 354 timiditati
1080 323 1142 354 vita
1166 328 1199 354 et
1226 322 1378 356 fortitudo
1404 325 1557 357 contraria
1583 327 1680 357 nunt?

222 380 288 411 Λῐ..
312 379 404 410 Sunt.
449 379 504 410 So.
528 377 569 409 Et
579 378 645 409 liaec
661 377 789 419 quidem
806 377 939 409 maxime
956 383 1081 419 optares
1104 377 1213 409 adesse
1237 377 1319 409 tibi:
1343 378 1396 409 illa
1412 378 1565 411 minime?
1610 380 1679 412 ΑΙ..

220 433 324 465 Certe.
367 432 424 464 So.
447 432 499 463 An
526 442 592 464 non
614 442 650 463 ex
675 443 725 468 eo,
739 432 825 473 quod
852 433 918 463 lunc
947 432 1077 473 optima,
1105 431 1159 462 illa
1187 431 1318 473 pessima
1341 442 1408 464 esse
1435 433 1566 464 censes?
1611 432 1680 466 Λι.

222 485 338 518 Valde.
381 486 436 518 So.
460 485 560 527 Igitur
575 484 723 517 auxilium
746 485 825 517 serre
844 485 952 517 amicis
966 485 999 516 in
1017 485 1138 527 ptoelio,
1154 485 1317 527 pulchrum
1333 486 1462 527 quidem
1477 486 1611 518 vocabas
1633 497 1682 518 se-

218 540 356 572 cundum
378 539 464 577 boni,
480 540 514 571 id
540 544 589 571 est
611 539 802 570 fortitudinis
826 540 993 571 actionem.
1039 539 1105 570 At..
1130 539 1250 571 Videor
1280 550 1368 572 sane.
1420 539 1476 571 So.
1499 540 1680 572 Secundum

218 603 291 626 vero
313 595 469 626 actionem
492 593 577 631 mali,
593 593 626 624 id
649 598 697 626 est
719 592 836 630 mortis,
850 592 977 624 malum.
1022 592 1086 625 ΛΙ..
1109 593 1193 624 Mihi
1216 591 1343 634 quidem
1368 592 1501 626 videtur.
1545 594 1602 625 So.
1625 594 1680 625 Aa

218 658 284 679 non
305 658 475 689 congruum
495 652 553 684 est,
569 647 613 679 sic
637 657 887 689 unamquamque
909 646 1065 677 actionem
1088 646 1314 677 denominare?
1337 646 1363 677 si
1379 646 1462 677 enim
1488 657 1570 684 oem,
1586 652 1680 688 prout

219 702 335 734 malum
349 703 420 739 fert,
436 702 548 734 malam
563 701 715 743 appellas,
730 706 839 733 contra
855 704 947 742 prout
958 700 1017 731 sert
1033 700 1160 736 bonum,
1185 699 1283 742 [tle]
1308 701 1422 732 bonam
1438 710 1548 732 vocare
1562 701 1655 732 decet
1669 701 1681 731 ?

219 756 286 789 An.
311 755 454 788 Videtur.
497 756 553 787 8ο.
575 754 692 787 Nonne
721 755 814 786 etiam
839 765 902 796 qua
929 754 1058 791 bonum,
1087 753 1275 796 pulchrum:
1315 764 1378 795 qua
1407 754 1536 792 malum,
1566 754 1680 796 turpe?

219 810 286 843 AL.
319 810 473 843 Maxime.
517 809 577 842 So.
611 808 692 841 Cum
715 819 790 850 ergo
813 808 892 839 dicis
915 806 1066 839 auxilium
1099 807 1204 849 ipsum
1238 808 1269 838 in
1305 808 1387 839 bello
1413 808 1577 850 pulchrum
1601 818 1682 845 esse,

222 865 276 896 sed
299 864 436 896 malum:
460 863 543 895 idem
559 867 607 894 est
623 872 660 894 ac
676 862 702 893 si
726 862 857 893 dixisses
879 861 986 903 ipsum
1009 860 1125 891 bonum
1148 860 1287 902 quidem,
1314 861 1429 893 malum
1454 867 1571 893 tamen.
1616 861 1683 893 ΑΙ..

217 918 303 952 Vera
330 918 406 949 mihi
445 918 549 949 dicere
576 916 700 953 videris,
730 926 748 946 ο
778 916 933 946 Socrates.
991 914 1048 946 So.
1085 913 1174 945 Nihil
1203 914 1297 956 igitur
1325 915 1500 957 pulchrum,
1527 920 1682 957 quatenus

217 972 394 1014 pulchrum,
419 971 534 1002 malum
561 975 626 1002 est:
660 980 763 1011 neque
787 974 878 1010 turpe
903 968 1086 1010 quicquam,
1117 973 1272 1009 quatenus
1301 976 1405 1011 turpe,
1434 969 1563 1001 bonum.
1617 968 1685 1000 At..

218 1025 294 1057 Non
316 1025 450 1057 videtur.
493 1024 550 1056 So.
574 1023 728 1054 Praeterea
756 1024 840 1054 hunc
869 1023 901 1053 in
931 1022 1058 1053 modum
1088 1021 1310 1062 contemplare.
1368 1022 1521 1063 Quisquis
1555 1021 1684 1063 pulchre

219 1079 296 1121 agit,
311 1089 416 1110 nonne
438 1078 519 1109 bene
542 1075 636 1118 agit?
682 1075 748 1106 ΑΙ..
771 1075 905 1116 Utique.
949 1074 1005 1105 So.
1028 1074 1118 1105 Bene
1141 1079 1246 1105 autem
1269 1080 1410 1116 agentes,
1425 1085 1530 1106 nonne
1551 1073 1685 1106 felices?

220 1133 287 1164 ΑΙ..
323 1131 468 1170 Quidni?
513 1130 567 1161 So.
601 1128 656 1160 An
683 1138 747 1159 non
775 1127 884 1159 felices
913 1131 1041 1168 propter
1070 1125 1222 1157 bonorum
1252 1127 1501 1168 possessiouem?
1545 1127 1612 1159 ΑΙ..
1643 1126 1686 1157 Et

220 1186 364 1218 maxime.
407 1185 464 1216 So.
489 1182 668 1225 Acquirunt
691 1186 794 1212 autem
817 1181 886 1212 haec
900 1190 938 1211 ex
961 1190 1014 1217 eo,
1029 1180 1114 1221 quod
1138 1180 1267 1220 pulchre
1291 1191 1327 1212 ac
1351 1181 1431 1212 bene
1455 1181 1575 1222 agunt?
1620 1179 1687 1212 ΑΙ..

220 1240 324 1273 Certe.
370 1238 425 1270 So.
448 1238 548 1279 Igitur
571 1237 652 1268 bene
675 1245 778 1276 agere,
808 1234 938 1265 bonum.
983 1233 1049 1266 ΑΙ..
1092 1233 1236 1270 Quidni?
1281 1234 1338 1266 So.
1374 1234 1492 1266 Nonne
1522 1233 1686 1276 pulchrum

219 1293 415 1326 actiobona?
460 1291 526 1323 AL.
549 1290 653 1322 Certe.
698 1289 755 1321 So.
780 1288 869 1319 Idem
895 1287 1003 1329 itaque
1025 1297 1129 1318 rursus
1144 1293 1276 1329 apparet
1290 1288 1381 1319 nobis
1396 1288 1559 1330 pulchrum
1576 1297 1613 1319 ac
1627 1287 1685 1318 bo·

219 1357 308 1379 num.
351 1345 420 1378 ΑΙ..
443 1344 600 1386 Apparet.
645 1343 701 1375 So.
724 1341 886 1383 Quicquid
902 1341 995 1383 igitur
1011 1341 1206 1372 inveniemus
1221 1341 1385 1383 pulchrum
1402 1352 1483 1382 esse,
1496 1341 1581 1373 idem
1605 1351 1686 1383 quo·

219 1410 283 1442 que
299 1400 416 1431 bonum
431 1398 575 1429 exsistere
590 1398 648 1428 hac
663 1396 784 1427 ratione
799 1395 998 1437 reperiemus,
1046 1393 1110 1426 ΑΙ..
1133 1394 1272 1427 Necesse
1287 1400 1347 1426 est.
1389 1395 1448 1427 So.
1471 1395 1564 1427 Bona
1579 1400 1684 1427 autem

221 1453 397 1490 conferunt,
412 1452 537 1484 necne?
583 1450 649 1483 ΑΙ..
673 1449 862 1482 Conferunt.
906 1448 965 1480 So.
986 1448 1173 1486 Meministi,
1190 1448 1267 1490 quid
1284 1459 1378 1490 supra
1392 1450 1432 1480 de
1441 1449 1538 1491 justis
1550 1449 1686 1480 confessi

221 1507 338 1538 simus?
384 1506 452 1538 ΑΙ..
476 1505 573 1546 Reor,
585 1504 672 1546 justa
687 1509 815 1545 agentes
829 1503 1037 1534 necessarium
1065 1513 1131 1534 esse
1156 1503 1287 1544 pulchra
1308 1503 1422 1535 facere.
1467 1503 1524 1536 So.
1550 1503 1689 1535 Pulchra

221 1571 294 1592 vero
310 1564 449 1602 agentes,
467 1570 571 1591 nonne
587 1559 682 1590 etiam
694 1558 797 1589 bona?
844 1557 910 1589 ΑΙ..
934 1556 995 1588 Ita.
1040 1557 1099 1588 So.
1125 1556 1168 1588 Et
1181 1557 1262 1588 bona
1285 1557 1455 1599 prodesse?
1500 1556 1567 1589 ΑΙ..
1591 1557 1689 1589 Peni-

221 1620 287 1647 tus.
331 1614 387 1646 So.
410 1613 501 1646 Justa
517 1612 623 1654 igitur,
641 1622 659 1642 o
677 1611 874 1650 Alcibiades,
897 1610 987 1641 utilia
1003 1616 1086 1642 sunt.
1133 1610 1200 1642 ΑΙ..
1224 1610 1369 1642 Videtur.
1413 1611 1471 1643 So.
1493 1611 1572 1642 Haec
1583 1621 1689 1643 nonne

221 1668 293 1710 ipse
316 1667 435 1704 dixisti,
462 1677 521 1708 ego
548 1671 653 1697 autem
681 1664 891 1706 interrogavi?
936 1663 1004 1695 ΑΙ..
1026 1664 1180 1706 Apparet.
1225 1664 1280 1695 So.
1304 1665 1337 1695 Si
1353 1664 1422 1706 quis
1449 1664 1545 1706 igitur
1569 1670 1688 1706 surgat,

224 1721 472 1753 Atheniensibus
488 1720 536 1752 vel
559 1719 759 1761 Peparethiis
781 1717 992 1756 consulturus,
1016 1724 1130 1760 putans
1151 1718 1239 1759 justa
1261 1729 1294 1749 se
1309 1724 1344 1750 et
1361 1718 1479 1760 injusta
1493 1719 1690 1760 dignoscere,

224 1775 378 1817 dicatque-
388 1774 466 1806 scire
489 1785 522 1806 se
541 1773 629 1815 justa
656 1773 811 1804 interdum
829 1782 896 1803 csse
911 1773 1005 1813 mala,
1028 1783 1133 1803 nonne
1149 1773 1250 1813 ipsum
1266 1772 1421 1809 irrideres,
1437 1782 1506 1804 cum
1524 1777 1557 1803 tu
1575 1782 1692 1803 asseras

225 1829 335 1860 eadem
347 1828 434 1870 justa
450 1832 482 1860 et
496 1827 586 1858 utilia
601 1837 668 1858 esse
684 1827 695 1856 ?
739 1826 804 1857 Ar..
828 1826 889 1857 Per
905 1826 995 1867 deos,
1006 1836 1024 1856 o
1041 1825 1196 1861 Socrates,
1212 1825 1288 1866 quid
1304 1826 1405 1856 dicam
1421 1826 1541 1863 nescio,
1564 1826 1619 1857 sed
1635 1826 1692 1857 ab·

224 1883 316 1914 surdo
334 1883 470 1924 quodam
495 1882 589 1912 modo
610 1881 724 1911 habere
747 1890 796 1910 me
814 1880 932 1910 videor.
951 1889 1037 1910 nunc
1055 1879 1138 1910 enim
1155 1878 1216 1909 alia
1231 1879 1376 1909 videntur
1391 1879 1468 1910 mihi
1482 1879 1692 1921 interrogante

224 1941 270 1976 te,
293 1946 378 1967 nunc
402 1935 474 1968 alia.
520 1935 574 1966 So.
596 1933 740 1975 Ignoras,
766 1944 785 1964 o
812 1933 926 1973 amice,
956 1942 1100 1973 quaenam
1130 1933 1198 1963 haee
1223 1932 1348 1964 affectio
1365 1932 1426 1964 sit?
1473 1932 1538 1964 ΑΙ..
1560 1933 1690 1974 Ignoro.

225 1990 282 2022 So.
307 1990 342 2021 Si
357 1989 426 2032 quis
443 1994 472 2020 te
487 1989 717 2029 interrogasset,
734 1987 856 2018 duosne
878 1997 919 2017 an
942 1991 1003 2017 tres
1029 1986 1137 2018 oculos
1152 1986 1280 2027 habeas,
1293 1996 1451 2017 mamusve
1465 1987 1543 2017 duas
1558 1996 1597 2017 an
1613 1997 1694 2028 qua-

226 2049 308 2085 tuor,
323 2049 378 2074 aut
392 2043 476 2074 aliud
493 2043 643 2084 quiddam
659 2041 861 2082 hujusmodi:
887 2045 980 2082 putas
997 2040 1043 2071 illi
1062 2046 1092 2072 te
1110 2045 1174 2071 tum
1189 2041 1250 2072 11οο
1267 2045 1332 2070 tum
1348 2039 1438 2077 illud,
1453 2050 1494 2071 an
1509 2040 1593 2071 idem
1608 2050 1690 2071 sem-

226 2107 282 2138 per
304 2107 520 2139 responsurum
543 2096 662 2127 fuisse?
708 2095 773 2127 ΑΙ..
797 2094 866 2126 Etsi
888 2095 928 2126 de
952 2105 1000 2125 nie
1023 2095 1093 2135 ipso
1128 2093 1226 2136 [117]
1245 2093 1312 2135 jam
1336 2103 1455 2130 vereor,
1481 2099 1559 2135 puto
1582 2098 1688 2125 tamen

226 2151 335 2182 eadem
352 2160 581 2193 responsurum.
625 2149 680 2180 So.
704 2148 756 2180 An
779 2158 844 2178 non
866 2147 960 2189 hujus
983 2157 1077 2178 causa
1101 2151 1161 2186 est,
1176 2147 1253 2188 quia
1276 2145 1463 2187 cognoscis?
1507 2146 1571 2178 Ar..
1594 2146 1690 2178 Arbi-

225 2211 300 2237 tror.
345 2205 398 2237 So.
421 2204 473 2236 De
496 2205 610 2246 quibus
632 2203 725 2245 igitur
747 2202 863 2233 invitus
886 2202 1040 2233 contraria
1062 2201 1244 2243 respondes»,
1259 2205 1382 2232 constat
1402 2200 1457 2231 illa
1482 2205 1513 2231 te
1534 2201 1688 2242 ignorare.

225 2259 288 2290 ΑΙ..
311 2259 564 2291 Consentaneum
580 2263 639 2289 est.
683 2257 741 2289 So.
763 2256 880 2288 Nonne
896 2256 980 2288 circa
991 2255 1079 2297 justa
1094 2260 1126 2286 et
1140 2254 1269 2296 injusta,
1285 2254 1416 2296 pulchra
1430 2259 1462 2285 et
1477 2254 1590 2295 turpia,
1605 2254 1689 2285 bona

226 2318 259 2344 et
274 2313 366 2349 mala,
383 2313 472 2344 utilia
487 2317 519 2343 et
539 2312 665 2344 inutilia
689 2311 910 2353 respondendo
933 2315 965 2341 te
988 2320 1103 2341 errasse
1126 2308 1256 2340 fateris?
1279 2307 1394 2339 deinde
1411 2318 1474 2339 non
1490 2308 1687 2339 mani‘esturn

227 2372 285 2405 est,
300 2368 341 2398 ob
356 2377 424 2398 eam
437 2377 560 2398 causam
574 2365 828 2408 erravisse,quod
843 2364 1052 2406 ignoraveris?
1098 2364 1165 2394 AL.
1187 2362 1322 2394 Videtur
1338 2362 1424 2394 mihi.
1467 2362 1524 2393 So.
1547 2360 1633 2392 Num
1645 2361 1690 2392 ita

226 2431 274 2452 res
297 2431 329 2451 se
352 2421 467 2452 habet?
493 2431 564 2452 cum
588 2419 656 2461 quis
671 2418 791 2460 aliquid
806 2419 942 2460 ignorat,
957 2418 1039 2448 illius
1063 2417 1201 2448 animum
1221 2417 1304 2448 circa
1319 2417 1350 2447 id
1367 2426 1465 2447 errare
1479 2425 1606 2447 necesse
1621 2415 1691 2446 est?

225 2474 292 2505 ΑΙ..
313 2474 456 2511 Quidni?
489 2473 544 2505 So.
567 2473 686 2510 Scisne,
696 2483 759 2514 quo
771 2477 865 2514 pacto
878 2472 910 2503 in
921 2471 1033 2503 coslum
1049 2471 1222 2502 ascendas?
1270 2469 1334 2502 Ar..
1357 2470 1491 2501 Minime
1502 2480 1556 2511 per
1565 2469 1689 2501 Jovem.

227 2526 283 2557 So.
308 2526 442 2558 Aberrat
454 2526 611 2558 circaliaec
621 2527 730 2568 opinio
741 2527 814 2558 tua?
861 2526 925 2558 ΑΙ...
947 2525 1022 2556 Non
1039 2530 1133 2557 certe.
1169 2524 1225 2556 So.
1247 2524 1315 2556 Scis
1330 2530 1434 2556 autem
1449 2523 1542 2565 hujus
1553 2533 1695 2563 caueam,

227 2589 270 2610 an
283 2590 333 2610 rue
348 2580 450 2612 dicere
463 2580 581 2612 mavis?
625 2580 689 2612 AL.
712 2580 788 2612 Dic.
832 2580 889 2611 So.
912 2579 1070 2617 Quoniam
1090 2589 1163 2611 cum
1192 2578 1327 2616 nescias,
1347 2589 1410 2610 non
1425 2582 1519 2620 putas
1543 2583 1575 2608 te
1599 2577 1689 2609 scire.

226 2632 290 2665 ΔΙ..
307 2634 476 2670 Quomodo
487 2644 587 2666 rursus
603 2634 634 2665 id
651 2634 696 2666 ais
711 2635 722 2665 ἓ
746 2635 804 2666 80.
824 2633 951 2675 Inspice
963 2638 996 2665 tu
1009 2643 1134 2676 quoque
1150 2643 1213 2664 una
1229 2643 1350 2664 mecum
1366 2644 1374 2663 :
1400 2632 1481 2668 Quae
1496 2630 1598 2662 nesc‘oe
1611 2640 1688 2672 cog·

228 2687 395 2728 noscisque
410 2692 440 2718 tc
453 2697 490 2719 ea
505 2688 634 2724 nescire,
651 2699 726 2720 num
741 2689 774 2719 in
788 2687 850 2720 illis
865 2687 996 2719 laberis?
1019 2687 1286 2729 quemadmodum
1309 2687 1349 2717 de
1373 2684 1520 2727 parandis
1538 2684 1691 2725 obsoniis,

227 2741 310 2772 nesti
324 2750 398 2773 sane
414 2741 499 2782 quod
512 2742 636 2773 nescis?
681 2742 746 2775 ΑΙ..
768 2742 910 2775 Peaitus.
956 2742 1013 2774 So.
1037 2742 1149 2773 Utrum
1171 2742 1254 2774 circa
1280 2741 1347 2772 haec
1363 2738 1512 2781 opinaris,
1527 2738 1687 2780 quomodo

228 2804 338 2836 parare
351 2795 528 2832 conveniat,
543 2800 636 2837 atquc
652 2797 753 2827 erras?
777 2807 817 2828 an
842 2797 950 2838 potius
964 2796 1074 2828 scienti
1089 2795 1239 2828 concedis
1253 2795 1264 2826 ἓ
1310 2794 1375 2826 ΑΙ..
1398 2792 1468 2824 Hoc
1481 2797 1587 2834 pacto.
1632 2791 1688 2823 So-

228 2848 317 2886 Quid
332 2849 357 2880 si
372 2849 553 2890 navigares?
577 2850 719 2891 nunquid
736 2850 905 2892 opinareris
921 2856 953 2882 et
969 2850 1151 2892 inquireres,
1163 2848 1322 2891 quomodo
1347 2845 1591 2888 gubernaculum
1607 2849 1689 2876 esset

231 2903 271 2936 ad
283 2903 444 2936 internane
459 2914 500 2936 an
512 2904 550 2935 ad
568 2907 694 2936 citerna
710 2905 911 2942 nectendum.
927 2910 1021 2948 atquc
1038 2910 1148 2946 utpote
1175 2903 1297 2936 nescius
1320 2900 1496 2933 oberrares?
1520 2899 1568 2931 vel
1584 2898 1688 2941 potius
