1840 3225
166 233 261 290 802]
604 233 674 271 DE
704 230 932 270 LEGIBUS
972 231 1068 270 ΜΒ.
1101 233 1190 270 VII.
1536 234 1607 269 371

160 337 243 368 enim
259 337 325 368 haee
340 336 387 367 lex
405 336 500 378 digna
509 327 672 377 suffragiis.
709 335 842 366 Arnen.
866 335 1016 372 Quaenam
1029 335 1124 376 igitur
1140 340 1208 376 post
1226 335 1484 370 benedictionem,
1498 334 1608 365 laudes

157 390 337 432 bonumque
353 401 456 425 omen.
482 389 608 420 musicae
622 391 760 421 secunda
775 389 825 419 lex
841 389 900 418 erit
914 388 924 417 ?
948 398 1051 418 nonne
1066 393 1099 418 ut
1115 399 1224 429 preces
1240 388 1322 425 Diis,
1335 389 1448 430 quibus
1462 388 1606 424 libamus,

159 444 383 475 effundantur?
427 443 502 475 CLr.
525 443 629 474 Certe.
672 442 808 474 Arnen.
829 441 936 472 Tertia
964 452 1048 478 vero,
1071 448 1105 472 ut
1131 443 1271 479 arbitror,
1300 443 1357 473 erit
1380 443 1440 478 lex,
1466 448 1510 478 ut,
1539 453 1608 473 cum

158 497 262 538 poe’tae
277 508 384 540 preces
397 497 481 538 ipsas
495 497 665 538 petitiones
680 497 838 527 hominum
852 506 871 526 a
885 495 955 526 Diis
969 506 1035 526 esse
1051 506 1111 526 non
1124 496 1278 536 ignorent,
1292 496 1458 537 diligenter
1469 497 1608 527 animad-

156 556 291 588 vertant,
317 562 358 582 ne
388 552 470 582 mala
498 550 585 591 quasi
614 550 697 580 bona
725 550 894 591 postulent.
916 549 1047 579 ridicula
1075 550 1219 580 nimirum
1236 549 1317 579 illius
1332 549 1481 585 conditio,
1497 550 1549 590 qui
1565 549 1609 579 ita

156 610 311 644 precatur.
356 604 435 635 Cu.
459 605 569 635 Procul
593 604 701 634 dubio.
749 603 885 634 Arm-:n-
909 603 1022 633 Nonne
1038 613 1131 643 supra
1146 603 1369 640 concessimus,
1385 614 1447 633 non
1464 609 1607 644 oportere

154 658 187 688 iu
202 659 328 689 civitate
339 668 445 689 aureas
461 662 494 688 et
510 663 669 699 argenteas
688 657 812 688 divitias
827 667 894 687 esse
909 657 919 686 ?
955 656 1032 687 CLr.
1057 657 1204 687 Omnino.
1241 657 1379 688 Anum.
1403 656 1500 698 Cujus
1515 657 1607 697 igitur

157 712 314 754 exemplar
325 722 499 743 sermonem
514 713 596 742 hunc
619 722 688 742 esse
711 712 873 742 dicemus?
896 722 1001 742 nonne
1025 711 1142 752 hujus?
1167 710 1252 751 quod
1276 710 1424 741 videlicet
1445 710 1604 750 poetarum

154 775 254 806 genus
267 776 333 796 non
348 776 451 802 omne,
468 777 537 807 quae
552 766 632 796 bona
644 771 726 801 sunt,
742 776 811 806 quae
826 775 899 801 non,
917 765 993 795 satis
1009 774 1194 804 cognoscere
1218 770 1334 804 potest.
1358 774 1465 804 quare,
1480 764 1507 793 si
1522 764 1607 804 quis-

152 829 246 861 quam
267 820 429 861 poetarum
454 820 555 850 verbis
577 825 630 850 aut
651 826 743 850 cantu
765 824 878 860 praeter
901 819 1000 860 ipsam
1022 818 1172 848 rationem
1196 827 1306 857 preces
1329 827 1391 847 non
1405 824 1503 848 rectas
1516 818 1608 847 nobis

149 873 323 910 tradiderit,
338 874 365 904 is
380 874 536 905 contraria
547 874 578 904 in
593 874 685 903 rebus
701 873 841 903 maximis
855 877 961 913 petere
974 872 1057 903 cives
1072 871 1177 902 faciet.
1191 881 1252 912 quo
1265 870 1390 912 quidem
1402 881 1513 905 errore,
1526 871 1608 901 sicut

150 926 297 963 diximus,
312 938 375 959 non
390 929 500 958 multos
514 928 645 969 majores
656 928 858 968 reperiemus
872 938 964 957 unam
982 927 1073 967 igitur
1088 928 1168 956 hanc
1184 935 1308 967 quoque
1324 926 1358 955 in
1375 925 1492 955 musica
1504 925 1604 964 legem

149 972 341 1022 formamque
365 991 528 1022 ponamus.
572 980 648 1011 Cm.
671 981 798 1018 Quam?
823 981 873 1011 dic
902 981 1049 1022 apertius.
1095 980 1230 1012 Aruns.
1254 980 1357 1010 Nemo
1389 979 1483 1020 poeta
1499 986 1609 1020 praeter

149 1034 285 1065 civitatis
299 1035 396 1076 leges,
409 1035 547 1076 etjusta,
565 1036 613 1065 vel
629 1036 771 1070 honesta,
787 1036 835 1065 vel
852 1036 942 1070 bona,
959 1035 1073 1075 fingere
1089 1035 1254 1075 quicquam
1266 1033 1383 1063 audeat
1397 1045 1402 1062 :
1428 1043 1487 1063 nec
1504 1032 1608 1068 liceat,

150 1097 221 1128 quae
235 1089 454 1129 composuerit,
473 1089 527 1118 ulli
539 1090 724 1130 privatorum
742 1090 917 1125 ostendere,
935 1096 1100 1128 antequam
1117 1088 1282 1119 constituti
1296 1088 1354 1117 hac
1371 1086 1410 1117 de
1422 1097 1455 1116 re
1483 1086 1607 1127 judices

149 1140 317 1183 legumque
339 1142 485 1172 custodes
507 1150 539 1172 et
561 1142 694 1173 viderint
715 1148 748 1173 et
769 1142 1019 1183 approbaverint.
1041 1143 1096 1183 qui
1126 1152 1196 1172 vero
1221 1141 1347 1171 musicae
1378 1146 1410 1171 et
1434 1139 1608 1181 disciplinae

151 1194 349 1234 praesideant,
362 1196 459 1226 ferme
473 1201 630 1227 ostensum
645 1202 702 1226 est.
726 1195 868 1236 nunquid
883 1205 966 1236 ergo,
983 1195 1068 1236 quod
1083 1199 1167 1236 saepe
1177 1194 1245 1235 jam
1254 1205 1367 1235 quaero,
1381 1195 1431 1224 lex
1447 1194 1504 1223 ista
1516 1194 1607 1224 nobis

149 1248 309 1289 formaque
324 1254 356 1279 et
369 1249 472 1290 imago
483 1250 575 1279 tertia
590 1249 766 1279 sancietur?
791 1260 829 1279 an
845 1249 935 1279 aliter
949 1250 960 1279 ?
1007 1248 1083 1279 (ΖΜ.
1105 1249 1270 1279 Sanciatur
1286 1248 1422 1279 omnino.
1468 1247 1606 1278 Arni-m.

151 1301 229 1332 Post
252 1303 318 1333 haec
331 1304 529 1333 rectissimum
544 1304 612 1338 erit,
630 1308 664 1332 ut
680 1303 785 1344 hymni
801 1302 971 1343 laudesque
1002 1302 1141 1333 Deorum
1156 1302 1303 1343 precibus
1318 1302 1420 1332 mixtae
1433 1306 1585 1332 canantur
1600 1312 1606 1329 ;

153 1355 270 1386 deinde
285 1356 460 1386 daemonum
477 1358 646 1397 heroumqu
664 1357 805 1387 similiter
820 1367 890 1387 cum
902 1356 1045 1386 laudibus
1060 1366 1169 1397 preces
1186 1356 1318 1387 idoncae.
1364 1356 1439 1387 Cm.
1464 1355 1519 1385 Nil
1535 1365 1605 1395 pro-

147 1409 246 1439 hibet.
288 1409 426 1440 Arum.
453 1410 501 1440 Ad
515 1411 582 1441 haec
597 1410 736 1451 sequitur
749 1410 914 1441 confestim
929 1410 989 1440 ista
1005 1411 1070 1441 sine
1085 1409 1204 1440 invidia
1221 1410 1271 1440 lex
1286 1421 1292 1438 :
1340 1409 1466 1439 Decens
1482 1414 1531 1438 est
1552 1418 1608 1438 eos

148 1463 233 1493 cives
260 1463 405 1494 laudibus
434 1474 590 1498 exornare,
623 1464 675 1504 qui
706 1469 864 1494 cesserunt
878 1475 895 1494 e
923 1464 999 1499 vita,
1030 1464 1056 1493 si
1087 1463 1227 1504 corporis
1254 1462 1301 1492 vel
1318 1462 1413 1493 animi
1427 1461 1544 1491 viribus
1558 1471 1609 1491 res

149 1515 260 1547 arduas
279 1518 502 1559 praeclarasque
525 1517 676 1558 gesserint
690 1522 722 1547 et
738 1517 856 1558 leg-ibus
871 1517 1003 1547 libenter
1017 1517 1187 1557 paruerint.
1234 1516 1311 1547 CLr.
1335 1514 1453 1552 Quidni
1469 1515 1479 1544 ?
1505 1515 1603 1556 [802]

146 1569 285 1603 Arnim.
307 1571 457 1602 Viventes
473 1578 575 1602 autern
592 1572 693 1602 adbuc
710 1571 856 1601 laudibus
869 1572 1054 1613 hymnisque
1069 1572 1219 1602 honorare
1236 1575 1334 1601 tutum
1352 1580 1417 1600 non
1434 1574 1490 1604 est,
1507 1568 1608 1609 prius-

149 1633 241 1664 quam
266 1624 330 1655 vita
355 1625 481 1656 functus
506 1625 658 1666 quispiam
690 1625 781 1656 finem
813 1626 936 1656 vivendi
962 1626 1144 1666 praeclarum
1170 1624 1290 1655 fecerit.
1313 1625 1380 1654 hoec
1407 1623 1512 1653 omnia
1534 1622 1609 1652 viris

149 1676 390 1720 mulieribusque
402 1679 515 1710 virtute
532 1680 705 1720 insignibus
720 1680 894 1710 communia
918 1679 991 1709 sint.
1016 1685 1124 1709 cantus
1151 1683 1254 1709 autem
1271 1683 1304 1708 et
1320 1676 1457 1718 tripudia
1471 1677 1516 1706 ita
1530 1687 1606 1706 con-

145 1730 320 1762 stituantur.
333 1734 429 1763 multa
443 1734 612 1774 priscorum
628 1739 697 1764 sunt
708 1734 793 1764 circa
804 1734 951 1764 musicam
967 1733 1094 1774 antiqua
1120 1732 1268 1774 poemata
1281 1738 1313 1763 et
1323 1731 1495 1761 saltationis
1510 1740 1607 1770 gene-

146 1793 199 1814 ra:
225 1786 264 1816 de
294 1786 403 1826 quibus
434 1787 578 1818 decentia
594 1793 627 1818 et
642 1787 806 1818 commoda
821 1788 997 1819 constitutae
1013 1787 1132 1817 civitati
1148 1786 1295 1827 deligere,
1312 1786 1398 1815 nulla
1414 1783 1534 1815 invidia
1548 1790 1607 1814 est.

146 1847 275 1878 quorum
292 1840 442 1871 electores
454 1852 516 1871 non
531 1842 691 1882 pauciores
707 1853 800 1883 quam
814 1842 1045 1882 quinquaginta
1062 1841 1124 1870 sint
1139 1850 1235 1870 annos
1250 1839 1327 1869 nati.
1352 1839 1394 1874 bi,
1411 1849 1479 1880 quae
1492 1838 1606 1868 suffici-

146 1896 235 1922 enter
249 1892 335 1924 dicta
349 1905 417 1925 esse
432 1895 604 1931 videantur,
622 1896 739 1937 eligant
757 1907 763 1925 :
788 1905 857 1936 quae
872 1905 946 1925 vero
970 1894 1109 1935 improbe
1134 1894 1229 1930 dicta,
1247 1893 1373 1924 omnino
1396 1892 1548 1933 rejiciant,
1573 1896 1606 1921 et

146 1954 216 1985 quae
231 1947 332 1977 minus
355 1949 552 1984 sufficienter,
576 1949 681 1990 poetis
704 1950 776 1980 viris
797 1950 986 1990 musicisque
1014 1947 1162 1978 adhibitis
1185 1947 1343 1988 corrigant
1365 1952 1396 1976 et
1418 1945 1602 1976 absolvant:

147 2004 240 2040 atque
256 2001 368 2031 virtute
385 2002 521 2043 ipsorum
538 2005 672 2044 poetica,
688 2014 750 2034 non
766 2003 981 2044 voluptatibus
998 2013 1096 2043 neque
1112 2001 1348 2042 cupiditatibus,
1364 2001 1424 2030 nisi
1448 2000 1480 2030 in
1497 1999 1606 2040 paucis

148 2053 344 2094 quibusdam,
359 2061 496 2091 utantur,
514 2057 558 2086 ita
573 2063 616 2093 ut,
632 2057 841 2099 legumlatoris
857 2057 998 2098 exposita
1010 2056 1182 2091 voluntate,
1200 2055 1400 2085 saltationem
1414 2059 1604 2095 cantumque

146 2112 179 2137 et
202 2118 322 2139 omnem
353 2110 494 2140 choream
523 2111 692 2151 prudenter
719 2111 759 2141 ad
783 2122 853 2141 eam
877 2112 1023 2151 dirigant.
1046 2110 1146 2140 omnis
1174 2109 1313 2151 profecto
1341 2109 1484 2139 ordinata
1500 2108 1603 2142 Musa,

146 2162 288 2202 quamvis
311 2163 412 2194 suavis
435 2164 529 2194 Musa
552 2176 614 2195 non
630 2164 828 2206 adjungatur,
845 2165 937 2205 longe
955 2165 1065 2195 melior
1080 2171 1127 2195 est
1143 2174 1236 2205 qnam
1251 2175 1320 2194 curn
1337 2168 1385 2193 est
1398 2162 1466 2192 sine
1482 2161 1603 2192 ordine.

145 2215 282 2246 suavitas
296 2222 398 2247 autem
421 2223 512 2259 atque
524 2218 704 2260 jucunditas
721 2219 824 2250 Musis
837 2220 978 2249 omnibus
994 2225 1040 2249 est
1063 2219 1245 2250 communis.
1269 2227 1341 2247 nam
1365 2217 1397 2246 in
1414 2225 1602 2256 quacunque

147 2278 165 2298 a
190 2269 298 2309 primis
322 2271 413 2301 annis
438 2272 477 2302 ad
501 2278 622 2303 aetatem
647 2283 747 2314 usque
772 2279 919 2304 maturam
937 2281 1072 2303 versatus
1088 2272 1202 2313 aliquis
1224 2271 1328 2306 fuerit,
1345 2280 1416 2301 eam
1429 2268 1603 2310 jucundam

149 2321 321 2353 arbitratur.
345 2325 464 2366 quippe
479 2326 503 2356 si
519 2327 550 2356 in
568 2327 660 2357 Musa
675 2333 847 2368 temperata
861 2336 953 2368 atque
970 2326 1112 2357 ordinata
1127 2326 1221 2356 fuerit
1235 2326 1398 2359 educatus,
1414 2324 1600 2354 contrariam

149 2383 221 2403 cum
248 2375 346 2411 audit,
373 2377 450 2413 odit,
479 2378 725 2421 illiberalemque
756 2381 911 2421 appellat:
952 2381 998 2410 sin
1029 2381 1188 2421 vulgarem
1215 2378 1448 2420 jucundamque
1478 2386 1600 2418 semper

149 2425 256 2458 aud-ire
272 2431 478 2466 consueverit,
508 2432 599 2472 hujus
627 2435 810 2464 contrariam
836 2434 979 2474 frigidam
998 2439 1030 2464 ct
1045 2444 1182 2475 asperam
1199 2443 1266 2464 esse
1282 2432 1379 2463 ducit.
1403 2436 1602 2472 quapropter,

150 2485 184 2510 ut
208 2480 301 2512 modo
328 2483 479 2520 dicebam,
505 2484 712 2525 jucunditatis
740 2494 772 2518 et
799 2488 946 2518 molestiae
971 2488 1001 2518 in
1029 2494 1159 2529 utraque
1188 2497 1241 2527 pro
1259 2485 1485 2517 consuetudine
1501 2490 1608 2515 nostra

146 2543 202 2574 par
215 2535 293 2564 ratio
308 2542 374 2566 est:
403 2537 458 2567 sed
473 2539 674 2570 emolumenti
691 2546 721 2571 et
746 2542 923 2572 detrimenti
956 2542 1032 2572 ratio
1061 2542 1172 2582 impar.
1200 2550 1314 2579 nempe
1340 2540 1436 2570 altera
1452 2538 1606 2574 meliores,

145 2587 242 2619 altera
264 2589 434 2621 deteriores
462 2592 537 2623 facit
565 2599 698 2624 utentes.
741 2595 818 2627 Cu.
844 2596 1008 2626 Praeclare.
1048 2595 1182 2626 Arum«.
1213 2594 1369 2624 Praeterea
1396 2598 1516 2629 cantus,
1549 2591 1606 2633 qui

143 2640 216 2672 viris
242 2644 439 2680 conveniant,
471 2651 503 2676 et
531 2647 583 2687 qui
612 2647 747 2683 feminis,
774 2649 871 2679 forma
895 2651 1027 2691 quadam
1056 2649 1247 2690 distinguere
1278 2647 1440 2682 debemus,
1469 2651 1501 2677 et
1530 2655 1607 2677 con-

145 2695 286 2727 centibus
312 2699 508 2740 numerisque
551 2703 798 2733 accommodare.
841 2703 1005 2734 absurdum
1045 2709 1092 2733 est
1129 2703 1211 2732 enim
1251 2701 1418 2733 concentui
1461 2701 1607 2731 universo

146 2747 196 2777 vel
221 2759 349 2781 numero
361 2753 532 2790 dissonare,
562 2761 594 2784 et
623 2756 669 2785 his
698 2756 829 2797 singulis
857 2767 920 2788 non
950 2758 1063 2787 idonea
1094 2757 1234 2786 reddere.
1258 2756 1366 2786 horum
1396 2755 1489 2796 igitur
1500 2754 1607 2784 formae

147 2804 321 2835 necessario
369 2806 490 2847 legibus
527 2808 699 2839 statuendae
738 2817 819 2847 sunt,
859 2810 998 2851 utrisque
1046 2810 1269 2841 convenienter
1306 2807 1511 2839 attribuendae
1528 2818 1534 2836 :
1574 2814 1613 2838 et

147 2853 222 2893 quid
240 2856 336 2888 Virum
361 2860 475 2900 quidve
499 2863 663 2893 mulierem
693 2863 816 2900 deceat,
845 2875 882 2894 ex
912 2865 981 2905 ipsa
1006 2864 1164 2905 utriusque
1179 2868 1296 2894 namne
1312 2862 1487 2893 differentia
1501 2858 1607 2890 decla-

146 2913 224 2939 rare·
259 2920 357 2953 porro,
384 2915 467 2955 quod
498 2917 692 2958 magnificum
720 2924 767 2948 est
794 2924 825 2949 et
855 2918 895 2949 ad
922 2919 1133 2949 fortitudinem
1165 2918 1278 2958 tendit,
1307 2917 1394 2946 virile
1426 2914 1605 2944 dicendum.
