1840 3225
168 196 264 247 731]
635 194 706 232 DE
739 191 967 231 LEGIBUS
999 193 1098 233 Lm.
1130 195 1178 233 v.
1554 194 1629 232 337

157 301 279 341 potius,
295 304 331 330 ut
345 299 407 330 sint
422 308 526 330 coram
536 297 711 341 junioribus
724 295 905 331 verecundi,
923 306 959 326 ac
975 306 1170 338 summopere
1184 303 1326 334 caveant,
1340 306 1380 328 ne
1394 297 1464 339 quis
1473 297 1626 339 juvenum

163 365 220 386 eos
235 360 288 385 aut
303 354 408 385 videat
422 359 476 384 aut
491 352 596 383 audiat
609 357 738 392 agentes
762 355 854 391 turpe
871 349 990 390 aliquid
1007 351 1056 381 vel
1073 350 1247 392 loquentes.
1269 362 1340 382 nam
1353 351 1406 383 ubi
1423 361 1514 382 senes
1525 351 1627 382 minus

158 408 267 450 pudici
282 415 365 444 sunt,
380 418 508 439 necesse
522 411 569 437 est
583 405 627 436 ibi
637 406 771 447 juvenes
799 403 1090 444 impudentissimos
1118 415 1196 436 esse.
1219 411 1373 446 praestans
1395 406 1482 436 enim
1497 411 1529 437 et
1539 405 1625 448 juni-

157 474 245 494 orum
260 468 293 494 et
306 463 460 494 seniorum
486 460 652 501 disciplina
666 465 714 489 est
736 469 797 489 non
822 458 984 489 verborum
1007 459 1192 500 increpatio,
1209 459 1265 490 sed
1279 466 1324 496 ut,
1343 471 1412 501 quae
1429 459 1623 502 increpando

158 517 228 558 quis
243 517 362 548 diceret
376 522 408 546 et
421 514 586 550 monendo,
603 513 713 544 eadem
742 513 812 554 ipse
827 512 861 543 in
890 512 976 543 omni
991 512 1057 544 vita
1082 512 1185 544 facere
1207 512 1363 545 videatur.
1385 514 1526 555 quisquis
1540 524 1621 555 prae-

153 575 243 603 terea
256 571 471 613 cognationem
486 575 519 600 et
543 569 717 600 universam
739 568 796 599 sub
823 567 940 598 eisdem
966 567 1134 608 penatibus
1159 568 1284 608 generis
1297 568 1546 599 communionem
1560 569 1621 599 ho-

152 631 244 656 norat
257 631 290 656 et
305 626 392 661 colit,
408 625 463 655 hos
492 624 580 654 Deos
602 623 713 654 merito
730 622 881 664 propitios
897 622 929 652 in
944 621 1051 653 liberis
1066 621 1268 663 procreandis
1283 622 1424 653 habebit.
1446 622 1618 653 amicorum

151 690 274 720 quoque
287 684 319 710 et
334 678 487 709 sodalium
502 678 533 708 in
548 677 620 708 vitas
646 676 872 708 consuetudine
896 686 1047 707 summam
1062 676 1310 707 benivolentiam
1325 681 1546 717 consequetur,
1562 676 1621 717 qui

148 733 275 764 illorum
290 733 324 763 in
339 742 372 763 se
398 732 547 774 obsequia
560 732 678 774 majora
701 731 978 773 praestantioraque
994 731 1119 772 putabit
1133 741 1227 772 quam
1241 731 1290 761 illi
1305 742 1312 761 τ
1337 740 1394 761 sua
1409 740 1482 761 vero
1496 729 1530 760 in
1545 729 1620 760 illos

151 787 304 818 beneficia
318 787 446 823 minora,
463 797 554 828 quam
581 786 654 827 ipsi,
671 785 874 817 existimabit.
895 786 983 826 atqui
1009 790 1042 816 et
1065 795 1141 826 erga
1161 785 1320 816 civitatem
1347 795 1384 816 ac
1399 784 1485 815 cives
1500 783 1619 826 optime

147 840 202 871 ille
214 850 248 871 se
264 846 362 882 geret,
387 841 441 881 qui
462 840 548 871 omni
572 840 722 875 victoriae,
739 850 810 880 quae
836 840 870 870 in
897 839 1075 882 Olympicis
1091 839 1224 880 aliisque
1250 846 1315 870 tam
1327 838 1405 869 belli
1419 847 1514 880 quam
1528 837 1618 879 pacis

147 894 369 926 certaminibus
384 900 590 935 comparatur,
606 894 694 924 illam
720 894 852 934 gloriam
866 899 1049 934 anteponet,
1065 903 1160 934 quam
1175 893 1284 935 patriis
1300 892 1422 933 leg-ibus
1435 891 1617 923 ministran-

148 948 190 980 do
205 949 395 980 nanciscitur
411 960 418 977 t
443 953 538 989 atque
553 948 587 978 in
608 949 666 978 hoc
691 948 863 978 ministerio
887 948 1001 978 ceteris
1015 948 1160 978 omnibus
1173 958 1228 989 per
1240 952 1342 978 totam
1355 946 1453 977 vitam
1467 950 1617 987 praestare

145 1003 319 1034 conabitur.
361 1002 416 1033 Ad
441 1003 622 1044 peregrinos
649 1012 722 1032 vero
747 1001 945 1032 sanctissima
968 1011 1036 1032 esse
1060 1001 1178 1032 foedera
1205 1002 1338 1043 quisque
1361 1000 1489 1042 cogitet.
1510 1000 1611 1031 ferme

145 1057 232 1088 enim
248 1057 352 1088 omnia
371 1057 606 1098 peregrinorum
632 1061 665 1087 et
689 1060 798 1086 contra
820 1056 1003 1097 peregrinos
1030 1061 1161 1097 peccata
1176 1066 1239 1096 prae
1255 1056 1330 1092 illis,
1345 1066 1415 1096 quae
1429 1055 1511 1085 inter
1526 1054 1615 1085 cives

144 1112 391 1148 committuntur,
419 1112 512 1142 ultori
542 1110 614 1141 Deo
643 1121 724 1141 curae
753 1115 835 1141 sunt.
857 1120 930 1140 nam
960 1120 1033 1141 cum
1058 1109 1242 1152 peregrinus
1271 1109 1380 1140 amicis
1403 1109 1610 1150 cognatisque

141 1171 257 1202 careat,
272 1166 420 1208 majorem
433 1171 465 1196 et
479 1166 563 1207 apud
590 1164 678 1196 Deos
693 1170 727 1195 et
746 1164 831 1206 apud
852 1165 995 1195 homines
1009 1169 1146 1195 meretur
1159 1163 1419 1194 misericordiam.
1440 1173 1536 1204 quare
1552 1162 1609 1203 qui

141 1220 243 1262 magis
257 1220 367 1251 ulcisci
381 1225 497 1260 potest,
512 1220 540 1250 is
554 1219 596 1250 ad
620 1219 783 1250 ferendum
808 1219 959 1250 auxilium
982 1224 1031 1249 est:
1057 1218 1204 1259 paratior.
1226 1223 1334 1259 potest
1347 1222 1453 1248 autem
1469 1217 1603 1247 maxime

142 1274 308 1316 hospitalis
331 1274 481 1316 cujusque
513 1273 650 1304 Daemon
666 1284 701 1304 ac
725 1273 827 1311 Deus,
845 1273 942 1315 [730]
967 1273 1155 1314 hospitalem
1175 1272 1275 1304 secuti
1303 1273 1429 1304 Jovem.
1453 1270 1611 1312 Diligenti

141 1328 239 1370 igitur
264 1329 408 1359 cautione
434 1328 633 1369 cogitandum
665 1328 789 1369 cuique,
819 1328 871 1359 cui
903 1339 969 1358 non
997 1328 1076 1358 nihil
1104 1334 1154 1358 est
1181 1326 1316 1363 consilii,
1345 1331 1380 1357 ut
1401 1326 1555 1368 innocens
1570 1325 1609 1356 ab

141 1381 254 1424 injuria
281 1382 313 1413 in
339 1383 519 1424 peregrinos
548 1392 673 1424 semper
699 1383 795 1413 vivat.
830 1382 888 1413 sed
917 1383 1057 1413 omnium
1084 1387 1149 1413 tam
1177 1382 1210 1412 in
1241 1380 1424 1423 peregrinos
1453 1390 1548 1421 quam
1573 1379 1608 1410 in

134 1437 221 1468 cives
241 1442 441 1478 peccatorum
471 1437 638 1468 maximum
668 1442 727 1474 est,
743 1437 827 1480 quod
852 1438 887 1468 in
913 1437 1070 1479 supplices
1096 1441 1144 1468 est
1172 1435 1384 1467 commissum.
1412 1435 1490 1465 deus
1505 1434 1603 1471 enim,

137 1501 194 1533 per
221 1501 314 1532 quem
344 1492 475 1533 supplex
503 1492 602 1523 foedus
628 1497 676 1523 est
702 1497 900 1529 consecutus,
931 1492 1188 1534 diligentissimus
1217 1490 1286 1532 ejus
1314 1494 1363 1521 est
1388 1494 1503 1522 custos.
1527 1499 1608 1531 qua-

134 1555 170 1576 re
196 1546 302 1577 nullus
327 1545 362 1577 in
383 1546 539 1587 supplices
563 1547 732 1578 sceleratus
757 1547 896 1589 impunis
924 1547 1035 1578 abibit.
1079 1546 1243 1577 Hactenus
1264 1544 1368 1576 officia
1395 1543 1545 1586 cujusque
1568 1544 1603 1575 in

133 1605 290 1640 parentes,
313 1611 347 1631 se
382 1601 497 1641 ipsum,
525 1611 593 1637 sua,
622 1601 767 1642 patriam,
794 1601 922 1637 amicos,
949 1605 1112 1642 cognatos,
1140 1598 1321 1641 peregrinos
1345 1603 1441 1640 atque
1469 1598 1597 1629 colonos

133 1665 226 1696 paene
241 1655 347 1686 omnia
373 1655 583 1696 exposuimus.
605 1655 707 1697 qualis
730 1665 807 1686 vero
837 1655 969 1696 quisque
989 1654 1094 1696 quoad
1122 1665 1155 1684 se
1184 1654 1286 1695 ipsum
1316 1663 1385 1684 esse
1401 1653 1528 1689 debeat,
1541 1651 1598 1693 qui

132 1709 253 1750 optime
277 1709 380 1739 vivere
406 1709 493 1750 velit,
516 1720 600 1740 nunc
618 1710 684 1752 jam
715 1719 919 1751 exponamus,
937 1714 971 1739 ut
996 1719 1061 1740 non
1090 1709 1152 1744 lex,
1169 1708 1224 1739 sed
1251 1709 1318 1738 laus
1347 1713 1380 1738 et
1405 1707 1596 1748 vituperatio

131 1763 271 1804 singulos
287 1763 404 1794 docens
417 1764 555 1794 refrenet
579 1764 687 1805 magis,
703 1769 737 1795 et
765 1764 1042 1805 obtemperatiores
1068 1761 1206 1794 serendis
1229 1760 1352 1802 legibus
1374 1760 1481 1792 faciat.
1505 1765 1601 1801 atque

132 1818 202 1848 haec
228 1817 317 1849 nobis
342 1818 492 1859 deinceps
518 1817 654 1849 dicenda
679 1822 763 1848 sunt.
786 1818 899 1848 veritas
927 1817 1068 1857 profecto
1085 1820 1149 1845 tuni
1178 1815 1252 1845 Diis
1265 1819 1331 1844 tum
1347 1814 1523 1845 hominibus
1537 1814 1600 1845 dux

131 1872 272 1903 omnium
301 1877 350 1903 est
376 1872 552 1903 bonorum:
576 1872 666 1913 cujus
694 1871 749 1912 qni
778 1870 854 1900 felix
882 1870 1055 1911 beatusque
1085 1869 1206 1900 futurus
1234 1876 1293 1904 est,
1320 1869 1427 1899 statim
1453 1869 1491 1899 ab
1507 1868 1599 1900 initio

133 1925 293 1967 particeps
316 1935 385 1956 esse
406 1925 514 1962 debet,
527 1934 563 1956 ut
586 1926 620 1955 in
647 1925 778 1955 veritate
805 1923 974 1965 plurimum
989 1928 1113 1964 tempus
1128 1924 1221 1953 vitam
1248 1927 1333 1963 agat.
1355 1922 1435 1953 fidus
1451 1923 1502 1954 hic
1517 1928 1603 1954 certe

131 1984 202 2010 est:
226 1978 341 2010 infidus
366 1983 482 2014 autem,
509 1979 564 2020 qui
591 1984 701 2019 sponte
728 1978 898 2017 mentitur;
921 1977 975 2018 qui
995 1987 1068 2008 vero
1091 1987 1154 2008 non
1178 1982 1303 2018 sponte,
1328 1987 1446 2008 amens.
1471 1987 1602 2018 quorum

133 2038 278 2063 neutrum
290 2033 429 2074 optabile
445 2037 503 2063 est.
525 2042 600 2063 nam
612 2038 645 2063 et
659 2032 773 2063 infidus
789 2037 822 2062 et
850 2042 959 2062 amens
986 2032 1024 2062 ab
1052 2031 1190 2062 amicitia
1204 2030 1373 2062 admodum
1390 2031 1513 2062 alienus
1530 2043 1537 2061 :
1563 2041 1601 2063 ac

131 2087 321 2128 procedente
338 2092 478 2128 tempore
505 2087 650 2127 cognitus
667 2087 699 2117 in
725 2092 847 2117 tantam
862 2087 895 2117 in
919 2086 1027 2117 odiosa
1041 2091 1170 2117 senecta
1195 2085 1332 2126 vitaeque
1344 2085 1480 2117 termino
1492 2086 1602 2117 solitu·

133 2141 242 2172 dinum
257 2141 381 2177 incidit,
397 2146 441 2177 ut,
458 2151 512 2172 seu
527 2141 634 2171 vivant
650 2141 716 2172 sive
744 2140 938 2172 decesserint
964 2140 1056 2171 amici
1079 2150 1116 2171 ac
1143 2139 1212 2176 filii,
1228 2149 1320 2181 paene
1336 2138 1480 2170 similiter
1493 2139 1600 2170 orbam

130 2195 228 2226 vitam
242 2195 354 2225 misere
370 2200 455 2236 agat.
478 2195 678 2227 honorandus
703 2200 789 2227 certe
816 2201 875 2232 est,
901 2197 956 2237 qui
982 2195 1061 2226 nihil
1077 2194 1261 2236 injuriatur:
1287 2194 1341 2235 qui
1358 2203 1432 2224 vero
1446 2203 1506 2224 nec
1523 2193 1603 2225 alios

131 2248 166 2280 id
179 2249 282 2280 facere
297 2249 425 2291 patitur,
442 2249 560 2291 duplici
583 2251 709 2287 honore,
724 2250 821 2281 immo
836 2250 930 2281 etiam
949 2250 1046 2291 magis
1071 2254 1119 2280 est
1132 2248 1342 2280 honorandus
1365 2248 1418 2278 ille
1433 2248 1518 2278 enim
1533 2247 1599 2284 uni,

129 2303 182 2334 hic
206 2303 314 2333 multis
338 2303 514 2335 hominibus
540 2310 745 2346 comparatur,
763 2316 834 2336 cum
859 2304 1052 2346 principibus
1079 2309 1251 2335 ceterorum
1274 2301 1422 2344 injuriam
1447 2302 1596 2332 nuntiet:

131 2356 185 2398 qui
199 2362 303 2387 autem
319 2367 381 2387 una
396 2358 490 2388 etiam
504 2370 573 2389 cum
590 2360 819 2401 magistratibus
849 2360 1004 2402 injuriam,
1022 2358 1126 2401 quoad
1149 2362 1266 2399 potest,
1280 2356 1454 2392 ulciscitur,
1471 2357 1497 2387 is
1512 2367 1599 2397 mag-

127 2420 189 2441 nus
203 2411 421 2453 perfectusque
436 2411 468 2442 in
483 2413 611 2444 civitate
628 2414 673 2445 vir
698 2415 855 2456 praeconio
881 2414 1081 2456 praedicetur.
1105 2423 1176 2444 nani
1191 2412 1304 2442 virtute
1321 2411 1443 2443 cunctis
1458 2411 1597 2442 excellit.

127 2464 240 2496 eadem
256 2475 378 2507 quoque
393 2468 607 2507 temperantiae
624 2474 656 2499 et
671 2469 844 2510 prudentia:
860 2470 927 2499 laus
938 2476 996 2500 est.
1043 2468 1084 2498 Et
1101 2467 1153 2509 qui
1169 2466 1238 2497 aliis
1252 2466 1344 2496 bonis
1359 2465 1507 2501 abundat,
1523 2476 1595 2506 quae

127 2518 161 2550 in
175 2519 252 2550 alios
267 2530 391 2561 quoque
407 2520 583 2552 transfundi
601 2529 740 2563 possunt,
756 2524 780 2554 si
795 2529 915 2555 ceteros
929 2523 1098 2564 participes
1114 2521 1218 2556 efficit,
1235 2526 1381 2561 tanquam
1400 2520 1445 2550 vir
1460 2530 1595 2550 summus

128 2578 177 2604 est
192 2574 392 2605 honorandus
406 2586 412 2604 .·
437 2575 491 2615 qui
506 2582 608 2606 autem
634 2577 666 2607 id
693 2578 793 2609 facere
818 2579 915 2609 vellet
939 2577 1078 2619 quidem,
1093 2575 1148 2607 scd
1164 2585 1226 2605 non
1241 2579 1355 2615 potest,
1371 2574 1510 2605 secundo
1525 2574 1596 2605 loco

129 2626 293 2658 habendus
318 2634 376 2664 est,
392 2629 535 2660 invidum
562 2641 644 2667 vero,
672 2633 727 2673 qui
757 2638 867 2674 sponte
896 2633 976 2663 nihil
1003 2632 1077 2662 boni
1107 2630 1217 2662 ceteris
1245 2628 1396 2664 conferat,
1419 2628 1596 2668 vituperare

128 2680 298 2712 debemus:
326 2682 422 2725 [731]
448 2694 505 2714 nec
530 2691 656 2726 propter
671 2687 839 2724 hominem,
857 2687 910 2728 qui
936 2687 1017 2718 male
1046 2685 1196 2727 possidet,
1213 2694 1278 2714 rem
1292 2683 1391 2723 ipsam
1409 2682 1595 2723 vituperare,

129 2735 182 2764 sed
199 2745 267 2766 eam
282 2747 339 2777 pro
353 2737 466 2768 viribus
493 2739 642 2780 adipisci.
667 2745 766 2771 certet
788 2747 938 2782 praeterca
965 2740 1050 2782 apud
1076 2749 1134 2769 nos
1148 2737 1277 2779 quisque
1293 2737 1332 2768 de
1349 2736 1462 2767 virtute
1479 2736 1594 2776 absque

128 2788 259 2828 invidia.
281 2791 336 2830 qui
351 2791 435 2822 enim
451 2792 496 2823 sic
513 2793 587 2834 agit,
613 2793 776 2825 civitatem
797 2805 885 2825 suam
897 2795 1077 2836 amplificat,
1095 2803 1163 2824 cum
1186 2792 1253 2832 ipse
1269 2790 1397 2832 quidem
1413 2789 1597 2823 contendat,

130 2847 163 2872 et
178 2842 256 2875 alios
271 2844 435 2877 calumniis
457 2857 519 2877 non
550 2847 700 2879 detineat.
724 2848 847 2879 invidus
874 2860 959 2884 vcro,
975 2848 1048 2878 dum
1076 2845 1191 2878 ceteris
1206 2844 1386 2887 derogando
1414 2848 1502 2885 putat
1519 2853 1595 2883 pran-

130 2900 225 2933 δῒᾶῐθ,
242 2902 276 2927 et
290 2896 356 2938 ipse
378 2899 481 2932 minus
495 2906 577 2933 recte
594 2901 635 2933 ad
665 2913 767 2935 veram
785 2902 886 2935 tendit
903 2903 1044 2934 virtutem
1062 2913 1068 2931 :
1094 2906 1124 2932 et
1140 2905 1368 2933 concertatores
1384 2897 1500 2939 injusta
1518 2896 1594 2927 vitu·

223 2952 312 2984 Plat.
326 2953 379 2984 Tr.
901 2957 947 2989 ΙΙ,
1451 2954 1472 2983 2
1489 2950 1517 2981 U
