1840 3225
183 201 263 238 294
667 205 674 211 ’
727 207 733 213 '
748 199 1012 237 PLATONIS
1056 202 1058 204 ’
1542 196 1640 251 [640

185 308 336 352 quasdam
346 311 379 337 et
387 314 513 347 paucas.
529 303 645 334 multas
652 307 809 339 autem,ut
817 302 863 334 sic
879 301 1023 337 dixerim,
1031 302 1157 343 penitus
1168 302 1309 333 aberrare
1319 301 1462 344 cognovi.
1477 301 1554 334 Cu.
1570 302 1644 339 Qua

184 363 307 394 ratione
317 362 384 391 haec
399 359 490 395 dicis,
502 369 521 388 o
532 357 665 398 hospes?
677 356 813 398 apertius
828 356 979 387 enudato.
991 367 1049 387 nos
1062 356 1159 393 enim,
1167 361 1202 387 ut
1212 356 1329 392 aiebas,
1339 366 1411 387 cum
1419 356 1539 387 nullam
1550 355 1645 397 hujus

185 417 230 449 rei
245 416 392 457 peritiam
401 413 582 448 habeamus,
597 422 661 442 non
677 411 775 447 illico,
787 411 864 452 quid
878 418 975 447 recte,
990 411 1087 452 [640]
1108 410 1184 452 quid
1199 421 1263 441 non
1274 412 1309 441 in
1322 421 1361 441 ea
1372 411 1437 447 fiat,
1453 419 1642 452 cognoscere

184 480 360 513 possumus.
403 467 543 498 Arum«.
565 465 823 496 Consentaneum
838 465 872 496 id
887 465 1033 507 quidem:
1049 465 1106 495 sed
1121 475 1232 496 conare
1248 475 1299 495 me
1316 464 1442 496 dicente
1454 465 1647 506 perdiscere.

182 527 217 556 in
239 525 323 556 omni
342 526 500 554 conventu
512 526 606 562 atque
622 521 844 551 communitate
857 529 1110 561 quarumcunque
1125 529 1227 550 rerum
1242 520 1448 560 gerendarum
1463 518 1641 560 principem

182 589 251 612 esse
267 583 409 620 oportere
421 576 553 608 fateris?
599 576 676 607 CLr.
699 575 816 605 Procul
829 574 934 605 dubio.
971 574 1110 605 Arium.
1133 574 1232 615 Atqui
1246 574 1341 615 paulo
1361 579 1435 604 ante
1448 565 1641 608 dicebamus,

180 633 296 664 fortem
318 642 387 663 esse
411 629 618 672 pugnantium
638 628 814 670 principem
826 633 983 669 oportere.
1028 628 1105 659 cm.
1129 628 1333 659 Dicebamus.
1379 627 1517 659 Arnen.
1539 626 1642 657 Fortis

181 692 288 718 autem
301 687 348 717 vir
363 696 382 716 a
396 686 507 716 timore
520 683 635 719 minus,
651 693 745 724 quam
759 682 898 719 timidus,
922 682 1129 723 perturbatur.
1175 682 1251 713 Cm.
1275 682 1332 713 Est
1346 682 1402 713 ita.
1445 681 1584 712 Arnen.
1607 679 1643 711 Si

181 741 252 783 quis
273 741 386 772 modus
409 738 542 771 inveniri
567 742 686 779 posset,
709 744 744 768 ut
760 737 909 768 exercitui
926 737 1039 768 ducem
1051 747 1174 778 prorsus
1188 736 1380 778 intrepidum
1395 736 1638 778 praesrceremus,

179 805 286 827 nonne
302 794 343 826 ad
357 794 391 825 id
408 794 493 825 omni
509 792 613 824 studio
628 792 820 823 niteremur?
860 792 938 823 Cu.
960 792 1113 822 Maxime.
1144 791 1282 822 Arnen.
1304 791 1399 822 Nunc
1408 797 1513 821 autem
1525 800 1589 820 non
1602 788 1643 820 de

178 850 328 884 exercitu,
338 859 397 880 nec
407 848 596 889 imperaturo
607 846 754 877 adversus
767 847 871 876 hostes
882 845 914 876 in
931 846 1026 882 bello,
1041 845 1098 876 sed
1113 845 1153 876 de
1170 845 1378 886 gubernatum
1388 845 1422 875 in
1437 854 1517 886 pace
1525 843 1641 885 jucun-

180 904 255 935 dam
279 904 450 934 amicorum
472 902 554 932 inter
574 911 607 932 se
636 900 898 932 consuetudinem
913 899 1056 930 dicimus.
1103 898 1179 929 Cu.
1202 899 1255 930 Sic
1269 904 1329 930 est.
1373 898 1643 935 Arastuain

178 959 330 990 societate
354 957 381 988 si
406 956 540 987 ebrietas
562 955 674 990 aderit,
701 964 808 985 nonne
827 954 964 984 turbatio
980 963 1103 995 quoque
1117 954 1238 984 aderit?
1286 955 1360 985 Cu.
1380 952 1496 983 Aderit
1509 961 1646 992 prorsus.

175 1012 316 1044 Arar-m.
351 1011 489 1043 Primum
500 1010 596 1051 igitur
606 1009 703 1040 etiam
713 1009 761 1038 his
770 1007 848 1049 opus
859 1013 908 1039 est
919 1009 1010 1039 duce.
1051 1008 1128 1039 Cn.
1151 1007 1294 1038 Maxime
1303 1007 1454 1039 omnium.
1499 1005 1628 1037 Arni-,N
1636 1029 1645 1039 .

178 1066 291 1098 Utrum
298 1065 392 1107 igitur
403 1065 589 1106 principem,
600 1064 728 1105 quinon
737 1062 944 1104 perturbetur,
957 1062 984 1093 si
999 1062 1067 1093 fieri
1081 1062 1191 1103 possit,
1206 1061 1346 1103 deligere
1361 1065 1521 1102 oporteat.
1565 1058 1646 1091 Cu.

177 1121 314 1162 Oportet
326 1130 414 1151 sane.
459 1119 597 1150 Arnen.
621 1117 788 1149 Societatis
801 1117 1007 1148 conciliandae
1024 1117 1162 1158 peritum
1176 1117 1258 1147 hunc
1273 1116 1450 1158 principem
1463 1123 1532 1145 esse
1547 1123 1642 1155 opor-

175 1180 234 1206 tet.
255 1175 322 1217 ejus
343 1175 427 1205 enim
452 1172 589 1205 officium
608 1182 677 1202 esse
699 1171 804 1207 debet,
833 1177 869 1202 ut
887 1177 920 1202 et
941 1176 1131 1212 praesentem
1154 1171 1324 1201 amicitiam
1342 1169 1406 1199 illis
1417 1173 1591 1204 conservet,
1608 1172 1643 1198 et

175 1229 329 1271 majorem
347 1229 475 1270 insuper
498 1238 537 1258 ex
549 1237 587 1258 eo
601 1226 806 1258 contubernio
819 1225 886 1256 fieri
901 1230 1059 1266 procuret.
1105 1224 1182 1255 CLr.
1205 1224 1291 1255 Vera
1305 1222 1452 1264 loqueris.
1491 1221 1640 1252 Arium.

174 1283 292 1315 Nonne
315 1283 410 1325 igitur
431 1282 552 1313 sobrius
577 1286 610 1312 et
625 1281 751 1321 sapiens
762 1279 919 1309 ebriorum
935 1279 1092 1319 princeps,
1105 1288 1170 1308 non
1183 1283 1301 1313 contra,
1313 1275 1552 1308 constituendus
1564 1280 1614 1306 est
1628 1276 1640 1306 ‚²

174 1348 249 1369 nam
258 1338 284 1368 si
293 1337 420 1379 juvenis
432 1346 491 1367 nec
503 1335 641 1376 sapienS,
651 1333 706 1365 sed
717 1333 820 1364 ebrius
833 1333 901 1374 ipse
911 1332 1007 1363 etiam
1018 1333 1077 1362 erit
1089 1332 1244 1362 ebriorum
1258 1332 1418 1372 princeps,
1433 1330 1516 1361 bona
1530 1340 1638 1361 secum

174 1397 284 1434 agetur
299 1392 434 1428 fortuna,
449 1391 475 1421 si
488 1389 664 1420 temeritate
680 1398 734 1418 sua
749 1387 853 1418 omnia
864 1397 929 1417 non
945 1386 1105 1416 everterit.
1132 1385 1210 1417 Cm.
1237 1385 1368 1426 Optima
1383 1389 1479 1415 certe.
1501 1384 1642 1415 Aruer«.

175 1447 209 1478 Si
235 1447 305 1487 quis
317 1456 392 1487 ergo
408 1444 667 1485 compotationes,
683 1443 768 1477 dum,
785 1440 889 1482 quoad
905 1440 972 1470 fieri
988 1445 1105 1481 posset,
1120 1439 1385 1470 recte-incivitate
1396 1438 1555 1480 dispositae
1566 1438 1642 1474 sint,

175 1505 345 1536 accusaret,
368 1510 436 1530 rem
451 1499 552 1540 ipsam
573 1507 734 1532 accusans,
749 1501 835 1526 recte
848 1494 1034 1536 quandoque
1050 1495 1084 1525 id
1099 1494 1204 1525 forsan
1216 1494 1346 1524 faceret.
1368 1494 1416 1524 sin
1432 1499 1538 1524 autem
1553 1503 1640 1524 com-

172 1555 368 1596 potationem
378 1553 465 1584 nullo
477 1552 586 1583 ordine
598 1551 801 1593 gubernatam
809 1550 983 1591 inspexerit
990 1555 1217 1590 proptereaque
1231 1558 1354 1579 omnem
1372 1547 1640 1588 compotationem

174 1610 341 1651 vituperet,
364 1608 497 1649 primum
522 1606 651 1648 quidem
665 1610 753 1646 patet
765 1605 909 1645 ignorare
922 1614 995 1634 eum
1010 1614 1081 1634 eam
1095 1614 1159 1634 non
1168 1609 1254 1634 recte
1268 1602 1408 1644 disponi:
1433 1600 1550 1632 deinde
1566 1611 1642 1632 con-

174 1668 237 1695 stat
259 1663 366 1694 omnia
385 1664 442 1694 hoc
459 1662 565 1697 modo,
582 1671 654 1691 cum
676 1660 792 1701 absque
809 1659 911 1690 sobrio
923 1658 1050 1689 domino
1066 1669 1102 1689 ac
1117 1658 1261 1699 principe
1278 1657 1365 1692 fient,
1380 1655 1523 1697 improba
1537 1656 1639 1687 visum

173 1718 224 1749 iri.
247 1729 288 1749 an
301 1728 365 1748 non
377 1715 612 1751 animadvertis,
625 1714 708 1755 quod
724 1714 827 1744 ebrius
841 1713 931 1743 navis
944 1718 996 1743 aut
1009 1712 1143 1754 cujusvis
1157 1712 1205 1742 rei
1215 1711 1343 1742 alterius
1353 1710 1542 1752 gubernator
1553 1719 1642 1741 ever-

174 1773 215 1803 tit
228 1771 349 1808 omnia,'
379 1770 477 1812 [641]
502 1770 568 1800 sive
584 1779 681 1799 naves
697 1768 763 1799 sive
779 1778 885 1799 currus
901 1777 956 1798 seu
972 1768 1126 1798 exercitus
1143 1776 1199 1797 seu
1212 1765 1348 1807 quodvis
1363 1765 1448 1795 aliud
1465 1765 1505 1795 ab
1528 1773 1567 1795 eo
1591 1774 1642 1795 re-

175 1827 284 1868 gatur?
300 1825 379 1857 Cn.
391 1825 476 1857 Vere
490 1824 618 1855 omnino
627 1823 662 1854 id
677 1823 796 1858 dixisti,
811 1823 925 1864 hospes
937 1833 944 1852 ι
961 1821 1016 1853 sed
1030 1827 1064 1852 et
1077 1823 1135 1853 hoc
1146 1831 1203 1862 pro
1218 1820 1307 1851 nobis
1318 1829 1451 1859 expone.
1463 1817 1540 1860 quid
1549 1818 1644 1849 nobis

176 1880 425 1922 compotationes
446 1880 527 1915 istae,
548 1879 575 1909 si
598 1882 685 1908 recte
707 1883 850 1918 aguntur,
867 1877 1055 1908 conferent?
1077 1882 1122 1912 ut,
1139 1874 1225 1916 quod
1238 1873 1333 1905 modo
1349 1873 1541 1908 dicebamus,
1555 1877 1642 1903 recte

175 1935 289 1968 ductus
301 1934 455 1965 exercitus
465 1933 629 1964 victoriam
640 1932 673 1962 in
688 1932 773 1962 bello
797 1931 933 1968 afferret,
953 1931 1071 1962 bonum
1083 1930 1224 1971 profecto
1238 1938 1301 1959 non
1317 1938 1447 1969 parvum
1460 1939 1467 1957 :
1491 1926 1642 1968 idemque

175 1989 217 2020 de
233 1989 345 2020 ceteris
351 1987 567 2030 judicandum.
579 1986 812 2027 compotatione
826 1997 900 2017 vero
914 1991 1000 2017 recte
1016 1985 1186 2027 gubernata
1196 1983 1272 2024 quid
1285 1982 1390 2024 magni
1401 1982 1450 2012 vel
1460 1981 1581 2012 civitati
1589 1981 1642 2012 vel

176 2043 307 2084 privatis
327 2042 477 2073 accedet?
501 2042 638 2071 Arnim.
654 2039 741 2078 Quid
757 2048 859 2071 autem
876 2051 972 2082 puero
986 2050 1049 2071 uno
1060 2040 1113 2069 vel
1128 2048 1192 2069 uno
1207 2037 1341 2079 quodam
1357 2042 1439 2068 coetu
1452 2040 1540 2067 recte
1553 2035 1645 2066 insti-

171 2102 240 2128 tuto
250 2097 353 2138 magni
367 2096 476 2127 civitas
491 2096 699 2136 adipiscetur?
716 2100 749 2126 at
760 2096 844 2126 enim
853 2096 899 2125 ita
911 2095 950 2125 de
964 2096 1023 2125 hoc
1035 2093 1219 2134 interrogati
1230 2091 1501 2133 respondebimus,
1513 2099 1641 2132 parvmu

171 2162 210 2183 cx
230 2152 320 2182 unius
341 2150 495 2181 duntaxat
506 2149 693 2180 educatione
709 2149 829 2180 civitati
843 2149 1009 2179 utilitatem
1026 2149 1190 2179 accedere.
1214 2147 1240 2177 si
1249 2151 1353 2177 autem
1369 2144 1588 2176 universaliter
1600 2143 1641 2174 de

167 2207 324 2248 juvenum
335 2206 416 2236 bene
429 2205 641 2235 institutorum
654 2204 840 2239 eruditione,
851 2203 927 2244 quid
936 2203 1134 2244 potissimum
1143 2202 1284 2232 conferat
1291 2200 1337 2231 rei
1348 2199 1493 2241 publicae,
1509 2207 1642 2239 quaeras,

172 2260 258 2292 haud
269 2260 398 2291 difficile
412 2259 498 2290 dictu
510 2259 585 2289 erit:
599 2259 680 2289 bene
697 2258 813 2289 eruditi
828 2258 883 2288 viri
895 2258 984 2298 probi
999 2256 1135 2287 evadent
1148 2267 1153 2285 :
1168 2255 1256 2296 probi
1272 2260 1375 2285 autem
1388 2253 1464 2284 sacti
1476 2260 1543 2283 tum
1555 2257 1642 2283 cete-

172 2326 207 2346 ra
221 2316 302 2346 bene
316 2321 422 2356 agent,
433 2319 500 2344 tum
514 2314 608 2344 etiam
621 2313 726 2344 hostes
737 2312 906 2353 pugnando
920 2312 1059 2342 vincent.
1082 2310 1252 2351 disciplina
1261 2309 1370 2350 utique
1381 2307 1547 2338 victoriam
1559 2317 1642 2348 prae-

169 2374 243 2406 stat,
266 2369 395 2400 victoria
408 2377 634 2408 nonnunquam
648 2367 875 2408 negligentiam
885 2371 915 2396 et
931 2366 1101 2395 ruditatem
1117 2364 1228 2405 gignit.
1248 2363 1339 2393 multi
1355 2362 1441 2392 enim
1460 2362 1494 2392 in
1510 2361 1642 2392 victoria

174 2424 250 2455 clati
274 2424 337 2455 alia
354 2433 477 2464 quoque
493 2423 592 2452 multa
607 2432 662 2462 per
690 2421 890 2451 insolentiam
919 2423 1150 2450 contraxerunt.
1174 2423 1206 2448 et
1230 2417 1399 2458 disciplina
1414 2415 1544 2458 quidem
1554 2415 1646 2447 nulla

172 2488 310 2520 unquam
339 2476 480 2508 Cadmca
505 2476 579 2506 fuit:
604 2475 741 2506 victoriae
765 2484 841 2505 vero
865 2475 973 2504 multae
997 2471 1171 2515 hujusmodi
1187 2477 1220 2502 et
1234 2471 1359 2502 fuerunt
1371 2476 1405 2502 et
1414 2475 1516 2501 erunt.
1561 2469 1643 2502 Cu.

174 2532 313 2567 Videris,
333 2542 353 2562 o
366 2531 478 2567 amice,
491 2530 580 2571 quasi
594 2539 738 2570 magnam
753 2529 929 2569 disciplinae
944 2534 1064 2569 partem
1082 2536 1278 2558 communem
1291 2525 1324 2556 in
1339 2525 1405 2556 vini
1416 2529 1493 2566 potu
1505 2533 1640 2555 consue-

170 2586 323 2621 tudinem,
352 2586 379 2616 si
400 2590 486 2616 recte
508 2585 573 2620 fiat,
583 2583 724 2616 laudare.
770 2582 909 2614 Arnim.
934 2582 1096 2613 Profecto.
1140 2582 1218 2613 Cm.
1248 2579 1374 2610 Poteris
1386 2588 1462 2619 ergo
1475 2577 1642 2619 deinceps,

171 2650 279 2671 verum
300 2639 335 2670 id
358 2649 439 2675 esse,
450 2638 636 2669 ostendere?
681 2638 820 2670 Arni-:su
843 2636 927 2667 Vera
949 2637 1015 2667 lraec
1030 2637 1075 2667 ita
1090 2645 1172 2670 esse,
1187 2644 1207 2665 o
1221 2635 1347 2676 hospes,
1364 2632 1551 2674 approbare,
1568 2642 1640 2662 cum

173 2694 263 2725 multi
288 2693 328 2724 de
353 2693 402 2723 his
422 2693 593 2734 ambigant,
618 2693 714 2724 solius
739 2692 802 2723 Dei
817 2696 878 2722 est.
903 2691 929 2721 si
941 2695 1060 2727 tamon,
1076 2689 1160 2731 quod
1177 2688 1290 2724 sentio,
1305 2687 1443 2718 dicturus
1457 2696 1538 2722 sum,
1554 2686 1644 2716 nulla

168 2748 305 2780 obstabit
318 2747 449 2783 invidia,
463 2752 628 2788 postquam
644 2746 683 2778 de
698 2746 818 2788 legibus
833 2750 866 2776 et
873 2755 906 2776 re
920 2745 1047 2786 publica
1061 2744 1157 2775 verba
1171 2743 1274 2774 facere
1289 2742 1320 2772 in
1345 2740 1511 2782 praesentia
1530 2740 1642 2771 statui·

165 2814 246 2836 mus.
292 2801 369 2834 Cu.
392 2802 474 2842 Age,
499 2811 657 2837 conemur,
679 2801 764 2843 quod
787 2799 844 2830 tibi
867 2799 907 2829 de
930 2799 979 2829 his
1002 2798 1258 2839 ambiguitatibus
1283 2795 1418 2833 videtur,
1449 2794 1643 2837 perdiscere.

170 2856 309 2888 Arnen.
343 2856 478 2898 Oportet
493 2860 608 2891 autem,
623 2866 693 2887 cum
709 2860 740 2886 et
753 2864 810 2885 vos
823 2853 943 2885 discere
960 2859 991 2885 ct
1003 2864 1062 2895 ego
1077 2853 1235 2884 declarare
1249 2850 1422 2892 cupiamus,
1438 2849 1641 2891 quodammo-

169 2911 210 2944 do
233 2911 404 2944 orationem
427 2910 621 2952 protrahere.
643 2910 699 2942 sed
720 2909 851 2952 primum
866 2907 945 2941 illud
962 2907 1107 2940 audiatis.
1151 2905 1255 2939 Graeci
1271 2914 1381 2937 omnes
1395 2903 1556 2936 civitatem
1567 2913 1639 2936 nosu
