1840 3225
271 233 347 272 184
876 225 1140 265 PLATONIS
1625 229 1726 282 [520

268 334 367 377 [520]
380 343 493 375 nempe
507 331 556 363 lex
569 330 654 363 civili
665 335 746 363 coetu
759 330 899 362 homines
914 334 1095 372 congregat,
1107 339 1170 361 non
1183 334 1218 360 ut
1232 329 1389 371 permittat
1400 340 1651 374 unumquemque
1660 341 1724 375 quo

264 389 353 420 lubet
364 388 446 430 ferri,
460 388 514 419 sed
529 392 564 418 ut
577 385 656 429 ipsis
671 386 711 417 ad
727 384 872 427 copulam
886 384 1019 416 civitatis
1037 389 1149 416 utatur.
1171 383 1285 416 GLAu.
1300 382 1384 416 Vera
1397 383 1544 426 loqueris.
1565 385 1599 418 id
1615 397 1664 418 me
1673 387 1728 418 fu-

263 447 360 485 gerat.
383 442 440 474 So.
457 441 626 488 Coneptera
642 441 759 481 itaque,
776 439 911 476 Glauco,
927 438 1190 480 quemadmodum
1205 438 1421 480 philosophos,
1437 440 1494 480 qui
1507 440 1592 482 apud
1606 451 1663 472 noa
1676 451 1725 473 re-

262 496 433 538 periuntur,
446 495 559 537 injuria
571 495 656 526 nulla
670 493 848 531 afficiemus,
863 493 917 524 sed
934 503 1003 524 cum
1020 503 1166 534 cogemus
1179 503 1232 523 eos
1246 491 1374 523 aliorum
1397 503 1501 524 curam
1516 504 1633 535 gerere,
1650 494 1723 536 jure

262 550 295 581 in
316 551 400 582 hunc
415 550 541 581 modum
556 548 694 580 dicemus
709 559 716 578 :
741 547 826 590 quod
843 546 992 578 videlicet
1005 546 1184 588 quicunque
1201 545 1232 576 in
1249 546 1318 577 aliis
1343 546 1522 579 civitatibus
1546 548 1725 591 philosophi

263 605 468 646 reperiuntur,
494 604 534 634 ob
549 603 630 634 hanc
654 612 776 633 causam
794 601 903 632 merito
927 599 1179 632 administrandae
1202 599 1245 632 rei
1271 600 1404 640 publicae
1419 601 1539 634 labores
1553 602 1724 645 refugiunt,

264 658 338 701 quia
352 659 386 689 in
402 658 542 700 qualibet
563 655 689 688 civitate
704 656 764 698 ipsi
787 666 844 698 per
858 666 890 686 se
905 660 1074 687 nascuntur
1091 665 1123 685 re
1147 655 1274 696 publica
1288 665 1352 685 non
1367 661 1495 687 curante
1510 667 1520 696 3
1543 667 1598 698 par
1618 662 1722 689 autern

264 717 322 749 est,
339 717 373 743 ut
387 713 471 754 quod
488 722 543 754 per
564 722 597 742 se
620 710 768 748 nascitur,
791 720 861 741 cum
885 709 963 740 nulli
985 720 1038 750 pro
1062 709 1216 740 alimentis
1231 708 1369 750 acceptis
1385 709 1424 740 sit
1441 709 1621 748 obnoxium,
1643 710 1723 742 nulli

263 767 408 799 exhibeat
423 765 602 797 nutrimenti
618 765 802 797 mercedem.
825 774 883 794 nos
905 768 1009 795 autern
1026 774 1080 794 vos
1095 768 1157 794 tam
1176 763 1327 795 vobismet
1341 774 1433 806 quam
1450 764 1576 806 reliquis
1591 765 1723 808 civibus,

265 827 413 863 tanquam
428 821 461 852 iu
476 831 570 862 apum
587 819 728 851 examine
750 819 846 849 duces
871 829 907 849 ac
931 828 1018 859 reges
1040 818 1223 855 creavimus,
1247 816 1356 849 melius
1379 818 1608 861 perfectiusque
1629 830 1724 862 quam

265 874 415 911 eruditos,
429 874 626 916 aptioresque
650 873 689 903 ad
715 877 876 913 utramque
899 881 1003 903 curam
1027 871 1269 913 suscipiendam.
1291 872 1479 904 descendere
1502 883 1575 915 ergo
1590 872 1725 906 vicissim

264 928 386 961 debetis
399 929 512 970 singuli
534 927 567 959 in
589 927 717 958 aliorum
740 926 899 957 hominum
922 931 1048 962 coetum,
1072 930 1105 957 et
1127 926 1166 957 ad
1190 926 1321 958 obscura
1343 925 1538 967 inspicienda
1555 928 1724 961 assuefieri.

267 993 340 1014 nam
364 994 435 1015 cum
459 981 626 1014 assuefacti
654 980 786 1017 fueritis,
811 980 909 1010 multo
935 979 1055 1010 acutius
1078 979 1133 1009 illa
1155 979 1287 1010 cernetis
1302 990 1394 1021 quam
1409 979 1511 1021 quiin
1525 981 1571 1012 eis
1585 981 1727 1022 quotidie

265 1038 466 1068 obversantur
480 1048 488 1068 ι
514 1041 545 1067 et
560 1035 709 1077 quaelibet
734 1033 909 1071 simulacra,
926 1044 995 1075 quae
1012 1038 1044 1064 et
1069 1043 1199 1074 quorum
1224 1033 1296 1070 sint,
1312 1034 1497 1075 agnoscetis,
1511 1035 1585 1076 quia
1599 1045 1631 1066 re
1653 1046 1725 1068 vera

267 1090 425 1128 noveritis,
441 1101 511 1132 quae
525 1090 670 1127 honesta,
681 1087 768 1129 justa
783 1088 905 1118 bonave
919 1087 994 1119 sint.
1019 1091 1112 1128 atque
1127 1087 1172 1117 ita
1184 1087 1273 1118 nobis
1284 1098 1347 1118 una
1357 1098 1394 1120 ac
1409 1088 1495 1120 vobis
1503 1089 1625 1130 civitas,
1635 1090 1725 1132 quasi

263 1145 466 1187 vigilantibus
483 1149 627 1186 recteque
643 1143 862 1179 sentientibus,
875 1142 1008 1179 coletur,
1022 1152 1086 1173 non
1103 1147 1250 1183 tanquam
1267 1141 1504 1180 somniantibus,
1520 1144 1724 1185 quemadmo-

267 1200 342 1231 dum
365 1210 448 1231 nunc
475 1198 613 1241 plurimae
628 1197 817 1234 habitantur,
841 1197 879 1227 ab
895 1196 944 1227 his
959 1195 1121 1234 videlicet,
1144 1196 1198 1238 qui
1214 1197 1254 1228 de
1280 1196 1392 1228 umbris
1408 1196 1488 1228 inter
1502 1207 1535 1228 se
1549 1198 1726 1238 decertant,

267 1255 371 1296 deque
387 1253 563 1296 principatu
580 1258 726 1294 tanquam
742 1251 873 1282 maximo
898 1252 981 1282 bono
999 1251 1205 1282 contendunt.
1250 1251 1376 1282 Veritas
1398 1257 1500 1283 autem
1516 1252 1560 1283 ita
1573 1263 1606 1284 se
1622 1252 1728 1284 habet.

266 1308 377 1340 civitas
401 1308 553 1350 profecto,
579 1307 612 1337 in
638 1316 699 1348 qua
724 1305 809 1337 cives
836 1306 875 1336 ad
903 1306 1097 1347 expetendos
1122 1305 1316 1346 magistratus
1332 1305 1458 1337 minime
1473 1306 1628 1338 ambitiosi
1642 1311 1726 1344 sunt,

267 1363 386 1404 optime
401 1367 434 1393 et
450 1361 556 1403 procul
583 1371 601 1391 a
615 1359 822 1391 seditionibus
846 1365 1006 1401 permanet
1023 1371 1030 1390 ε
1055 1364 1164 1391 contra
1186 1370 1270 1396 vero,
1293 1370 1363 1401 quae
1378 1360 1466 1391 aliter
1488 1360 1616 1391 affectos
1631 1360 1728 1391 habet

268 1417 363 1449 cives.
407 1416 523 1448 GLAu.
545 1416 598 1447 Sic
613 1421 661 1446 est
677 1425 808 1456 prorsus.
855 1415 912 1446 So.
939 1414 988 1445 An
1004 1420 1136 1446 renuent
1148 1414 1284 1445 monitus
1295 1420 1413 1445 nostros
1426 1414 1555 1451 alumni,
1571 1425 1640 1446 cum
1656 1415 1725 1446 haec

268 1470 466 1503 audiverint?
491 1470 660 1511 nolentque
683 1468 816 1500 vicissim
840 1468 953 1510 singuli
969 1469 1103 1500 civitatis
1119 1469 1416 1500 administrationem
1432 1469 1600 1510 suscipere,
1616 1469 1670 1500 sed
1694 1469 1727 1500 in

267 1524 543 1566 contemplationis
567 1524 631 1555 otio
653 1523 772 1554 diutius
798 1524 1094 1554 commorabuntur?
1141 1522 1258 1554 GLAU.
1281 1523 1427 1556 Minime.
1451 1533 1522 1554 nam
1544 1523 1632 1565 justa
1657 1522 1729 1555 viris

263 1579 357 1621 justis
381 1578 609 1621 praecipiemus.
652 1578 714 1609 Sed
739 1577 879 1614 omnino,
903 1583 1049 1619 tanquam
1074 1578 1112 1608 ad
1139 1588 1200 1608 rem
1224 1578 1439 1615 necessariam,
1462 1578 1501 1608 ad
1518 1578 1728 1619 magistratum

267 1634 400 1665 accedet
412 1644 517 1664 eorum
533 1632 665 1674 quisque
680 1643 687 1663 ε
712 1636 821 1663 contra
836 1642 872 1663 ac
889 1632 946 1669 illi,
962 1632 1016 1673 qui
1033 1643 1115 1663 nunc
1133 1632 1164 1663 in
1181 1632 1310 1674 singulis
1325 1632 1501 1663 civitatibus
1517 1632 1727 1665 dominantur.

269 1689 327 1720 So.
349 1687 475 1729 Nempe
489 1687 533 1718 sic
548 1697 581 1718 se
606 1697 653 1718 res
678 1687 784 1723 habet,
801 1697 819 1717 o
835 1686 957 1718 amice:
983 1686 1017 1718 Si
1041 1687 1135 1718 vitam
1150 1687 1306 1718 inveneris
1328 1697 1446 1724 eorum,
1472 1685 1570 1728 [521]
1594 1686 1648 1728 qui
1665 1696 1730 1717 rna-

268 1741 445 1786 gistratibus
461 1741 620 1784 praefuturi
641 1746 726 1781 sunt,
740 1741 814 1782 ipsis
839 1741 1066 1782 magistratibus
1094 1741 1263 1778 meliorem,
1288 1747 1362 1772 tunc
1385 1741 1518 1782 primurn
1541 1740 1597 1772 tibi
1613 1740 1730 1782 optime

267 1796 411 1827 instituta
425 1795 535 1827 civitas
550 1794 698 1831 elucebit,
714 1795 745 1825 in
761 1805 798 1826 ea
813 1794 967 1837 siquidem
994 1795 1060 1826 sola
1075 1806 1144 1826 vere
1162 1796 1275 1826 divites
1289 1795 1532 1825 dominabuntur
1547 1806 1555 1824 :
1580 1805 1643 1825 non
1664 1795 1731 1826 auri

267 1850 353 1886 dico,
369 1850 424 1881 sed
439 1849 529 1891 cujus
545 1853 670 1891 oportet
685 1850 780 1880 virum
798 1850 923 1880 beatum
939 1850 1068 1881 divitem
1085 1860 1164 1886 esse,
1182 1849 1253 1880 vitae
1269 1849 1373 1890 probae
1386 1854 1480 1889 atque
1494 1849 1666 1890 prudentis.
1682 1849 1730 1880 sin

267 1909 373 1936 autem
388 1903 497 1944 inopes
514 1903 665 1944 bonisque
681 1902 814 1944 propriis
836 1903 927 1934 vacui
943 1903 982 1934 ad
999 1903 1127 1944 publica
1149 1903 1397 1938 adventaverint,
1420 1903 1500 1934 bona
1523 1902 1610 1934 illinc
1624 1913 1731 1944 rapere

268 1958 443 2000 cupientes,
458 1956 567 1988 civitas
583 1956 636 1987 illa
651 1956 727 1987 felix
737 1966 804 1987 esse
817 1967 881 1987 non
898 1956 1022 1997 poterit.
1040 1967 1112 1987 nam
1128 1956 1179 1988 ubi
1194 1957 1234 1988 de
1249 1956 1426 1998 principatu
1437 1956 1648 1994 contenditur,
1658 1967 1730 1988 cum

268 2011 425 2052 proprium
441 2011 501 2042 hoc
516 2010 556 2041 sit
570 2015 602 2041 et
617 2011 796 2042 intestinum
813 2011 941 2048 bellum,
959 2016 1024 2041 tum
1039 2022 1093 2042 eos
1110 2012 1162 2052 qui
1179 2011 1222 2042 ita
1239 2016 1392 2052 pugnant,
1407 2016 1472 2041 tum
1487 2010 1637 2052 reliqum
1651 2011 1730 2042 civi·

268 2070 364 2096 tatem
381 2065 492 2106 perdit.
538 2064 653 2096 GLAU.
677 2065 761 2095 Vera
784 2075 899 2096 narras.
945 2065 1002 2097 So,
1025 2065 1133 2096 Habes
1156 2065 1290 2106 aliquos,
1305 2065 1358 2107 qui
1375 2064 1481 2097 civiles
1496 2065 1628 2096 honores
1642 2076 1731 2107 sper·

269 2124 357 2155 nant,
374 2123 483 2159 praeter
506 2129 592 2149 veros
616 2118 842 2160 philosophos?
889 2118 1003 2151 Gmu.
1028 2118 1102 2150 Non
1127 2130 1182 2161 per
1204 2119 1328 2150 Jovem.
1373 2118 1429 2150 So.
1454 2118 1498 2149 At
1519 2119 1600 2150 enim
1617 2120 1730 2161 magis-

269 2176 366 2203 tratus
381 2171 477 2203 dandi
492 2177 564 2202 sunt
579 2171 756 2202 hominibus
772 2171 891 2212 imperii
908 2172 1033 2202 minime
1043 2171 1168 2213 cupidis
1181 2184 1187 2202 :
1205 2171 1344 2213 alioquin
1360 2171 1500 2203 simultas
1512 2173 1592 2204 inter
1603 2174 1732 2205 aemulos

270 2226 398 2258 orietur.
443 2224 559 2257 GLAu.
585 2225 689 2258 Certe.
735 2226 791 2257 So.
815 2226 975 2262 Quasnam
990 2226 1084 2267 igitur
1100 2226 1177 2257 alios
1192 2227 1230 2257 ad
1257 2226 1430 2257 custodiam
1445 2226 1580 2258 civitatis
1602 2227 1732 2260 induces

273 2286 383 2322 praeter
397 2290 462 2316 eos,
478 2280 532 2322 qui
548 2280 665 2321 optime
690 2281 756 2311 haec
770 2280 962 2322 intelligunt,
990 2290 1043 2321 per
1067 2290 1136 2322 quae
1163 2281 1218 2311 rite
1234 2280 1343 2311 civitas
1357 2280 1480 2317 colitur,
1496 2281 1675 2323 habentque
1697 2289 1731 2314 et

271 2336 405 2366 honores
419 2334 495 2366 alios
511 2339 543 2366 et
558 2335 651 2365 vitam
674 2335 760 2366 civili
787 2335 1054 2377 praestantiorem?
1101 2334 1215 2366 Graiu.
1239 2334 1353 2366 Nullos
1376 2333 1521 2376 equidem
1537 2335 1625 2367 alios.
1670 2336 1728 2368 So.

272 2389 330 2421 Vis
345 2399 418 2430 ergo
433 2399 515 2420 nunc
530 2388 732 2430 inquiramus,
757 2399 821 2431 quo
838 2394 930 2430 pacto
955 2389 1032 2419 tales
1046 2389 1076 2420 in
1094 2390 1219 2420 civitate
1235 2388 1290 2420 viri
1305 2389 1461 2420 evadant?
1485 2394 1518 2420 et
1531 2399 1594 2431 qua
1609 2390 1730 2422 ratione

269 2454 324 2475 eoa
338 2443 450 2485 aliquis
465 2443 497 2474 in
513 2444 618 2474 lumen
633 2444 771 2474 educat?
795 2444 1060 2485 quemadmodum
1088 2445 1127 2475 ab
1149 2444 1255 2475 inferis
1271 2445 1310 2475 ad
1327 2443 1415 2475 Deos
1440 2444 1617 2476 ascendisse
1633 2445 1732 2486 aliqui

271 2502 488 2529 memorantur.
534 2497 647 2529 GLAu.
671 2497 790 2535 Quidni
807 2499 923 2530 velim?
968 2499 1025 2530 So.
1048 2499 1138 2539 Haec,
1162 2505 1197 2529 ut
1220 2499 1352 2535 ridetur,
1375 2509 1440 2529 non
1463 2498 1521 2529 erit
1538 2503 1625 2530 testoe
1642 2509 1729 2530 revo-

272 2551 362 2588 lutio,
377 2551 430 2582 sed
447 2551 558 2582 animae
574 2551 797 2584 circumductio
814 2563 832 2583 a
846 2559 998 2584 nocturno
1014 2553 1150 2594 quodam
1167 2553 1219 2584 die
1236 2553 1276 2584 ad
1293 2552 1373 2594 ejus,
1390 2552 1474 2594 quod
1490 2562 1559 2583 rere
1575 2557 1634 2588 est,
1653 2563 1731 2584 eon-

271 2605 516 2647 templationem.
539 2616 631 2647 quem
647 2606 773 2648 quidem
790 2617 949 2638 ascensum
968 2617 1068 2637 veram
1088 2607 1318 2648 philosophiam
1334 2617 1400 2638 esse
1415 2605 1567 2638 dicemus.
1612 2605 1729 2638 Genu.

270 2657 420 2690 Omnino.
464 2659 519 2691 So.
544 2659 662 2690 Annon
676 2660 924 2702 investigandum
949 2666 1007 2696 est,
1032 2670 1101 2702 quae
1118 2661 1285 2703 disciplina
1310 2660 1500 2702 potissimum
1516 2660 1597 2690 hanc
1613 2660 1727 2692 babeat

258 2712 448 2744 ,facultatem
463 2713 474 2743 ?
519 2712 632 2746 Gtru.
658 2714 777 2752 Quidni
794 2715 805 2746 ?
849 2716 904 2746 So.
928 2716 1080 2752 Quoenam
1092 2716 1186 2756 igitur
1207 2716 1277 2751 erit,
1293 2726 1312 2745 ο
1329 2714 1465 2751 Glauco,
1478 2713 1657 2755 disciplina,
1673 2724 1729 2756 per

271 2776 364 2808 quam
380 2766 500 2796 animus
515 2777 551 2797 ex
569 2767 628 2804 his,
645 2779 714 2810 quae
730 2769 843 2807 fluunt,
859 2769 898 2800 ad
927 2780 976 2806 ea,
1001 2779 1070 2810 quae
1095 2781 1163 2800 vere
1187 2775 1271 2805 sunt,
1295 2768 1478 2800 reducatur?
1524 2768 1596 2799 Hoc
1610 2773 1730 2805 autem.

272 2819 348 2850 dum
362 2819 482 2861 loquor,
503 2822 658 2862 excogito.
703 2823 835 2865 Quippe
858 2834 920 2854 non
936 2823 1069 2855 athletas
1091 2835 1144 2855 eos
1167 2823 1242 2854 belli
1258 2833 1324 2854 esse
1339 2822 1490 2854 diximus:
1514 2822 1569 2853 sed
1586 2832 1727 2854 necessa·

275 2871 365 2913 rium,
379 2873 453 2904 dum
462 2873 594 2914 juvenes
609 2882 692 2913 sunt,
709 2877 786 2909 tales
800 2888 879 2911 esse.
903 2877 1018 2910 Graiu.
1042 2877 1185 2909 Diximus
1200 2877 1304 2920 plane.
1338 2876 1395 2908 So.
1417 2876 1551 2918 Oportet
1565 2886 1639 2918 ergo
1648 2877 1730 2908 hanc

275 2931 423 2967 praeterea
447 2927 596 2968 superiori
627 2931 740 2962 addere
770 2931 980 2974 disciplinam.
1013 2941 1105 2973 quam
1138 2932 1314 2974 quaerimus.
1354 2930 1452 2973 [522]
1488 2929 1602 2963 Guu.
1624 2929 1729 2969 Quam
