1840 3225
235 278 316 316 440
828 273 1092 315 PLA'roNis
1594 279 1693 330 [949

232 384 425 420 extorquere.
448 379 594 419 quocirca
619 378 851 410 Rhadamanthi
871 379 1035 422 judicandi
1064 379 1176 409 modus
1204 378 1257 409 ille
1285 378 1331 409 his
1355 377 1533 410 hominibus
1561 380 1691 411 minime

234 433 388 473 congruit.
412 442 482 463 nam
499 444 568 464 cuin
587 434 751 474 opiniones
763 434 920 464 hominum
937 435 976 464 de
993 434 1065 464 Diis
1081 438 1207 463 mutatae
1224 433 1299 474 sint,
1314 432 1400 474 leges
1412 444 1536 475 quoque
1549 444 1692 465 commu—

233 487 337 516 tandae
366 491 448 518 sunt.
471 487 577 527 itaque
602 488 742 527 prudens
768 487 927 528 legislator
959 488 991 517 in
1020 486 1210 528 judiciorum
1239 487 1441 518 exsecutione
1465 487 1689 528 jusjurandum

232 538 423 580 litigantium
439 540 625 582 prohibebit,
643 547 676 571 ut
691 547 754 571 tam
770 542 961 572 accusatoris
978 542 1110 571 intentio
1128 551 1223 582 quam
1239 541 1413 572 defensoris
1427 541 1606 582 deprecatio
1621 542 1692 572 sine,

224 592 425 635 jurejurando
435 595 465 624 in
477 595 604 636 judiciis
615 595 838 626 conscribatur.
848 605 918 625 narn
931 595 956 626 si
968 595 1095 636 jurandi
1105 594 1233 625 licentia
1246 595 1277 624 in
1290 593 1416 625 civitate
1429 595 1542 635 cuique
1555 594 1693 631 dabitur,

229 647 281 677 ubi
295 648 383 688 plura
394 649 534 689 quotidie
550 648 728 690 adjudices
743 648 932 687 deferuntur,
950 660 1057 680 omncs
1073 658 1163 690 paene
1180 647 1297 690 perjuri
1312 655 1413 685 erunt,
1434 650 1604 690 praesertim
1618 649 1693 690 quia

229 700 444 742 frequentibus
459 703 610 733 conviviis
626 703 749 745 aliaque
766 704 996 734 consuetudine
1011 714 1046 734 ac
1058 704 1178 744 privata
1188 703 1421 733 necessitudine
1432 702 1594 744 conjuncti
1606 707 1694 733 sunt.

230 753 300 796 lege
327 755 421 797 igitur
441 762 593 787 statuatur
609 757 819 798 judicaturum
840 757 982 798 judicem
1004 758 1117 799 jurare,
1143 762 1235 798 atque
1251 767 1305 787 eos
1321 757 1427 794 etiarn,
1443 758 1497 797 qui
1510 756 1689 797 reipublicae

230 809 428 850 magistratus
439 811 597 852 suffragiis
610 813 820 843 constituent:
851 812 947 854 [949]
972 813 1091 843 choreae
1104 822 1228 853 quoque
1241 811 1382 853 judicem
1392 817 1425 841 et
1435 811 1538 841 omnis
1548 810 1690 847 musicae,

231 861 449 904 gymnicorum
462 866 557 896 etiam
568 867 821 907 equestriumque
834 877 999 897 munerum
1014 866 1044 896 in
1062 866 1230 896 certamine
1247 865 1399 906 praesides
1421 871 1516 906 atque
1542 864 1667 895 datores
1682 876 1689 893 z

230 922 263 946 et
286 919 471 954 summatim,
494 920 528 950 in
553 920 789 961 quibuscunque
811 920 980 951 secundum
1003 920 1162 950 hominum
1185 920 1368 960 opinionem
1381 919 1460 950 nulli
1476 919 1692 949 emolumento

229 970 396 1011 perjurium
424 972 474 1002 sit.
498 973 531 1002 in
554 973 664 1013 quibus
690 979 794 1004 autem
816 973 983 1004 utilitatem
1007 985 1043 1004 ex
1069 974 1204 1015 perjurio
1230 973 1344 1014 aliquis
1370 972 1555 1014 assequitur,
1570 983 1608 1003 ea
1621 973 1691 1003 sine

222 1023 422 1065 jurejurando
432 1026 622 1066 judicentur.
646 1032 678 1058 et
693 1027 744 1068 qui
758 1027 926 1068 judicaturi
944 1033 1029 1064 sunt,
1045 1028 1134 1058 nullo
1150 1028 1243 1057 modo
1259 1027 1420 1068 litigantes
1436 1027 1619 1067 permittant
1634 1032 1689 1056 aut

222 1076 325 1118 jurare
338 1080 547 1118 persuadendi
560 1091 666 1116 causa,
683 1086 736 1112 aut
756 1082 816 1111 sibi
838 1082 1006 1123 generique
1020 1092 1076 1112 suo
1092 1081 1268 1122 imprecari,
1282 1086 1336 1111 aut
1350 1080 1481 1121 turpiter
1502 1079 1689 1120 supplicare,

228 1137 283 1161 aut
297 1133 568 1165 commiseratione
581 1135 776 1166 muliebriter
791 1137 837 1166 uti
852 1148 858 1165 ι
888 1136 946 1166 sed
961 1136 1043 1177 quod
1054 1135 1177 1176 justum
1189 1140 1313 1176 putant,
1328 1139 1494 1164 mansuete
1505 1134 1649 1171 doceant*
1658 1138 1691 1163 et

226 1185 393 1216 docentem
422 1187 562 1218 audiant.
591 1190 675 1229 quod
702 1189 727 1219 si
758 1191 797 1219 ab
831 1190 879 1219 his
908 1189 1039 1225 aberrat,
1079 1189 1119 1219 ad
1153 1199 1219 1219 rem
1248 1200 1266 1219 a
1294 1187 1476 1229 magistratu
1505 1186 1687 1218 reducatur.

225 1239 401 1280 peregrinis
415 1246 521 1271 autem
535 1243 619 1272 inter
634 1253 666 1273 se
680 1243 888 1284 litigantibus,
905 1244 1167 1284 quemadmodum
1179 1253 1275 1278 nunc,
1292 1242 1317 1272 si
1332 1242 1441 1278 velint,
1455 1242 1558 1283 jurare
1578 1241 1690 1272 liceat.

225 1302 299 1322 nam
321 1303 393 1323 cum
421 1295 453 1324 in
474 1295 601 1325 civitate
629 1307 855 1327 consenescere
880 1307 944 1325 non
970 1298 1116 1331 debeant,
1136 1307 1200 1326 non
1225 1301 1274 1326 est
1293 1295 1520 1326 formidandum
1546 1304 1587 1325 ne
1607 1295 1687 1325 alios

223 1353 436 1387 corrumpant.
457 1347 570 1378 eodem
586 1353 694 1377 autem
707 1349 802 1377 modo
818 1349 900 1377 inter
916 1348 1031 1378 liberos
1045 1349 1187 1378 homines
1202 1350 1363 1380 exsecutio
1372 1349 1487 1390 judicii
1500 1349 1566 1385 fiat,
1579 1349 1606 1378 si
1618 1348 1689 1389 quis

223 1400 302 1430 liber
325 1401 446 1431 civitati
468 1411 531 1431 non
554 1401 752 1442 obtemperat
776 1401 808 1430 in
834 1402 894 1437 his,
919 1412 988 1442 quie
1013 1412 1071 1432 nec
1089 1402 1264 1433 verberibus
1279 1413 1340 1433 nec
1354 1403 1491 1434 vinculis
1507 1413 1566 1433 nec
1590 1407 1689 1433 morte

223 1454 415 1494 plectuntur.
439 1460 472 1485 at
486 1455 510 1485 si
527 1455 598 1496 quis
612 1454 652 1485 ad
664 1456 808 1485 choream
822 1456 873 1485 vel
889 1454 929 1485 ad
940 1465 1088 1496 pompam
1105 1456 1327 1486 celebrandam
1343 1466 1406 1486 non
1424 1456 1520 1492 venit,
1531 1457 1582 1486 vel
1594 1456 1687 1486 aliam

219 1508 433 1549 hujuscemodi
449 1519 516 1539 rem
529 1519 738 1545 communem,
767 1515 803 1539 ut
825 1509 865 1539 ad
884 1509 1093 1539 ministerium
1117 1510 1260 1539 sacrificii
1275 1510 1428 1550 pacisque
1445 1519 1532 1540 sacra
1546 1509 1594 1539 vet
1611 1509 1690 1540 belli

221 1561 372 1592 tributum
397 1573 460 1593 non
486 1564 640 1594 contulit:
673 1563 705 1592 in
729 1563 778 1593 his
799 1563 941 1593 omnibus
967 1562 1200 1604 quamprimum
1227 1565 1376 1594 damnum
1405 1563 1608 1602 restituatur;
1631 1570 1687 1594 aut

220 1617 347 1657 pignus,
356 1617 405 1648 cui
414 1617 522 1648 civitas
534 1618 645 1658 lexque
657 1617 859 1652 commiserit,
871 1617 1041 1652 deferatur,
1054 1623 1228 1657 exactoque
1236 1623 1390 1658 tempore,
1401 1618 1531 1658 pignore
1542 1615 1674 1648 vendito

221 1671 357 1711 pecunia
366 1671 398 1701 in
413 1672 556 1702 aerarium
571 1672 759 1702 conferatur.
784 1670 867 1712 quod
883 1672 909 1701 si
926 1671 1038 1713 majore
1054 1671 1175 1701 mulcta
1189 1681 1268 1711 opus
1282 1676 1341 1708 est,
1355 1672 1552 1713 magistratus
1564 1670 1682 1711 singuli

219 1725 397 1765 pertinaces
417 1726 559 1756 homines
584 1726 618 1756 in
637 1726 789 1767 judicium
816 1731 940 1761 vocent,
965 1731 998 1756 et
1019 1725 1125 1755 debita
1141 1725 1255 1755 mulcta
1270 1725 1419 1766 imposita
1432 1725 1557 1767 legibus
1571 1736 1680 1767 parere

220 1781 422 1820 compellarit.
445 1779 502 1810 sed
527 1780 662 1819 civitati,
689 1790 757 1821 quae
787 1779 978 1820 colligendae
1006 1779 1150 1820 pecuniae
1174 1789 1303 1820 operam
1322 1790 1384 1810 non
1409 1778 1475 1815 dat,
1501 1785 1535 1810 et
1556 1780 1624 1810 sola
1645 1791 1683 1811 ex

219 1834 406 1874 agricultura
427 1835 578 1875 pecunias
603 1834 709 1870 habet,
736 1844 806 1864 cum
823 1844 926 1876 neque,
943 1839 1122 1864 mcrcaturae
1137 1843 1240 1874 neque
1257 1833 1564 1875 peregrinationibus
1577 1840 1683 1871 vacet,

219 1876 332 1928 neque
343 1888 524 1929 peregrinos
552 1888 680 1919 aliunde
705 1888 867 1929 suscipiat,
893 1888 1066 1918 deliberare
1092 1897 1221 1918 necesse
1249 1893 1309 1923 est,
1332 1887 1407 1929 quid
1427 1887 1609 1919 faciendum
1630 1889 1684 1920 sit.

217 1951 314 1981 quare
330 1942 489 1983 legislator
502 1942 663 1973 suadendo
681 1942 826 1983 primum,
842 1942 887 1972 ita
908 1952 965 1983 pro
979 1942 1097 1972 viribus
1113 1942 1266 1973 consulat.
1288 1942 1371 1972 solet
1386 1942 1526 1983 gentium
1542 1941 1683 1974 diversa-

217 2005 283 2026 rum
310 1997 485 2027 commixtio
500 1997 604 2027 varios
630 2007 731 2027 mores
757 1996 958 2032 confundere,
984 1996 1081 2037 [950]
1107 2002 1139 2026 et
1162 1996 1396 2037 peregrinorum
1421 2007 1491 2027 cuin
1507 1997 1679 2038 peregrinis

216 2050 410 2080 consuetudo
428 2050 559 2091 plurima
572 2051 735 2081 innovare.
751 2050 834 2092 quod
849 2050 967 2081 civitati
984 2051 1063 2080 bene
1079 2051 1234 2091 rectisque
1249 2050 1369 2091 legibus
1380 2050 1533 2081 institutae
1543 2051 1680 2082 maxime

217 2104 355 2134 omnium
371 2109 465 2134 nocet
479 2116 485 2133 :
510 2093 542 2135 in
563 2105 742 2135 civitatibus
767 2109 873 2135 autem
887 2104 968 2134 male
986 2104 1139 2135 institutis
1151 2105 1229 2135 nihil
1240 2104 1344 2139 refert,
1359 2104 1386 2135 si
1400 2110 1465 2135 tam
1481 2115 1573 2137 senes
1585 2115 1679 2146 quam

210 2156 343 2198 juvenes
367 2168 424 2199 pro
445 2158 572 2188 arbitrio
593 2165 626 2188 et
652 2159 713 2188 allo
733 2158 975 2199 peregrinentur
989 2164 1022 2188 et
1037 2157 1164 2188 aliunde
1182 2159 1362 2199 peregrinos
1374 2159 1556 2200 suscipiant.
1571 2164 1682 2190 contra

214 2221 289 2242 vero
314 2212 419 2242 nullos
445 2222 579 2253 unquam
602 2213 744 2253 recipere
760 2212 899 2242 advenas
912 2222 972 2242 nec
989 2211 1051 2242 alio
1066 2212 1150 2252 ipsos
1164 2212 1328 2252 proficisci,
1345 2218 1412 2242 tum
1428 2212 1617 2253 impossibile
1629 2218 1680 2244 est

214 2270 282 2296 tum
305 2265 432 2296 crudele
448 2271 542 2307 atque
558 2266 726 2306 superbum
748 2266 862 2296 ceteris
878 2265 1054 2296 hominibus
1069 2265 1214 2296 videatur
1227 2275 1354 2296 necesse
1371 2271 1429 2301 est,
1443 2266 1500 2307 qui
1513 2266 1676 2297 civitatem

212 2319 296 2360 turpi
326 2319 478 2350 vocabulo
515 2326 637 2361 notent,
670 2320 901 2362 peregrinorum
938 2320 1058 2350 hostem
1100 2326 1133 2350 et
1163 2319 1322 2350 difficilem
1348 2325 1443 2361 atque
1472 2320 1672 2352 inhumanam

211 2373 420 2413 appellantes.
443 2383 505 2404 non
527 2379 651 2415 oportet
674 2379 780 2404 autem
804 2383 942 2414 unquam
962 2374 1051 2414 parvi
1075 2373 1193 2412 facere,
1206 2379 1308 2404 utrum
1322 2373 1439 2414 probus
1453 2383 1495 2404 an
1510 2374 1674 2416 improbus

210 2426 281 2456 aliis
295 2426 440 2458 videaris.
461 2428 554 2458 multi
566 2427 662 2464 enim,
674 2428 816 2469 quamvis
832 2428 954 2458 virtutis
977 2433 1122 2468 expertes
1144 2427 1217 2462 sint,
1234 2428 1289 2469 qui
1303 2434 1408 2458 tamen
1423 2427 1513 2469 probi
1527 2428 1602 2465 sint,
1617 2433 1672 2470 qui

210 2480 354 2522 improbi,
377 2481 543 2522 judicant:
566 2492 636 2512 nam
665 2481 767 2523 pravis
792 2492 921 2523 quoque
945 2482 1124 2512 homiuibus
1140 2481 1247 2513 divina
1262 2481 1407 2523 quaedam
1421 2482 1613 2525 conjiciendi
1627 2483 1673 2514 vis

209 2534 301 2571 inest,
325 2545 380 2576 per
406 2546 498 2576 quam
523 2536 617 2566 multi
644 2537 693 2566 vel
719 2536 850 2577 pessimi
873 2542 967 2572 recte,
994 2541 1061 2567 tum
1087 2537 1235 2578 opinione
1248 2542 1317 2567 tum
1331 2536 1672 2572 verbis,amelioribus

209 2588 382 2620 deteriores
406 2590 609 2631 distinguant.
632 2590 780 2631 quocirca
806 2590 926 2621 utiliter
950 2590 1130 2621 civitatibus
1159 2591 1352 2632 praecipitur,
1382 2596 1418 2620 ut
1442 2589 1555 2621 bonam
1582 2590 1670 2632 apud

208 2643 327 2673 multos
353 2643 614 2674 existimationem
639 2655 702 2675 non
718 2644 806 2686 parvi
822 2643 973 2686 pendant.
996 2645 1168 2675 maximum
1183 2655 1259 2676 sane
1274 2651 1370 2685 atque
1383 2644 1592 2674 rectissimum
1607 2649 1670 2680 est,

206 2702 252 2732 ut,
284 2706 355 2727 cum
378 2697 420 2727 sis
446 2698 572 2738 probus,
598 2699 641 2728 ita
665 2699 795 2739 gloriam
818 2708 960 2739 quaeras:
986 2699 1078 2730 aliter
1105 2699 1245 2735 minime,
1270 2699 1298 2729 si
1322 2697 1416 2729 modo
1439 2697 1596 2738 perfectus
1618 2698 1667 2728 vir

205 2750 327 2781 futurus
343 2760 386 2782 es,
410 2758 600 2792 quapropter
614 2752 775 2783 Cretensis
787 2762 910 2794 quoque
922 2752 1032 2783 civitas
1043 2754 1104 2784 ista
1119 2754 1226 2784 conari
1238 2753 1344 2787 debet,
1360 2756 1395 2782 ut
1407 2761 1500 2793 quarn
1513 2751 1666 2792 optimam

203 2803 326 2834 virtutis
353 2804 615 2836 existimationem
631 2806 715 2847 apud
732 2813 851 2837 ceteros
867 2806 1006 2837 homines
1029 2812 1248 2848 consequatur.
1270 2805 1402 2836 maxima
1429 2814 1502 2835 vero
1516 2815 1590 2846 spes
1604 2811 1665 2842 est,

203 2867 285 2893 eam,
307 2858 427 2888 ratione
440 2859 608 2896 viventem,
626 2861 733 2891 merito
746 2861 851 2892 Solem
867 2866 1051 2901 ceterosque
1075 2861 1164 2892 Deos
1180 2870 1250 2891 cum
1265 2859 1374 2901 paucis
1387 2858 1458 2889 aliis
1483 2858 1665 2890 civitatibus

202 2912 442 2953 regionibusque
458 2912 537 2943 bene
555 2913 734 2953 gubernatis
746 2916 877 2945 visuram
893 2925 973 2945 esse.
997 2915 1041 2946 sic
1066 2915 1160 2956 igitur
1175 2914 1214 2944 de
1229 2912 1480 2955 peregrinatione
1496 2912 1557 2943 alio
1571 2917 1604 2943 et
1619 2911 1659 2944 de

203 2966 434 3008 peregrinorum
454 2968 635 3008 receptione
662 2969 867 3000 sanciendum
891 2975 948 3001 est.
995 2969 1034 2999 iii
1051 2969 1198 3010 primum,
1214 2967 1265 3010 qui
1278 2966 1441 3009 pauciores
1453 2975 1552 2998 annos
1567 2976 1659 3008 quam
