1840 3225
220 261 299 298 442
787 259 1051 298 PLATONIS
1585 265 1681 316 [953

219 378 337 404 eorum,
353 369 408 409 qui
423 376 548 408 semper
563 366 718 397 aestivales
734 372 816 402 sunt,
827 371 860 396 et
874 368 963 408 quasi
980 377 1051 398 aves
1066 376 1123 407 per
1140 376 1221 397 mare
1239 372 1274 397 ut
1288 367 1466 408 plurimum,
1482 367 1683 408 acquirendae

219 422 363 464 pecnniae
385 423 498 464 gratia,
526 421 645 451 aestatis
667 425 809 462 tempore
838 420 878 451 ad
906 420 984 451 alias
1007 420 1157 451 devolant
1179 420 1334 451 civitates.
1359 422 1417 452 hos
1439 421 1517 457 foro,
1531 421 1684 462 portubus

218 477 417 518 publicisque
432 475 575 507 domibus
589 480 677 505 extra
691 474 797 505 urbem
809 475 847 504 -in
861 475 938 516 ipsis
954 474 1119 513 suburbiis,
1136 475 1336 516 magistratus
1362 475 1441 506 locis
1459 475 1524 506 illis
1544 475 1685 517 praefecti

220 531 405 571 suscipiant,
429 531 646 566 observantes,
673 539 712 559 nc
736 529 807 570 quis
830 539 936 560 eorum
958 531 1033 560 novi
1056 529 1177 570 aliquid
1202 530 1306 560 faciat.
1331 529 1428 572 [953]
1447 529 1567 572 judicia
1588 530 1684 561 etiam

220 584 287 615 illic
302 585 345 615 eis
357 584 443 626 juste
459 583 639 617 reddantur,
655 583 700 613 ita
715 588 750 614 ut
764 583 863 614 nihilo
878 585 961 625 plus,
973 594 1064 625 quarn
1079 584 1252 615 necessitas
1266 590 1371 625 cogat,
1387 594 1459 614 cum
1469 584 1509 614 iis
1523 583 1686 615 familiari-

219 639 294 669 tatis
322 639 483 670 habeatur.
507 639 641 668 alterum
666 644 715 668 est
735 648 854 675 eorum,
871 639 924 680 qui
941 639 1114 679 spectaturi
1129 639 1269 675 veniunt,
1285 644 1318 669 et
1344 638 1481 669 civitatis
1495 638 1608 668 Musas
1619 638 1688 669 illic

220 692 367 723 audituri.
391 693 422 723 hi
449 702 558 723 omnes
582 692 752 723 diversoria
773 692 867 734 juxta
893 693 1012 733 templa
1038 692 1187 733 habeant,
1203 703 1273 734 quae
1289 692 1498 734 suscipiendis
1510 692 1688 733 hospitibus

221 748 479 778 commodissima
503 747 575 777 sint.
595 747 773 778 sacerdotes
796 758 868 778 vero
885 753 917 777 et
932 747 1039 777 aedituj
1060 757 1167 778 curam
1183 747 1321 787 ipsorum
1337 747 1483 782 habeant,
1498 752 1533 776 ut
1543 745 1686 787 jucunde

219 802 343 842 possint
362 802 531 832 sufficienti
558 807 700 842 tempore
723 812 918 841 permanere,
947 807 980 831 et
1003 801 1110 832 videre
1136 801 1308 842 audireque
1333 801 1402 838 illa,
1428 811 1562 842 quorum
1586 801 1687 842 gratia

219 861 386 892 venerunt,
417 862 448 886 et
474 854 603 886 tandem
629 856 696 886 sine
723 855 912 886 detrimento
936 860 969 885 et
992 865 1049 886 suo
1074 861 1107 886 et
1129 856 1261 886 aliorum
1281 854 1444 886 recedere.
1469 855 1554 896 quod
1572 855 1687 896 siquis

221 919 330 941 eorum
343 909 494 951 injuriam
507 909 654 950 cuiquam
668 910 808 940 intulerit
823 915 877 940 aut
892 909 1024 940 affectus
1038 909 1155 950 injuria
1169 910 1220 945 sit,
1235 920 1336 950 usque
1352 909 1392 939 ad
1407 908 1574 940 drachmas
1592 909 1685 950 quin-

221 965 373 1005 quaginta
385 963 566 995 sacerdotes
580 968 773 1004 cognoscant
788 975 795 993 :
820 963 950 994 crimina
964 973 1039 993 vero
1055 963 1171 1005 majora
1187 963 1227 993 ad
1239 968 1400 994 curatores
1410 973 1514 994 rerum
1527 963 1686 994 venalium

220 1018 415 1051 deferantur.
438 1018 562 1049 tertium
587 1017 823 1058 peregrinorum
852 1027 952 1059 genus
976 1017 1103 1058 publice
1130 1017 1369 1058 suscipiendum
1394 1022 1456 1054 est,
1471 1027 1541 1048 cum
1557 1017 1687 1048 aliunde

220 1072 377 1114 quispiam
405 1072 533 1113 publica
555 1082 650 1103 causa
670 1072 783 1102 missus
806 1071 984 1103 advenerit.
1007 1072 1090 1102 hunc
1115 1071 1335 1113 imperatores,
1365 1071 1506 1113 magistri
1531 1071 1685 1113 equitum,

219 1126 337 1158 tribuni
358 1126 496 1157 militum
519 1127 575 1157 soli
591 1126 774 1167 suscipiant.
795 1131 829 1157 et
839 1126 879 1163 is,
895 1126 980 1167 apud
995 1136 1088 1167 quem
1103 1125 1246 1165 divertit,
1261 1137 1334 1158 cum
1347 1125 1545 1167 principibus
1562 1125 1688 1156 consilii

220 1191 328 1212 curam
352 1180 444 1222 hujus
466 1180 589 1212 habeat.
611 1186 756 1222 quartum
787 1191 886 1221 genus
916 1180 1111 1211 rarissimum
1135 1185 1205 1211 est:
1241 1180 1392 1212 accedere
1423 1184 1529 1211 tamen
1556 1180 1687 1211 aliunde

219 1234 336 1276 aliquis
350 1235 478 1276 poterit,
493 1235 725 1276 spectatoribus
741 1235 856 1266 nostris
870 1235 1063 1276 reciprocus.
1087 1235 1137 1266 hic
1151 1235 1198 1266 ita
1212 1235 1380 1277 recipietur
1394 1247 1402 1265 ε
1425 1235 1537 1276 primo,
1552 1234 1578 1266 si
1593 1234 1687 1276 quin·

218 1289 372 1330 quaginta
394 1299 493 1319 annos
516 1289 714 1330 impleverit3
739 1289 868 1326 deinde,
895 1289 923 1319 si
949 1299 988 1320 ea
1011 1295 1117 1320 mente
1142 1290 1274 1326 venerit,
1291 1295 1326 1320 ut
1340 1290 1392 1320 vel
1406 1289 1599 1325 consideret,
1614 1299 1687 1330 quae

220 1343 307 1385 apud
336 1344 416 1374 alios
440 1344 593 1385 praeclara
617 1344 781 1380 habentur,
805 1345 855 1375 vel
879 1354 938 1375 sua
967 1344 1092 1376 doceat.
1117 1344 1168 1375 hic
1193 1354 1271 1375 sane
1295 1344 1428 1375 divitum
1443 1343 1687 1385 sapientumque

214 1397 331 1439 januas
344 1398 482 1440 injussus
493 1399 597 1433 adeat,
613 1409 683 1429 cum
698 1399 769 1440 ipse
787 1398 967 1439 hujusmodi
985 1399 1026 1429 sit
1039 1410 1046 1428 :
1072 1404 1105 1429 et
1119 1399 1210 1439 quasi
1223 1399 1337 1440 hospes
1353 1398 1531 1439 disciplinae
1543 1396 1688 1439 praefecti

219 1450 350 1482 domum
372 1458 459 1483 recte
483 1457 585 1494 petat,
607 1463 672 1484 non
696 1453 846 1483 dubitans
860 1453 1048 1494 hospitalem
1063 1463 1135 1483 eam
1150 1458 1279 1494 propter
1294 1453 1418 1484 virtutis
1433 1451 1686 1494 conjunctionem

218 1505 279 1536 sibi
305 1506 450 1537 futuram.
473 1517 609 1548 cumque
625 1507 664 1537 ab
686 1507 758 1537 aliis
772 1507 919 1538 didicerit
934 1513 1028 1549 atque
1045 1507 1199 1543 docuerit,
1224 1517 1296 1548 quoe
1312 1507 1464 1537 discenda
1478 1506 1686 1547 docendaque

218 1561 355 1602 putavit,
371 1561 487 1591 honore
501 1561 559 1591 sibi
571 1571 708 1602 congruo
723 1562 968 1603 muneribusque
985 1562 1128 1598 affectus,
1142 1567 1177 1592 ut
1193 1561 1232 1592 ab
1249 1562 1359 1592 amicis
1373 1561 1503 1597 amicus,
1516 1557 1621 1592 abeat.
1637 1560 1687 1591 his

218 1614 343 1655 legibus
367 1615 548 1656 peregrinos
573 1616 814 1658 peregrinasque
846 1616 1065 1658 suscipiamus,
1090 1621 1279 1657 nostrosque
1311 1616 1457 1646 similiter
1495 1614 1687 1651 emittamus,

217 1668 405 1710 hospitalem
417 1670 512 1699 veriti
527 1669 547 1701 J
551 1679 654 1701 ovem.
674 1680 739 1701 non
765 1671 849 1701 enim
872 1681 926 1701 esu
944 1676 977 1701 et
992 1671 1114 1707 hostiis,
1130 1670 1395 1712 quemadmodum
1409 1668 1498 1711 apud
1511 1668 1625 1700 Nilum
1637 1669 1687 1706 fit,

218 1723 379 1764 peregrini
402 1723 544 1764 pellendi
568 1730 663 1754 sunt:
687 1735 748 1756 nec
775 1725 873 1756 atroci
902 1725 1007 1756 edicto
1031 1736 1049 1756 a
1073 1725 1188 1755 finibus
1212 1725 1328 1756 nostris
1357 1723 1495 1755 arcendi.
1518 1722 1687 1764 fidejussor

219 1777 353 1818 quilibet
379 1777 482 1819 palam
508 1777 690 1820 fidejubeat,
719 1784 885 1820 totumque
914 1779 1076 1820 negotium
1107 1779 1322 1818 conscriptum
1350 1788 1454 1809 coram
1480 1777 1595 1813 tribus,
1625 1787 1686 1808 uec

218 1831 430 1872 paucioribus,
445 1832 578 1862 testibus
593 1832 741 1869 fateatur,
757 1832 783 1863 si
795 1833 874 1863 citra
883 1833 970 1862 mille
987 1832 1152 1863 drachmas
1163 1831 1324 1872 fidejussio
1337 1832 1408 1862 fiat:
1432 1831 1482 1862 sin
1497 1832 1579 1862 ultra
1590 1831 1687 1868 mille,

217 1875 358 1926 quinque
373 1886 412 1916 ad
429 1886 532 1916 minus
547 1890 643 1916 testes
657 1886 876 1916 adhibeantur.
902 1885 998 1928 [954]
1024 1885 1191 1927 fidejussor
1212 1892 1319 1917 autem
1332 1886 1385 1921 sit,
1401 1886 1456 1927 qui
1468 1885 1558 1927 prius
1572 1886 1685 1917 vendi-

219 1938 277 1974 dit,
303 1938 374 1979 ejus
393 1938 433 1969 de
459 1949 532 1980 quo,
555 1949 595 1970 an
613 1938 687 1980 jure
704 1939 803 1980 possit
817 1939 968 1975 vendere,
986 1938 1155 1976 dubitatur,
1170 1945 1264 1980 atque
1280 1940 1359 1981 ejus,
1375 1940 1429 1980 qui
1443 1939 1568 1970 videtur
1581 1939 1686 1970 minus

218 1992 258 2022 ad
274 1993 428 2033 promissa
442 1993 586 2024 sufficere
601 2004 607 2022 :
632 1993 837 2034 similiterque
860 1998 926 2023 tam
948 1993 1002 2034 qui
1018 1992 1205 2033 praevendit,
1221 2003 1315 2034 quam
1332 1993 1386 2034 qui
1403 1992 1523 2029 vendit,
1533 1998 1686 2034 tanquam

218 2046 370 2077 obnoxius
390 2046 513 2087 judicio
541 2047 737 2088 subjiciatur.
759 2048 785 2078 si
801 2047 873 2089 quis
888 2047 920 2078 iu
935 2048 1030 2078 domo
1045 2048 1176 2078 alterius
1189 2058 1329 2089 quaerere
1343 2047 1518 2090 quippiam,
1534 2051 1685 2088 tanquam

218 2109 321 2136 suum,
336 2100 424 2135 velit,
441 2100 468 2131 is
481 2101 582 2142 primo
591 2101 798 2142 jurejurando
813 2102 955 2138 affirmet,
972 2111 1111 2143 sperare,
1124 2101 1210 2143 quod
1225 2101 1347 2143 quaerit,
1363 2101 1408 2132 ibi
1418 2111 1453 2132 se
1465 2101 1684 2132 inventurum:

218 2153 337 2184 deinde
361 2154 467 2185 nudus
496 2159 551 2184 aut
577 2155 716 2186 interula
740 2156 871 2186 indutus
897 2155 1091 2196 ingrediatur
1113 2156 1326 2197 praecinctus:
1357 2157 1599 2197 praebeaturque
1625 2155 1685 2186 sibi

219 2206 332 2238 domus
345 2214 377 2238 et
392 2208 614 2250 supellectilia.
631 2209 756 2250 signata
769 2210 859 2240 simul
876 2216 908 2241 et
924 2220 986 2241 non
1003 2211 1136 2252 signata.
1160 2211 1243 2251 quod
1260 2210 1286 2241 si
1298 2210 1371 2252 quis
1384 2210 1512 2241 scrutari
1522 2209 1684 2241 volentem

217 2271 281 2293 non
294 2263 484 2304 permiserit,
496 2263 551 2304 qui
563 2264 738 2304 prohibitus
749 2270 808 2300 est,
823 2265 924 2305 pretio
937 2265 1060 2295 amissae
1071 2265 1117 2295 rei
1133 2270 1261 2300 statuto,
1274 2270 1403 2295 accuset
1415 2274 1497 2300 eum,
1510 2263 1566 2304 qui
1577 2263 1683 2304 ipsum

217 2316 365 2357 depulit;
390 2322 423 2347 et
448 2316 514 2352 ille,
539 2317 564 2347 si
595 2316 762 2348 damnatus
788 2318 892 2354 fuerit,
920 2319 1051 2360 duplum
1067 2319 1225 2350 restituat.
1247 2318 1275 2348 si
1301 2317 1446 2348 dominus
1458 2317 1558 2359 ipsius
1569 2317 1684 2348 domus

216 2369 350 2401 abfuen't
363 2382 372 2410 3
394 2380 458 2401 non
485 2371 607 2413 signata
633 2373 828 2404 solummodo
856 2383 875 2403 a
900 2374 1107 2415 praesentibus
1131 2373 1354 2415 praebeantur:
1378 2373 1502 2413 signata
1517 2381 1592 2402 vero
1613 2371 1683 2413 ipse

217 2434 343 2466 quoque
358 2425 518 2466 obsignet,
531 2431 565 2457 et
578 2427 743 2458 custodem
757 2428 794 2458 ad
814 2427 953 2469 quinque
969 2428 1036 2459 dies
1051 2427 1218 2469 relinquat.
1240 2437 1302 2469 quo
1324 2427 1356 2457 in
1378 2432 1520 2468 tempore
1535 2426 1563 2457 si
1577 2431 1682 2468 patro-

216 2488 276 2509 nus
297 2488 361 2509 non
384 2480 516 2516 venerit,
539 2481 686 2512 aedilibus
711 2491 820 2513 secum
846 2483 987 2524 acceptis
1005 2483 1170 2523 obsignata
1182 2482 1335 2524 resignet,
1348 2486 1382 2512 et
1394 2490 1466 2512 cum
1480 2484 1556 2511 ante
1572 2479 1684 2512 oculos

216 2531 460 2564 domesticorum
485 2540 519 2564 et
545 2534 684 2566 aedilium
710 2536 882 2578 quaesierit,
905 2547 1011 2567 rursus
1036 2537 1195 2578 obsignet.
1217 2536 1252 2567 in
1265 2535 1362 2567 rebus
1375 2534 1529 2576 ambiguis
1543 2533 1682 2575 spatium

215 2586 368 2626 temporis
384 2586 425 2617 ad
439 2590 705 2630 praescriptionem
722 2590 994 2622 determinandum
1010 2597 1070 2622 est.
1092 2592 1132 2622 de
1149 2590 1293 2622 domibus
1303 2589 1434 2632 quidem
1448 2593 1482 2620 et
1493 2587 1578 2629 agris
1590 2587 1682 2619 nulla

214 2639 274 2669 hac
288 2639 411 2672 ratione
425 2641 616 2683 disceptatio
630 2644 700 2675 erit.
721 2644 852 2676 aliarum
864 2655 935 2676 vero
946 2656 1050 2676 rerum
1066 2646 1091 2676 si
1105 2655 1168 2687 qua
1183 2655 1202 2676 a
1217 2654 1375 2687 quoquam
1386 2643 1532 2679 habetur,
1541 2642 1632 2683 isque
1643 2641 1680 2673 in

213 2693 306 2729 urbe,
320 2693 398 2730 foro.
415 2696 522 2732 sacris,
538 2702 647 2738 aperte
664 2708 746 2729 anno
757 2699 879 2741 integro
893 2710 927 2730 re
940 2700 996 2731 illa
1008 2710 1086 2731 usus
1100 2700 1206 2736 fuerit,
1222 2705 1315 2741 atque
1326 2699 1410 2730 hunc
1423 2707 1491 2728 non
1503 2695 1679 2728 occuluisse

213 2751 363 2787 constet;
387 2758 447 2779 nec
471 2749 636 2792 quisquam
663 2752 795 2790 interea,
822 2754 965 2795 quamvis
987 2765 1141 2796 quaerens,
1160 2764 1230 2785 eam
1250 2753 1412 2794 exegerit:
1434 2750 1556 2782 nemini
1580 2751 1681 2781 liceat

214 2799 331 2832 deinde
346 2811 413 2832 rem
428 2802 524 2840 illam,
537 2806 624 2846 quasi
637 2817 735 2843 suam,
750 2817 928 2849 reposcere.
950 2819 1058 2840 verum
1075 2809 1100 2839 si
1114 2819 1179 2840 non
1193 2808 1226 2839 in
1240 2807 1328 2843 urbe,
1343 2805 1403 2838 sed
1418 2806 1450 2836 in
1472 2804 1556 2846 agris
1577 2804 1682 2836 mani-

214 2853 294 2886 feste
310 2860 426 2893 utatur,
442 2867 500 2889 nec
513 2859 546 2890 in
561 2861 652 2892 annis
667 2862 806 2903 quinque
820 2863 867 2894 rei
881 2863 1028 2894 dominus
1044 2868 1226 2905 compertus
1250 2862 1303 2898 sit,
1329 2859 1546 2903 quinquennio
1566 2863 1679 2890 exacto

214 2909 316 2951 repeti
341 2917 488 2953 nequeat.
511 2913 559 2943 sin
585 2924 659 2946 vero
688 2916 719 2946 in
742 2916 817 2947 urbe
839 2918 924 2949 domi
948 2923 1065 2954 utatur,
1083 2918 1122 2948 ad
1141 2916 1309 2948 triennium
1322 2924 1424 2956 usque
1437 2912 1678 2956 apprehendere

215 2963 328 3004 Ρθὸὓὶἲ,
347 2965 402 3007 qui
417 2966 534 2999 amisit.
546 2967 580 3000 in
594 2970 680 3012 agris
692 2976 810 3014 autem,
824 2972 852 3004 si
867 2972 990 3006 occulte
1010 2972 1116 3011 habet,
1132 2982 1230 3013 usque
1242 2970 1285 3002 ad
1300 2969 1502 3003 decennium.
1519 2967 1572 3000 sin
1584 2972 1679 2999 extra
