1840 3225
240 170 319 210 336
818 165 1082 205 PLATONIS
1590 171 1687 222 [7⁴28

239 271 362 303 videtur
384 271 541 302 animum:
566 270 659 311 longe
682 275 785 300 tamen
811 269 909 305 abest,
937 281 1005 300 cum
1033 270 1124 301 obsit.
1148 280 1250 311 neque
1274 274 1380 307 etiam,
1401 282 1471 303 cum
1492 277 1607 314 praeter
1620 273 1694 304 rati-

239 336 332 356 onem
345 325 531 366 laudemque
547 323 760 365 legumlatoris
782 324 994 364 voluptatibus
1018 324 1088 364 quis
1113 324 1267 364 indulget,
1284 325 1420 356 animum
1436 335 1525 356 suurn
1541 327 1671 357 honorat
1686 337 1693 355 :

237 379 347 421 dejicit
360 379 446 410 enirn
461 379 574 420 ipsum,
590 388 660 408 cum
675 377 765 408 malis
779 382 811 408 et
824 377 1011 418 poenitentia
1034 378 1167 417 repleat.
1212 378 1325 419 Neque
1341 379 1436 409 etiam
1450 384 1524 410 tunc
1544 379 1693 411 honorat:

238 431 366 474 quando
381 432 500 463 labores
511 433 581 473 lege
604 431 758 468 laudatos,
774 436 934 472 metusque
957 441 993 461 ac
1009 431 1132 462 dolores
1145 431 1289 462 ferendos
1305 443 1368 463 non
1383 433 1526 474 suscipit,
1541 432 1596 464 sed
1611 433 1698 464 cedit

237 492 332 528 atque
343 485 527 517 succumbit.
549 486 615 517 haec
628 485 710 516 enirn
722 496 817 527 agens
833 485 935 516 omnia
957 485 1095 516 animum
1115 495 1206 516 suum
1222 485 1401 518 dedecorat.
1423 486 1479 518 sed
1493 497 1553 519 nec
1568 486 1697 529 quando

237 541 320 571 hanc
344 540 441 571 vitam
463 550 617 571 summum
642 539 756 570 bonum
784 545 916 571 censet:
939 539 1034 570 immo
1058 545 1133 570 tunc
1162 540 1256 571 etiam
1283 541 1452 582 vituperat.
1489 551 1562 572 nam
1591 541 1695 572 animo

237 594 429 625 existimanti
445 594 551 625 omnia
571 593 654 635 apud
677 594 792 624 Manes
817 595 898 624 mala
923 604 1003 628 esse.
1021 595 1162 635 protinus
1188 594 1366 630 assentitur,
1381 605 1485 636 neque
1497 594 1624 630 resistit,
1639 595 1696 626 do-

238 659 314 680 cens
328 649 432 689 ipsum
444 654 537 690 atque
553 649 753 690 redarguens,
777 649 865 689 quasi
884 648 1019 689 ignoret,
1032 654 1138 679 utrum
1152 654 1269 684 contra,
1284 659 1355 689 quae
1368 647 1455 689 apud
1481 647 1568 679 Deos
1584 647 1700 679 inferos

238 706 324 742 sunt,
337 702 474 733 omnium
492 703 641 733 bonorum
665 702 756 732 nobis
778 702 911 732 maxima
934 702 1007 732 sint.
1029 707 1180 743 praeterea
1205 701 1259 743 qui
1285 702 1391 732 virtuti
1414 702 1547 733 formam
1560 701 1700 743 corporis

238 756 415 797 anteponit,
431 756 566 786 animam
590 767 659 787 vere
683 756 870 797 penitusque
885 755 1063 786 dedecorat.
1084 765 1198 797 nempe
1223 766 1335 798 corpus
1362 756 1467 786 anima
1490 755 1700 787 venerabilius

239 810 422 842 arbitratur:
446 811 481 842 in
496 821 559 852 quo
579 816 663 842 certe
679 810 881 840 veliementer
903 815 997 839 errat.
1018 810 1097 840 nihil
1123 811 1210 840 enim
1235 816 1392 841 terrenum
1415 809 1506 840 rebus
1520 809 1700 840 caelestibus

239 865 450 895 venerabilius
463 869 522 895 est.
544 870 576 894 et
590 865 643 905 qui
659 864 699 893 de
720 863 826 894 animo
847 863 936 893 aliter
951 862 1055 898 sentit,
1068 873 1163 903 quam
1182 864 1356 893 mirabilem
1372 873 1437 894 rem
1447 863 1598 904 negligat,
1614 872 1700 903 pror·

236 929 290 949 sus
304 918 438 959 ignorat.
460 929 520 949 nec
532 927 633 948 rursus
655 918 709 958 qui
723 916 890 958 pecuniam
903 917 1018 958 injuste
1033 917 1121 957 cupit
1145 922 1199 947 aut
1213 916 1380 957 possidens
1393 916 1508 958 injuste
1522 926 1586 946 non
1601 916 1704 952 dolet,

238 972 419 1003 muneribus
433 971 571 1001 animum
586 981 678 1001 suum
702 976 840 1006 exornat,
857 969 954 1012 [728]
978 970 1035 1000 sed
1051 970 1089 1001 ab
1105 971 1163 1001 hoc
1187 971 1368 1012 longissime
1395 970 1495 1001 abest.
1515 969 1599 1012 quod
1614 970 1701 1001 euim

238 1025 416 1057 venerabile
441 1025 667 1067 pulchrumque
691 1024 723 1055 in
747 1025 851 1054 animo
873 1029 930 1060 est,
946 1034 1043 1065 parvo
1070 1034 1125 1065 pro
1151 1034 1226 1055 auro
1248 1024 1379 1066 prodit:
1403 1035 1476 1056 cum
1489 1029 1600 1060 totum,
1616 1023 1701 1065 quod

239 1090 333 1121 super
346 1085 455 1110 terram
472 1079 594 1120 quodve
618 1079 675 1110 sub
703 1083 783 1109 terra
811 1084 861 1109 est
887 1088 1006 1114 aurum,
1030 1078 1137 1109 virtuti
1163 1079 1360 1120 compensari
1386 1078 1483 1120 digne
1510 1089 1574 1109 non
1591 1078 1703 1120 possit.

240 1133 378 1175 denique
393 1139 428 1164 ut
442 1133 620 1165 summatim
646 1133 762 1169 dicam,
777 1133 954 1174 quicunque
977 1133 1042 1168 illa,
1058 1143 1128 1174 quae
1154 1133 1314 1174 legislator
1333 1133 1438 1174 turpia
1452 1133 1596 1174 malaque
1610 1136 1703 1173 putat

240 1198 322 1225 esse,
337 1187 421 1219 omni
435 1188 538 1219 studio
553 1188 633 1229 fugit
646 1198 655 1226 3
679 1197 737 1219 nec
752 1197 809 1228 pro
834 1187 950 1217 viribus
972 1187 1113 1228 sequitur
1133 1197 1183 1223 ea,
1198 1193 1267 1229 q‘uae
1282 1187 1365 1219 bona
1376 1193 1409 1218 et
1422 1187 1553 1228 pulchra
1568 1186 1680 1217 statuit
1693 1195 1703 1217 :

239 1253 304 1273 non
317 1242 404 1273 videt
424 1242 458 1273 in
483 1243 532 1273 his
556 1242 710 1278 omnibus,
726 1252 820 1283 quam
842 1241 975 1282 turpiter
990 1247 1024 1272 et
1052 1241 1185 1272 absurde
1211 1241 1440 1273 divinissimum
1454 1240 1593 1272 animum
1609 1249 1700 1270 suum

241 1297 368 1328 afficiat.
391 1297 556 1327 maximam
572 1296 657 1327 enim
685 1295 859 1327 secundum
881 1295 1035 1338 justitiam
1062 1296 1212 1327 ultionem
1241 1296 1323 1327 male
1343 1295 1457 1337 agendi
1471 1304 1577 1332 nemo,
1591 1301 1627 1325 ut
1641 1303 1705 1324 uno

241 1351 337 1382 verbo
365 1351 480 1387 dicam,
510 1350 739 1382 animadvertit.
762 1349 894 1380 maxima
923 1359 998 1380 vero
1020 1355 1080 1387 est,
1104 1354 1140 1380 ut
1167 1349 1237 1390 quis
1265 1349 1357 1380 malis
1387 1347 1568 1379 hominibus
1592 1346 1707 1378 similis

241 1405 404 1440 efficiatur,
418 1405 580 1446 factusque
607 1405 718 1435 similis
732 1404 830 1435 bonos
854 1408 888 1434 et
909 1403 994 1434 viros
1017 1408 1049 1435 et
1071 1413 1229 1434 sermones
1242 1403 1355 1445 fugiat,
1371 1413 1468 1444 seque
1483 1403 1584 1444 ipsum
1601 1402 1641 1432 ab
1656 1401 1704 1432 eis

242 1460 397 1502 sejungat,
412 1459 562 1501 improbis
583 1464 684 1490 autem
715 1458 884 1495 adhaereat,
910 1462 943 1489 et
971 1467 1076 1489 eorum
1103 1457 1364 1489 consuetudinem
1379 1457 1597 1499 amplectatur.
1621 1454 1705 1486 Eum

243 1523 330 1550 vero,
346 1513 447 1555 quise
477 1513 526 1544 his
553 1513 730 1549 immiscuit,
746 1522 875 1544 necesse
902 1517 950 1543 est
977 1511 1088 1543 eadem
1113 1513 1180 1554 pati
1206 1517 1240 1542 et
1264 1522 1371 1553 agere,
1385 1521 1456 1553 quae
1469 1511 1550 1542 tales
1565 1519 1656 1552 agere
1671 1514 1707 1541 et

243 1567 331 1609 loqui
346 1568 426 1598 inter
450 1577 484 1598 se
510 1572 749 1598 consueverunt.
771 1577 808 1598 ac
833 1566 937 1608 passio
965 1565 1095 1608 quidem
1107 1565 1286 1609 hujusmodi
1293 1565 1417 1608 justitia
1431 1570 1564 1596 nonest.
1581 1563 1707 1606 justitia

243 1621 328 1652 enim
344 1626 378 1651 et
390 1619 508 1661 justum
524 1622 687 1652 honestum
702 1626 761 1657 est,
775 1621 854 1652 ultio
870 1630 943 1652 vero
958 1620 1062 1662 passio
1084 1620 1246 1661 injustitiae
1269 1629 1399 1661 sequax,
1425 1619 1458 1650 in
1481 1628 1576 1661 quam
1597 1623 1631 1649 et
1650 1617 1707 1659 qui

245 1685 309 1705 non
319 1675 430 1706 incidit
439 1680 472 1705 et
482 1675 536 1716 qui
543 1674 768 1711 incidit,malus
781 1675 936 1716 miserque
949 1680 996 1705 est
1008 1686 1015 1704 z
1033 1675 1099 1711 ille,
1114 1674 1261 1716 quoniam
1273 1684 1337 1705 non
1350 1679 1476 1705 sanatur
1488 1684 1496 1711 ;
1511 1673 1581 1709 iste,
1593 1673 1706 1714 quoni·

246 1739 309 1765 am,
320 1733 355 1759 ut
361 1729 453 1759 multi
463 1734 635 1765 serventur,
650 1729 717 1769 ipse
729 1729 821 1770 perit.
835 1730 933 1759 honor
942 1734 1044 1759 autern
1057 1734 1115 1764 est,
1127 1734 1161 1758 ut
1169 1734 1270 1758 totum
1284 1728 1376 1759 simul
1390 1725 1706 1769 complectar,melio-

246 1793 282 1813 ra
296 1777 386 1823 sequi
399 1787 431 1813 et
445 1792 485 1812 ex
499 1781 665 1824 pejoribus,
681 1793 874 1823 quaecunque
890 1782 1021 1812 meliora
1047 1782 1113 1812 fieri
1127 1787 1268 1823 possunt,
1285 1782 1325 1812 ad
1352 1782 1462 1812 melius
1477 1790 1572 1822 quarn
1585 1780 1704 1821 optime

246 1836 408 1868 reducere.
430 1836 551 1867 homini
565 1836 704 1877 profecto
720 1835 798 1866 nihil
815 1835 920 1866 animo
935 1835 1038 1875 aptius
1053 1840 1086 1864 et
1101 1835 1243 1876 sagacius
1257 1841 1305 1865 est
1323 1835 1362 1865 ad
1378 1834 1562 1876 fugiendum
1576 1833 1705 1869 malum,

248 1890 290 1921 ad
304 1889 556 1931 investigandum
585 1889 827 1931 eligentiumque
854 1888 938 1930 quod
965 1893 1014 1919 est
1037 1888 1176 1919 omnium
1203 1888 1368 1930 optimum,
1393 1888 1485 1929 eique
1508 1897 1567 1929 per
1581 1897 1707 1918 omnem

249 1945 345 1975 vitam
361 1944 490 1975 firmiter
508 1943 738 1974 adbaerendum.
759 1943 872 1974 iccirco
886 1942 933 1973 illi
949 1941 1087 1973 secundo
1104 1947 1238 1973 statutus
1252 1946 1300 1973 est
1318 1943 1428 1974 honor.
1449 1941 1574 1972 tertium
1590 1940 1707 1972 deinde

250 1999 400 2030 honorem
416 1997 588 2029 secundum
602 2002 745 2028 naturam
764 1997 866 2038 quivis
889 1996 1046 2038 intelliget
1066 1996 1186 2037 corpori
1201 1995 1380 2027 convenire.
1401 1995 1600 2027 considerare
1616 2003 1708 2036 opor-

251 2057 308 2089 tet,
325 2052 378 2093 qui
390 2052 457 2083 veri
472 2053 605 2082 honores
619 2051 683 2082 siut
705 2051 799 2092 quive
815 2050 980 2082 adulterati
997 2062 1004 2080 :
1029 2061 1158 2092 quorum
1180 2049 1359 2082 differentia
1372 2060 1392 2081 a
1405 2049 1585 2091 legislatore
1600 2047 1708 2080 decla·

251 2106 350 2138 tanda
366 2105 441 2137 mihi
455 2105 578 2136 videtur
594 2116 602 2135 :
625 2113 661 2136 ut
681 2110 768 2147 puta,
783 2105 898 2136 honore
924 2104 1053 2145 dignum
1075 2114 1188 2145 corpus
1211 2114 1277 2136 esse
1292 2114 1355 2135 nou
1370 2103 1457 2145 quod
1469 2103 1639 2134 sonnosum
1652 2107 1709 2133 aut

251 2160 411 2192 robustum
425 2164 474 2190 est
491 2171 498 2190 z
522 2164 578 2190 aut
592 2159 684 2190 velox
699 2159 748 2189 vel
762 2169 907 2200 magnum
918 2158 968 2189 vel
979 2158 1250 2199 sanum,quamvis
1262 2158 1370 2189 multis
1384 2157 1417 2188 id
1431 2156 1586 2192 videatur,
1601 2165 1706 2197 neque

252 2214 339 2256 quod
352 2213 514 2245 contrariis
540 2212 642 2244 modis
669 2212 827 2244 affectum.
847 2222 962 2254 nempe
990 2222 1058 2254 quae
1088 2211 1228 2242 medium
1253 2211 1383 2243 istorum
1410 2211 1550 2242 omnium
1565 2209 1708 2241 habitum

254 2273 399 2309 tangunt,
414 2277 452 2298 ea
480 2267 571 2309 longe
601 2266 806 2298 moderatiora
831 2266 1009 2307 tutior-aque
1036 2265 1196 2298 censenda
1222 2271 1305 2296 sunt.
1326 2266 1425 2296 alters
1438 2265 1524 2296 enim
1536 2264 1661 2296 inflatos
1674 2269 1710 2295 et

255 2322 391 2354 audaces
414 2322 534 2353 animos
560 2320 706 2358 reddunt,
723 2322 820 2352 altera
849 2320 988 2362 dejectos
1016 2326 1109 2362 atque
1137 2320 1316 2351 illiberalas.
1337 2319 1479 2351 similiter
1506 2318 1707 2361 pecuniarum

257 2376 507 2418 praediommque
522 2380 556 2407 et
575 2385 686 2407 census
710 2375 864 2417 possessio
893 2385 926 2406 se
953 2374 1059 2406 habet.
1082 2374 1178 2417 [729]
1202 2373 1356 2406 excedens
1371 2374 1457 2405 enim
1471 2379 1503 2405 et
1515 2372 1662 2415 privatim
1675 2376 1710 2403 et

256 2431 290 2461 in
304 2430 482 2462 civitatibus
496 2429 676 2462 inimicitias
699 2428 930 2470 seditionesque
957 2429 1050 2470 parit,
1073 2429 1224 2460 deficiens
1246 2434 1352 2460 autem
1377 2434 1411 2460 ut
1428 2427 1595 2470 plurimum
1610 2425 1709 2457 servi-

257 2489 368 2515 tutem.
391 2483 495 2515 Nemo
510 2484 605 2526 igitur
619 2484 787 2516 liberorum
802 2483 899 2525 gratia
923 2483 1066 2525 pecuniis
1085 2482 1282 2515 cumulandis
1304 2482 1475 2518 incumbat,
1490 2487 1526 2513 ut
1537 2480 1710 2512 ditissimos

258 2547 315 2568 eos
329 2538 496 2579 relinquat.
516 2548 620 2580 neque
635 2538 722 2569 enim
746 2538 824 2580 ipsis
837 2547 940 2579 neque
966 2537 1085 2569 civitati
1104 2537 1138 2568 id
1164 2536 1323 2570 conducit.
1345 2536 1402 2568 sed
1417 2545 1530 2568 census
1547 2539 1616 2566 mm
1629 2533 1707 2565 adu—

259 2591 375 2622 latione
398 2602 512 2623 vacuus
527 2596 595 2623 tum
607 2602 711 2624 rerum
735 2591 978 2623 necessariarum
1002 2602 1066 2623 non
1090 2591 1238 2634 indigens
1259 2591 1401 2622 omnium
1424 2588 1664 2621 decentissimus
1677 2592 1711 2619 et

260 2644 399 2686 optimus
413 2650 470 2676 est.
491 2656 562 2677 nam
578 2646 629 2678 hic
650 2646 740 2677 nobis
763 2646 804 2677 ad
819 2646 924 2677 omnia
949 2656 1123 2678 consonans
1137 2644 1460 2686 accommodatusque,
1474 2643 1572 2674 vitam
1583 2652 1605 2674 a
1619 2641 1712 2673 dolo-

260 2698 345 2731 ribus
357 2705 507 2730 removet.
529 2700 636 2731 liberis
650 2710 724 2741 ergo
736 2710 800 2731 non
815 2699 892 2736 auri,
907 2699 963 2731 sed
975 2700 1103 2742 pudoris
1117 2700 1250 2730 multum
1263 2703 1388 2741 oportet
1408 2696 1595 2739 relinquere.
1617 2701 1709 2738 puta·

262 2763 333 2785 mus
345 2758 447 2784 autem
463 2753 562 2784 verbis
577 2754 804 2796 impudentiam
813 2754 966 2796 juvenum
995 2754 1184 2796 castigantes
1197 2753 1231 2785 id
1243 2763 1303 2784 nos
1316 2753 1452 2784 facturos
1467 2763 1475 2782 :
1499 2751 1556 2782 sed
1572 2751 1630 2782 hoc
1645 2759 1709 2781 non

263 2818 302 2838 ex
317 2817 357 2839 ea
369 2807 572 2849 castigatione
589 2808 634 2844 fit,
650 2819 742 2850 quam
753 2808 920 2852 juvenibus
934 2809 1101 2844 incutiunt,
1117 2807 1259 2839 dicentes
1274 2806 1356 2849 quod
1371 2806 1604 2838 adolescentem
1617 2814 1712 2846 opor-

265 2867 330 2893 teat
343 2862 375 2894 in
391 2862 533 2893 omnibus
549 2864 757 2895 verecundum
783 2873 864 2896 esse.
887 2863 1012 2906 sapiens
1027 2863 1131 2905 itaque
1154 2862 1337 2904 legumlator
1356 2860 1528 2894 senioribus
1550 2858 1712 2903 precipiet
