1840 3225
235 188 310 227 348
817 184 1080 225 PLATONIS
1320 154 1323 155 γ
1600 184 1700 238 [754

232 289 297 321 Dei
312 299 427 321 nomen
444 299 534 320 suum
550 293 583 319 et
597 287 695 330 patris
710 293 742 320 et
767 287 865 318 tribus
890 294 924 318 et
947 286 1048 329 gentis
1064 285 1097 317 in
1112 286 1221 318 tabula
1234 286 1386 328 scriptum
1401 286 1542 329 deponat
1558 297 1565 317 :
1589 286 1702 319 liceat-

232 353 294 385 que
320 343 443 385 cuique,
470 343 497 374 si
521 342 609 379 velit,
637 353 856 384 quamcunque
885 342 1026 373 tabulam
1050 352 1112 372 non
1136 346 1220 372 recte
1244 341 1396 382 scriptam
1417 341 1637 384 suspicabitur,
1667 341 1702 372 in

231 399 303 429 loco
318 398 446 440 publico
473 407 600 439 ponere,
617 397 673 427 ubi
694 407 757 427 nou
781 397 884 428 minus
909 407 1002 438 quani
1030 395 1158 437 triginta
1181 393 1248 425 dies
1265 401 1460 436 permaneat.
1481 400 1702 436 trecentasque

233 452 354 482 tabulas
369 452 413 484 sic
442 451 631 493 approbatas
656 451 806 482 universae
838 450 957 482 civitati
980 450 1180 491 magistratus
1209 449 1398 480 ostendant:
1422 459 1505 491 quae,
1521 459 1601 491 quos
1626 449 1706 480 velit

232 507 272 537 de
290 505 367 543 istis,
382 506 497 536 iterum
512 510 546 536 et
570 505 707 547 accipiat
728 510 762 536 et
786 505 920 548 rejiciat.
943 510 1132 546 centumque
1157 505 1203 535 ita
1231 503 1370 536 secundo
1385 503 1503 536 delecti
1518 513 1622 535 rursus
1635 513 1703 535 om-

231 560 323 591 nibus
352 561 575 591 ostendantur:
600 560 694 591 tertio
724 569 798 591 vero
820 561 961 591 nominet
990 559 1030 590 de
1062 563 1189 590 centum
1217 558 1288 589 viris
1316 557 1461 599 quilibet,
1485 567 1703 600 quemcunque

230 614 375 646 voluerit.
398 619 518 655 septem
535 618 641 644 autem
669 613 858 655 trigintaque
884 613 942 644 viri
971 624 1037 649 eos,
1059 613 1115 655 qui
1139 612 1281 654 pluribus
1307 611 1424 643 delecti
1439 612 1596 654 suffragiis
1612 617 1703 649 sunt,

231 669 435 710 magistratus
450 668 623 700 declarent.
648 668 773 709 quinam
790 668 895 709 igitur,
911 678 929 698 o
953 667 1057 699 Clinia
1081 667 1288 709 Megilleque,
1314 667 1382 698 haec
1407 667 1514 698 omnia
1534 666 1575 698 de
1589 666 1705 708 magis-

231 723 363 755 tratibus
379 733 549 764 eorumque
575 722 760 764 probatione
782 722 815 752 in
839 722 966 752 civitate
979 721 1172 753 constituent
1186 722 1196 751 ?
1219 732 1297 752 num
1311 721 1529 763 intellig-imus,
1543 721 1578 752 in
1591 721 1704 753 civita-

231 777 316 808 tibus
348 777 396 808 sic
425 777 463 808 ab
495 776 584 807 initio
614 776 789 808 conciliatis
818 787 953 817 praeesse
984 776 1107 817 aliquos
1137 776 1307 818 oportere?
1330 776 1384 818 qui
1408 786 1483 809 vero
1504 787 1543 807 ex
1557 775 1705 808 omnibus

233 831 468 872 magistratibus
495 830 685 872 deligantur,
711 831 744 860 in
773 830 818 861 eis
847 840 1048 872 nequaquam
1078 830 1288 870 reperiuntur.
1310 839 1383 860 cum
1413 835 1519 860 tamen
1547 840 1602 861 eos
1630 840 1699 861 esse

232 889 376 926 oporteat
403 895 468 915 non
495 885 576 914 viles
605 882 770 926 quosdam,
799 883 856 914 sed
889 893 1024 913 summos
1053 883 1138 913 viros
1167 888 1261 924 atque
1291 889 1489 924 praestantes.
1509 883 1701 926 principium

233 938 318 969 enirn
336 938 503 969 dimidium
528 939 625 969 totius
649 938 753 979 operis
768 948 837 968 esse
860 937 1023 978 proverbio
1049 937 1184 968 dicitur:
1209 942 1303 979 atque
1318 948 1403 974 eum,
1426 937 1482 979 qui
1497 938 1580 968 bene
1595 937 1704 978 coepit,

231 1003 342 1023 ornnes
357 992 533 1023 laudamus.
555 992 632 1023 mihi
656 997 762 1023 autem
786 994 845 1023 hoc
871 992 943 1033 plus
964 1002 1057 1033 quarn
1086 991 1249 1022 dimidium
1276 1002 1345 1022 esse
1370 990 1507 1028 videtur,
1521 996 1703 1033 rectumque

230 1046 425 1088 principium
437 1057 599 1088 nunquam
612 1046 686 1077 satis
701 1047 739 1077 ab
754 1046 860 1088 aliquo
874 1045 1038 1076 laudatum
1051 1046 1158 1077 fuisse.
1198 1045 1232 1087 [7
1237 1047 1295 1088 5-1]
1334 1046 1414 1079 Cn.
1437 1045 1542 1078 Recte
1558 1045 1705 1087 loqueris.

234 1098 374 1132 ATHEN.
398 1102 516 1138 Quare,
532 1112 605 1131 cum
620 1111 678 1132 nos
701 1101 735 1132 id
761 1111 827 1131 non
853 1100 960 1137 lateat,
983 1111 1022 1131 ne
1049 1101 1174 1132 silentio
1189 1107 1433 1142 praetereamus:
1457 1101 1526 1138 sed,
1541 1101 1703 1143 quomodo

234 1156 301 1194 fiat,
313 1156 481 1197 perspicue
498 1155 693 1186 declaremus
708 1166 716 1193 ;
740 1155 882 1197 quamvis
895 1166 954 1197 ego
979 1155 1058 1186 nihil
1074 1155 1108 1185 in
1133 1155 1312 1197 praesentia,
1327 1155 1391 1188 nisi
1404 1156 1463 1187 hoc
1478 1166 1576 1187 unum
1590 1165 1703 1186 neces-

234 1210 351 1241 sarium
365 1214 458 1251 atque
476 1210 610 1252 perutile
636 1210 766 1241 habeam
793 1209 909 1240 dicere.
956 1209 1033 1241 cm.
1057 1209 1240 1246 Quidnam?
1286 1208 1426 1242 Anum.
1451 1209 1610 1252 Equidem
1625 1209 1702 1241 civi-

232 1264 307 1295 tatis
321 1264 425 1306 hujus,
442 1274 535 1305 quam
552 1264 707 1296 condituri
723 1274 839 1300 sumus,
854 1263 1014 1295 neminem
1037 1269 1092 1295 aut
1113 1269 1236 1305 patrem
1250 1269 1305 1295 aut
1319 1269 1447 1295 matrem
1462 1275 1531 1295 esse
1546 1263 1608 1300 aio,
1620 1274 1701 1306 prae-

235 1323 284 1349 ter
300 1319 459 1350 civitatem
474 1319 573 1355 illam,
589 1329 659 1360 quae
675 1319 834 1350 coloniam
850 1319 955 1349 mittit.
978 1329 1038 1349 uec
1054 1319 1163 1360 ignoro
1178 1319 1273 1350 fuisse
1288 1319 1405 1350 multas
1418 1329 1455 1350 ac
1469 1319 1535 1349 fore
1550 1318 1703 1354 colonias,

235 1382 255 1403 a
271 1373 460 1409 civitatibus,
477 1383 547 1414 quae
563 1374 725 1409 miserunt,
743 1372 876 1404 discidio
898 1373 1073 1405 distractas.
1095 1372 1361 1414 quemadmodum
1377 1382 1451 1404 vero
1466 1383 1540 1414 erga
1555 1378 1704 1414 parentes

232 1437 268 1457 se
284 1427 365 1468 gerit
379 1427 471 1464 filius,
489 1428 552 1468 qui,
569 1428 712 1469 quamvis
738 1427 954 1458 adversaturus
980 1427 1045 1458 illis
1072 1426 1261 1468 quandoque
1291 1427 1345 1468 sit,
1359 1427 1395 1458 in
1416 1427 1487 1468 ipsa
1502 1432 1607 1458 tamen
1623 1437 1702 1468 pue·

233 1480 315 1511 ritiae
332 1481 509 1522 indigentia
523 1482 681 1524 genitores
707 1481 812 1523 diligit
827 1492 863 1512 ac
888 1481 1028 1512 vicissim
1052 1481 1203 1523 diligitur,
1220 1487 1252 1512 et
1267 1481 1308 1512 ad
1323 1492 1393 1512 suos
1408 1491 1530 1522 semper
1543 1480 1703 1522 refugiens

231 1534 267 1565 in
281 1535 330 1565 his
345 1535 420 1566 solis
435 1536 613 1576 praesidium
629 1537 766 1578 reperit:
792 1537 836 1567 ita
852 1546 976 1578 quoque
999 1546 1111 1567 novam
1138 1536 1269 1566 arbitror
1283 1535 1445 1567 civitatem
1459 1545 1535 1577 erga
1545 1541 1702 1567 curatores

234 1587 306 1629 ejus
336 1589 474 1620 Gnosios
499 1595 532 1620 et
559 1590 695 1621 Gnosios
719 1601 792 1632 erga
821 1591 978 1621 civitatem
1003 1601 1116 1621 novam
1139 1590 1231 1621 affici.
1253 1595 1362 1630 repeto
1382 1590 1487 1632 igitur,
1500 1589 1585 1631 quod
1609 1589 1704 1621 modo

234 1642 312 1675 dixi.
334 1653 399 1674 non
423 1645 508 1675 euim
534 1650 629 1675 nocet
654 1645 702 1676 bis
731 1645 846 1681 dicere,
871 1645 955 1686 quod
980 1644 1060 1675 bene
1088 1644 1213 1675 dicitur.
1235 1650 1370 1685 oportet,
1391 1649 1426 1674 ut
1452 1643 1567 1676 Gnosii
1592 1644 1700 1675 horum

234 1698 373 1728 onmium
389 1709 491 1729 curam
509 1700 692 1741 suscipiant,
709 1705 741 1730 et
755 1700 795 1730 de
811 1700 930 1731 colonis
946 1699 1026 1730 viros
1050 1698 1188 1730 seniores
1202 1704 1296 1740 atque
1316 1698 1449 1740 optimos
1461 1709 1526 1730 non
1542 1698 1703 1740 pauciores

235 1762 330 1793 quam
340 1757 473 1784 centum
489 1753 641 1794 deligant,
658 1753 762 1795 deque
778 1754 854 1796 ipsis
878 1753 1004 1785 Gnosiis
1019 1753 1099 1784 alios
1113 1758 1251 1784 centum.
1273 1763 1352 1794 quos
1363 1753 1398 1784 in
1409 1763 1526 1784 novam
1539 1753 1700 1785 civitatem

236 1806 404 1847 profectos,
432 1813 576 1848 oportere
603 1809 734 1839 arbitror
759 1819 885 1850 operam
912 1808 996 1845 dare,
1023 1814 1059 1839 ut
1079 1808 1278 1849 magistratus
1294 1808 1467 1838 secundum
1482 1808 1570 1848 leges
1585 1807 1702 1838 consti-

235 1864 363 1892 tuantur
378 1866 411 1892 et
427 1861 535 1892 statuti
565 1862 818 1903 comprobentur.
841 1862 888 1893 lzis
908 1862 1011 1899 sactis,
1027 1861 1168 1893 Gnosum
1199 1861 1313 1893 Gnosii
1339 1861 1495 1893 redeant:
1519 1871 1602 1893 nova
1628 1871 1702 1893 vero

234 1914 346 1945 civitas
362 1925 394 1945 se
407 1914 507 1956 ipsam
523 1926 644 1947 servare
660 1927 697 1947 ac
720 1916 856 1947 feliciter
871 1917 973 1947 vivere
997 1921 1136 1947 conetur.
1157 1915 1211 1957 qui
1227 1921 1331 1947 autem
1343 1916 1375 1946 in
1391 1921 1513 1958 septem
1527 1920 1560 1946 et
1571 1915 1703 1957 triginta

235 1967 371 1998 virorum
385 1979 517 2000 numero
533 1970 707 2010 computati
733 1975 817 2007 sunt,
831 1976 863 2001 et
876 1980 960 2001 nunc
989 1974 1022 2000 et
1046 1975 1158 2011 postea
1173 1980 1296 2011 semper
1309 1969 1383 2001 istas
1397 1980 1446 2001 res
1457 1974 1577 2001 curent.
1599 1969 1701 2011 primo

235 2021 363 2062 quidem
387 2023 490 2063 legum
513 2023 687 2054 custodiam
712 2025 873 2055 habeant:
900 2023 1015 2055 deinde
1043 2024 1140 2055 etiam
1163 2024 1349 2060 tabularum,
1365 2024 1416 2055 ubi
1433 2024 1567 2066 quisque
1578 2023 1701 2065 magni-

235 2075 381 2106 tudinem
408 2077 456 2107 sui
485 2088 597 2107 census
622 2078 853 2119 conscripserit.
876 2078 977 2119 sitque
1005 2079 1154 2109 maximus
1174 2088 1288 2109 census
1312 2078 1465 2110 minarum
1480 2083 1635 2120 quatuor:
1653 2088 1703 2108 se-

235 2130 356 2161 cundus
381 2131 497 2161 trium:
524 2132 656 2162 duarum
683 2132 817 2162 tertius:
843 2138 971 2173 quartus
1004 2133 1106 2163 unius.
1152 2132 1248 2168 Quod
1277 2132 1302 2162 si
1330 2133 1399 2173 quis
1430 2132 1513 2173 plus,
1545 2142 1639 2174 quam
1666 2131 1700 2162 in

234 2184 354 2215 tabella
377 2185 530 2225 scriptum
558 2185 693 2222 dederit,
720 2185 835 2217 habere
863 2185 1141 2227 deprehendatur;
1164 2185 1250 2227 quod
1280 2191 1433 2227 superest,
1446 2186 1611 2227 publicum
1622 2185 1698 2216 fiat:

234 2244 387 2278 praeterea
398 2248 467 2269 reus
484 2239 525 2269 sit
536 2239 670 2270 volentis
685 2250 757 2271 eum
782 2244 932 2282 tanquam
957 2240 1106 2271 infamem
1123 2250 1281 2276 accusare,
1297 2239 1424 2282 quando
1437 2245 1564 2281 propter
1578 2239 1700 2271 lucrum

234 2303 382 2334 spernere
412 2293 500 2334 leges
527 2293 717 2325 inveniatur.
741 2300 835 2335 atque
866 2304 950 2332 eum,
972 2295 1149 2336 quicunque
1179 2294 1323 2331 voluerit,
1338 2294 1437 2336 turpis
1466 2294 1545 2325 lucri
1569 2294 1699 2325 nomine

235 2348 320 2388 apud
348 2347 450 2388 legum
477 2347 625 2379 custodes
652 2354 788 2379 accuset.
811 2354 843 2380 et
873 2350 928 2390 qui
955 2349 1122 2380 damnatus
1149 2349 1220 2385 erit,
1245 2349 1439 2390 publicarum
1467 2348 1700 2390 possessionum

232 2401 274 2431 sit
300 2412 429 2442 expers:
455 2413 491 2433 ac
518 2403 544 2434 si
571 2412 634 2444 qua
662 2402 813 2433 bonorum
842 2403 877 2433 in
906 2404 1033 2434 civitate
1065 2403 1241 2434 distributio
1270 2403 1428 2440 fiat,nihil
1450 2408 1565 2444 praeter
1582 2407 1698 2434 sortem

233 2455 364 2496 primam
394 2457 519 2497 assequi
549 2456 671 2498 possit:
699 2457 796 2499 [755]
837 2457 1082 2499 damnatumque
1110 2459 1215 2499 ipsum
1245 2468 1326 2495 esse,
1358 2457 1510 2500 quamdiu
1538 2457 1628 2493 vivit,
1656 2456 1700 2487 ibi

233 2509 398 2546 scribatur,
423 2510 487 2546 ubi,
513 2511 693 2552 quicunque
721 2512 865 2547 voluerit,
880 2513 981 2553 possit
1011 2514 1124 2554 legere.
1148 2518 1254 2544 custos
1277 2517 1382 2544 autem
1407 2512 1511 2553 legum
1536 2521 1601 2542 non
1625 2511 1698 2551 plus

232 2573 326 2603 quarn
343 2573 440 2594 minos
457 2564 567 2606 viginti
591 2566 673 2596 hunc
700 2565 815 2596 babeat
838 2567 1051 2607 magistratum
1071 2578 1079 2597 ε
1104 2577 1162 2598 nec
1189 2566 1354 2608 pauciores
1377 2570 1469 2596 natus
1489 2574 1586 2606 quam
1606 2565 1698 2605 quiu-

231 2616 386 2657 quaginta
400 2628 470 2649 eum
487 2625 584 2659 gerat.
610 2630 645 2650 ac
673 2619 699 2650 si
725 2620 952 2661 sexagesimum
983 2621 1084 2651 aetatis
1112 2631 1229 2651 anuum
1255 2630 1350 2661 agens
1375 2619 1586 2660 magistratum
1614 2619 1697 2649 hunc

232 2676 344 2702 nactus
360 2677 418 2707 est,
435 2673 533 2703 solum
561 2674 669 2713 praesit
698 2674 908 2705 decennium:
935 2676 992 2706 hac
1017 2676 1124 2716 utique
1153 2675 1285 2710 ratione,
1303 2673 1408 2715 utqui
1431 2673 1699 2714 septuagesimum

231 2734 349 2755 annum
362 2727 538 2762 excesserit,
554 2734 675 2758 tantum
708 2729 924 2769 magistratum
950 2740 1014 2760 nou
1041 2735 1158 2760 teneat.
1180 2730 1247 2760 haec
1263 2728 1358 2770 igitur
1372 2727 1433 2758 tria
1446 2726 1487 2758 de
1504 2727 1611 2768 legum
1627 2737 1697 2758 cus-

232 2778 357 2809 todibus
374 2786 531 2820 praecepta
560 2781 632 2813 siut.
659 2782 891 2822 proficientibus
918 2793 991 2814 vero
1018 2784 1151 2825 legibus,
1167 2783 1268 2825 quivis
1289 2782 1406 2824 poterit
1428 2781 1476 2812 his
1501 2782 1572 2812 viris
1588 2782 1699 2824 proeci-

231 2843 319 2874 pere,
335 2843 465 2875 quorum
493 2834 627 2865 maxime
643 2846 746 2867 curam
772 2842 885 2878 praeter
909 2847 957 2873 ea,
975 2848 1044 2878 quae
1060 2838 1154 2868 modo
1178 2837 1325 2872 diximus,
1342 2835 1457 2867 habere
1471 2846 1526 2867 eos
1540 2841 1697 2877 oporteat-

232 2898 316 2920 nunc
341 2898 412 2919 vero
442 2897 500 2919 nos
529 2889 680 2930 dciuceps
711 2891 750 2922 de
777 2891 906 2923 aliorum
932 2891 1168 2934 magistratuum
1183 2891 1309 2924 delectu
1324 2890 1475 2922 dicamuS.
1519 2889 1597 2922 Post
1627 2890 1695 2921 haec
