1840 3225
149 253 225 291 518
604 249 868 290 PLATONIS
900 250 1143 292 DIALOGI.
1213 253 1218 257 ”
1508 253 1607 305 [390

1300 304 1309 319 1

146 364 218 385 111115
231 354 338 396 itaque
355 353 534 396 diligenter,
549 362 686 391 omnem,
700 354 784 396 quod
799 354 926 392 dicitur,
941 355 1107 386 rudentem
1121 359 1297 392 moventes,
1313 358 1346 386 et
1355 364 1481 386 omnem
1491 364 1602 386 vocem

146 408 338 442 emittentes,
383 408 468 447 Vide
493 418 565 439 vero
595 418 658 439 una
686 419 808 440 mecum
836 410 895 440 hoe
909 420 916 439 :
940 409 1028 440 Num
1058 409 1125 440 fieri
1147 419 1240 451 posse
1265 414 1359 451 putas
1385 414 1420 439 ut
1443 409 1537 440 homo
1563 409 1604 440 de

146 463 266 493 musica
281 463 451 500 consultet,
467 463 522 503 qui
536 473 601 493 non
616 463 676 494 scit
691 463 730 494 de
747 463 875 500 musica,
890 474 992 505 neque
1006 464 1162 506 quomodo
1179 464 1297 495 cithara
1311 462 1466 505 pulsanda
1480 463 1532 500 sit,
1544 473 1603 494 ne-

146 526 209 557 que
224 516 379 558 quomodo
392 517 476 547 aliud
490 516 567 557 quid
582 527 623 547 ex
637 517 683 547 his
697 528 765 558 quae
781 518 820 548 ad
834 518 986 549 musicam
1001 518 1171 559 pertinent,
1187 518 1368 549 faciendum
1381 518 1392 548 ?
1437 518 1503 550 st.
1526 517 1604 548 Non

146 573 218 610 e‘go.
262 571 337 603 Soc.
361 571 448 608 Quid
471 581 545 602 vero
567 571 606 601 de
632 571 763 611 imperio
786 571 926 611 militari,
952 578 1006 602 aut
1026 578 1092 603 arte
1119 572 1360 613 gubernatoria?
1382 575 1517 614 putasne
1532 582 1606 603 eum

147 624 202 665 qui
228 631 374 656 neutram
397 626 509 655 harum
534 625 646 655 artium
675 626 773 661 novit,
789 625 963 667 consultare
980 625 1056 667 quid
1072 636 1165 667 posse
1178 626 1218 656 de
1228 627 1378 657 alterutra
1392 636 1434 657 ex
1448 625 1508 662 his,
1523 624 1604 666 quid

147 677 209 720 ipsi
223 680 405 710 faciendum
419 679 470 715 sit,
486 689 526 709 an
539 679 735 710 militandum
753 689 792 710 an
808 680 1043 721 gubernandum
1060 680 1120 722 ipsi
1132 680 1285 721 ignoranti
1302 679 1504 721 quidsittum
1513 689 1604 711 exer-

145 733 243 764 citum
258 733 384 769 ducere,
399 738 466 764 tum
481 732 653 774 gubernare
670 733 680 763 ?
727 733 791 764 Sis.
815 732 899 764 Non.
944 734 1017 765 Soc.
1041 734 1128 765 Num
1143 735 1238 765 etiam
1252 734 1291 765 de
1306 734 1376 764 aliis
1387 733 1531 764 omnibus
1541 743 1608 764 rem

146 786 193 818 ita
205 797 237 818 se
252 787 367 819 habere
383 797 505 823 censes,
518 791 553 817 ut
566 786 606 817 de
620 787 734 828 quibus
744 787 814 828 quis
828 798 893 818 non
905 789 974 824 scit,
989 789 1028 819 de
1037 789 1113 830 ipsis
1127 800 1184 820 nec
1204 789 1282 820 scire
1304 798 1408 830 neque
1432 787 1610 819 consultare

146 841 248 883 possit
271 841 323 882 qui
349 851 412 872 non
438 841 521 873 scit?
568 841 634 872 S1s.
657 841 726 882 Ego
749 846 845 872 certe.
890 842 966 873 Soc.
992 842 1056 873 Sed
1070 832 1216 884 ⁷quaerere
1243 843 1282 874 de
1310 842 1358 873 his
1373 852 1444 883 quae
1460 842 1530 883 quis
1543 851 1610 872 non

147 896 205 927 scit
230 900 345 937 potest.
367 895 510 936 nunquid
529 895 539 925 ?
584 895 651 926 S1s.
681 895 836 925 Maxime.
879 895 954 926 Soc.
979 896 1129 932 Quaerere
1158 907 1241 938 ergo,
1270 907 1336 927 non
1363 896 1450 927 idem
1476 895 1612 936 amplius

145 949 238 980 fuerit
262 949 349 990 quod
373 949 560 982 consultare.
605 949 670 980 815.
691 948 860 986 Quomodo
885 949 996 980 istud?
1041 951 1118 982 Soc.
1141 951 1301 988 Quoniam
1326 959 1468 991 quaerere
1482 949 1610 990 quidem

148 1013 190 1033 ex
213 1004 260 1034 his
284 1009 336 1035 est
358 1014 428 1045 quae
448 1004 518 1045 quis
539 1014 602 1034 11011
617 1004 699 1034 scit:
724 1004 901 1035 consultare
916 1014 1004 1040 vero,
1019 1004 1087 1035 fieri
1099 1015 1164 1035 non
1182 1015 1275 1046 posse
1290 1004 1415 1035 videtur
1429 1003 1468 1034 ab
1483 1003 1610 1034 bomine

148 1057 230 1088 circa
257 1067 296 1088 ea
325 1067 396 1099 quae
425 1057 495 1098 quis
521 1067 585 1088 non
614 1057 702 1088 sciat.
749 1057 866 1088 Annon
891 1058 936 1088 ita
964 1057 1083 1089 dictum
1111 1065 1160 1089 est
1175 1059 1186 1089 ?
1242 1059 1309 1091 S1s.
1333 1058 1490 1089 Maxime.
1533 1057 1610 1088 Soc.

145 1110 262 1142 Nonne
278 1121 331 1142 vos
344 1111 411 1142 heri
426 1111 614 1152 quaerebatis
625 1116 660 1142 ut
675 1112 793 1153 optima
808 1112 928 1142 civitati
944 1113 1138 1149 inveniretis,
1155 1123 1220 1143 non
1235 1119 1339 1143 autem
1353 1112 1490 1142 novistis
1514 1112 1586 1153 ipsa
1599 1112 1610 1142 ἓ

147 1164 182 1195 81
205 1165 288 1196 enim
313 1165 494 1201 novissetis,
519 1176 582 1196 11011
606 1166 742 1207 amplius
753 1176 829 1196 sane
844 1166 914 1207 ipsa
938 1166 1182 1206 quaesivissetis:
1211 1165 1475 1208 quemadmodum
1503 1175 1609 1207 neque

147 1219 234 1250 aliud
257 1219 428 1260 quicquam
452 1229 492 1249 ex
515 1219 565 1249 his
586 1230 656 1260 quae
679 1220 805 1256 scimus,
823 1220 1001 1259 quaerimus.
1044 1219 1223 1261 Nunquid?
1270 1220 1336 1251 815.
1361 1219 1436 1250 Νο11
1450 1219 1611 1260 equidem.

148 1273 225 1304 Soc.
247 1272 334 1303 Num
356 1273 451 1313 igitur
473 1273 531 1303 tibi
555 1273 688 1310 videtur,
711 1283 730 1304 o
746 1274 889 1315 Sisyphe,
905 1283 1043 1313 quaerere
1058 1279 1112 1304 aut
1127 1274 1248 1304 discere
1263 1278 1420 1314 oportere,
1436 1273 1533 1315 siquis
1545 1284 1609 1305 non

146 1327 249 1359 sciat?
295 1327 360 1358 Srs.
384 1326 513 1357 Discere
529 1337 616 1362 sane,
633 1337 688 1367 per
714 1327 840 1357 Jovem.
874 1326 970 1367 [390]
1007 1327 1083 1358 800.
1107 1327 1209 1359 Recte
1224 1327 1280 1359 tibi
1298 1327 1430 1358 videtur.
1473 1327 1520 1358 At
1534 1338 1610 1359 num

149 1382 188 1412 ob
215 1383 273 1412 hoc
304 1381 361 1411 tibi
389 1381 515 1411 videtur
530 1379 651 1410 discere
668 1380 774 1421 potius
788 1386 931 1421 oportere
947 1391 1042 1422 quam
1058 1392 1208 1422 quaerere,
1225 1380 1312 1422 quod
1329 1382 1423 1412 citius
1437 1386 1470 1412 et
1483 1381 1609 1414 facilius

146 1435 304 1466 invenerit
327 1435 406 1475 quis,
434 1435 460 1464 si
475 1445 493 1465 a
508 1434 680 1465 scientibus
695 1434 807 1470 discat,
824 1445 914 1475 quam
931 1434 957 1464 si
970 1435 1039 1475 ipse
1054 1445 1116 1465 non
1131 1436 1234 1465 sciens
1249 1435 1389 1476 quaerat?
1412 1443 1453 1466 an
1470 1436 1510 1465 ob
1523 1435 1609 1467 aliud

149 1489 248 1531 quid?
293 1489 359 1520 Srs.
382 1488 469 1524 Non,
494 1488 551 1519 sed
572 1487 611 1518 ob
634 1489 693 1519 hoc
720 1488 834 1528 ipsum.
878 1488 955 1519 Soc.
978 1488 1065 1525 Quid
1092 1488 1187 1529 igitur
1210 1499 1267 1519 vos
1295 1489 1373 1528 heri,
1386 1499 1451 1519 non
1466 1489 1611 1529 neglecta

149 1543 388 1578 consultatione,
413 1541 454 1572 de
466 1541 513 1571 his
527 1552 596 1582 quae
611 1552 676 1571 non
688 1542 831 1578 novistis,
845 1547 879 1572 et
893 1543 1038 1582 neglecta
1048 1542 1253 1583 inquisitione
1269 1553 1338 1584 quae
1353 1543 1470 1583 optima
1487 1543 1610 1574 civitati

148 1602 254 1628 essent
267 1595 472 1637 transigendi,
489 1595 527 1626 ab
543 1595 647 1636 aliquo
662 1595 782 1626 sciente
798 1596 968 1626 discebatis
981 1597 1137 1636 quomodo
1149 1606 1219 1637 quae
1235 1596 1356 1637 optima
1370 1602 1475 1627 essent
1490 1597 1610 1628 civitati

148 1652 317 1692 transigere
337 1650 471 1691 possetis
488 1650 498 1680 ?
544 1650 607 1680 Sed
629 1649 782 1680 videmini
795 1649 874 1680 mihi
889 1654 986 1680 totam
1003 1650 1179 1680 hesternam
1195 1650 1291 1687 diem,
1309 1656 1341 1681 et
1355 1650 1517 1693 principes
1531 1651 1609 1682 civi-

149 1706 233 1742 tatis,
260 1709 293 1736 et
316 1711 353 1736 tu
378 1715 448 1735 cum
475 1703 566 1745 ipsiS,
592 1713 648 1745 per
672 1713 728 1734 vos
753 1703 840 1744 ipsos
866 1703 1081 1745 excogitantes
1097 1710 1129 1734 et
1144 1704 1324 1735 divinantes
1338 1703 1378 1735 de
1394 1705 1444 1736 his
1459 1715 1529 1746 quae
1542 1715 1608 1736 nou

146 1759 290 1796 novistis,
316 1758 507 1795 consedisse,
535 1758 680 1798 neglecto
695 1767 733 1788 eo
747 1763 782 1788 ut
796 1758 970 1789 disceretis.
1017 1758 1171 1789 Fortassis
1187 1764 1294 1789 autem
1309 1759 1424 1789 dixeris
1440 1761 1507 1789 haec
1523 1768 1542 1789 a
1559 1769 1606 1790 me

149 1825 207 1856 per
231 1813 350 1850 ludum,
379 1811 603 1853 disputationis
628 1813 728 1843 solum
755 1812 864 1854 gratia,
891 1811 932 1842 ad
957 1818 987 1843 te
1004 1812 1078 1849 dici,
1096 1818 1129 1843 et
1142 1823 1206 1843 non
1223 1813 1303 1843 serio
1320 1813 1377 1844 tibi
1393 1814 1608 1844 demonstrata

149 1879 241 1900 esse:
264 1878 373 1899 verum
398 1872 431 1897 tu
455 1877 551 1902 nunc,
580 1876 599 1896 o
627 1867 774 1908 Sisyphe,
804 1867 863 1896 hoc
883 1877 940 1907 per
965 1866 1078 1898 Jovem
1102 1868 1183 1898 serio
1211 1866 1396 1898 considera:
1421 1866 1456 1899 Si
1470 1864 1608 1902 daretur,

151 1923 337 1958 consultare,
360 1921 482 1962 aliquid
509 1930 590 1957 esse,
613 1926 647 1951 et
669 1931 734 1951 non
759 1921 1021 1961 quemadmodum
1046 1931 1129 1952 nunc
1155 1921 1234 1951 nihil
1247 1920 1334 1951 aliud
1346 1920 1499 1962 reperitur
1511 1929 1607 1960 quam

151 1976 281 2008 scientia
297 1981 328 2006 et
342 1976 521 2017 conjectura
535 1979 568 2005 et
582 1974 785 2015 excogitatio,
797 1975 841 2005 ita
856 1980 891 2005 ut
902 1975 1030 2005 nomine
1044 1976 1143 2005 solum
1160 1975 1220 2005 hoc
1233 1974 1432 2016 praeclariore
1447 1979 1564 2010 utatur,
1578 1979 1612 2004 et

150 2031 239 2061 nulla
253 2031 314 2060 alia
327 2040 360 2060 re
375 2041 383 2060 :
406 2039 483 2059 num
494 2035 588 2070 putas
602 2039 639 2059 ea
652 2040 683 2059 re
697 2029 776 2059 alios
789 2029 827 2059 ab
838 2030 906 2059 aliis
917 2029 994 2070 quid
1006 2029 1142 2065 differre,
1158 2030 1197 2059 ad
1211 2029 1269 2060 hoc
1278 2034 1314 2059 ut
1324 2036 1406 2059 recte
1418 2028 1611 2064 consumat,

151 2089 185 2115 et
208 2084 291 2114 bono
306 2082 436 2114 consilio
450 2087 603 2123 praestent
618 2094 625 2112 z
650 2082 917 2123 quemadmodum
933 2083 1030 2114 etiam
1044 2083 1076 2113 in
1094 2083 1162 2113 aliis
1178 2083 1324 2113 omnibus
1334 2082 1485 2119 scientiis,
1499 2081 1553 2112 alii
1569 2082 1610 2113 ab

149 2137 219 2168 aliis
243 2137 403 2173 differunt,
429 2136 530 2167 fabria
544 2136 651 2175 fabiis,
665 2124 778 2167 medici
794 2147 812 2167 a
826 2137 968 2173 medicis,
984 2137 1130 2167 tibicines
1145 2147 1164 2167 a
1179 2137 1372 2174 tibicinibus,
1385 2142 1418 2168 et
1432 2137 1488 2167 alii
1501 2147 1611 2168 omnes

150 2191 281 2233 opifices
295 2189 512 2231 ipsiaseipsis
525 2189 701 2220 differunt?
725 2191 813 2221 velut
838 2191 935 2221 etiam
955 2191 987 2220 111
1009 2191 1043 2221 in
1070 2191 1116 2221 his
1141 2191 1268 2227 artibus,
1290 2201 1364 2221 num
1391 2190 1437 2221 sic
1461 2189 1559 2221 etiam
1573 2190 1607 2221 in

151 2244 359 2277 consultando
375 2244 452 2274 alios
468 2243 507 2274 ab
523 2243 594 2273 aliis
609 2243 735 2274 differre
750 2249 843 2284 putas
858 2244 869 2273 ?
915 2245 980 2275 Srs.
1003 2244 1072 2284 Ego
1088 2249 1172 2274 certe
1186 2250 1272 2285 puto.
1317 2244 1393 2275 Soc.
1418 2243 1479 2275 Dic
1500 2243 1608 2286 itaque

150 2298 227 2329 1111111
242 2310 248 2327 ;
273 2307 377 2328 11011118
393 2307 502 2327 01111185
516 2302 548 2327 81
562 2297 616 2338 qui
631 2297 714 2328 bene
727 2299 921 2338 consultant,
937 2303 971 2328 et
985 2299 1038 2338 qui
1053 2299 1147 2333 male,
1163 2298 1202 2328 de
1218 2297 1404 2338 quibusdam
1419 2308 1489 2338 quae
1504 2298 1610 2328 futura

152 2358 224 2384 sunt
250 2351 456 2383 consultant?
501 2350 565 2381 815.
589 2352 739 2382 Maxime.
783 2352 859 2382 Soc.
884 2351 983 2382 Aliud
1004 2351 1100 2391 igitur
1121 2351 1195 2392 quid
1212 2362 1303 2392 quam
1319 2361 1389 2392 quae
1404 2351 1509 2382 futura
1523 2357 1609 2389 sunt,

152 2407 292 2438 nondum
319 2411 391 2436 suut
407 2406 417 2435 ?
463 2405 530 2436 Sis.
554 2403 629 2435 Non
655 2405 814 2446 equidem.
869 2406 945 2436 Soc.
968 2405 1001 2435 Si
1027 2405 1112 2435 enim
1139 2411 1256 2441 esseut,
1283 2415 1347 2436 non
1371 2405 1473 2436 adhuc
1503 2405 1610 2436 futura

151 2466 266 2496 essent,
277 2461 330 2490 sed
343 2460 410 2502 jam
419 2464 532 2490 essent.
547 2459 689 2500 nunquid
707 2459 717 2489 ?
764 2460 830 2490 815.
854 2458 970 2491 Etiam.
1017 2460 1094 2491 Soc.
1118 2459 1245 2495 Nonne,
1260 2459 1287 2489 si
1299 2469 1362 2489 non
1372 2459 1608 2501 quodammodo

150 2520 235 2551 511111,
256 2515 302 2546 sic
325 2524 429 2554 neque
450 2513 536 2543 facta
561 2519 635 2544 sunt
660 2523 698 2544 ea
721 2523 789 2554 quae
812 2524 875 2544 11011
891 2514 990 2543 sunt?
1037 2513 1102 2544 815.
1127 2513 1200 2544 Non
1216 2524 1304 2545 sane.
1350 2514 1426 2544 Soc.
1449 2512 1566 2544 Nonne
1581 2513 1608 2544 si

151 2570 293 2600 nondum
317 2569 400 2598 facta
424 2573 509 2603 sunt,
531 2568 669 2597 nondum
695 2572 836 2598 naturam
850 2567 945 2598 ullam
963 2567 1102 2597 habent?
1147 2568 1213 2599 815.
1237 2567 1310 2598 Non
1327 2567 1486 2608 equidem.
1530 2567 1610 2598 Soc.

151 2623 250 2654 Aliud
280 2622 374 2663 igitur
396 2620 473 2662 quid
498 2631 603 2662 quam,
626 2626 658 2652 et
679 2621 732 2663 qui
755 2621 835 2652 bene
865 2621 1053 2658 consultant,
1079 2626 1113 2651 et
1133 2621 1189 2661 qui
1212 2621 1306 2657 male,
1327 2631 1437 2652 omues
1462 2621 1503 2652 de
1516 2621 1609 2651 rebus

149 2677 331 2709 consultant
346 2686 414 2715 quae
430 2684 531 2715 neque
547 2680 631 2711 sunt,
648 2684 751 2715 neque
767 2675 857 2706 facta:
873 2679 958 2709 sunt,
973 2685 1078 2716 neque
1092 2681 1235 2705 naturam
1251 2675 1346 2705 ullam
1361 2675 1487 2710 habent,
1508 2684 1605 2715 quum

151 2731 192 2763 de
206 2730 319 2762 futuris
336 2729 538 2760 consulteut?
584 2729 650 2760 815.
674 2728 832 2760 Videntur
846 2739 933 2759 saue.
977 2729 1052 2761 Soc.
1077 2729 1212 2760 Videtur
1237 2729 1331 2769 igitur
1344 2727 1414 2764 tibi,
1430 2727 1497 2758 fieri
1511 2737 1607 2768 posse

150 2791 184 2816 ut
197 2785 265 2826 quis
278 2784 311 2814 id
326 2782 411 2824 quod
426 2793 490 2812 11011
504 2787 564 2818 est,
580 2783 660 2813 bene
682 2788 736 2813 aut
760 2784 842 2813 male
869 2788 1053 2823 assequatur
1069 2783 1079 2812 ?
1124 2783 1191 2813 815.
1216 2780 1384 2819 Quomodo
1414 2782 1471 2812 hoc
1499 2781 1579 2811 dicis
1595 2781 1608 2811 ἓ

151 2841 227 2871 Son.
251 2838 320 2879 Ego
333 2837 392 2868 tibi
406 2846 558 2876 exponam
573 2836 605 2866 id
622 2837 708 2876 quod
731 2837 837 2868 dicere
861 2838 943 2868 volo.
989 2837 1163 2869 Considera
1188 2835 1296 2867 enim:
1321 2833 1479 2876 quomodo
1505 2833 1605 2876 [391]

150 2894 234 2924 inter
248 2892 362 2922 multos
376 2889 566 2931 sagittarios.
583 2890 656 2930 quis
669 2901 710 2920 ex
721 2891 798 2932 ipsis
813 2892 912 2922 bonus
927 2897 980 2922 aut
995 2892 1096 2922 malus
1110 2891 1163 2930 sit,
1176 2898 1364 2931 cognoscere
1373 2898 1482 2929 posses
1494 2889 1505 2918 ?
1552 2887 1606 2918 An

150 2948 209 2978 hoc
234 2945 361 2987 quidem
388 2944 511 2975 difficile
538 2943 664 2983 cognitu
692 2954 757 2976 non
779 2945 850 2976 est?
875 2946 1010 2977 fortassis
1037 2946 1122 2976 enim
1141 2944 1270 2986 jusseris
1290 2944 1375 2984 ipsos
1403 2943 1442 2974 ad
1470 2951 1602 2984 scopum
