1840 3225
162 194 257 244 894]
607 193 680 231 DE
708 191 936 231 LEGIBUS
968 193 1065 232 LIB.
1098 195 1146 232 X.
1532 197 1608 234 413

158 297 312 338 posterius
326 302 396 328 sunt
412 302 443 328 et
458 301 554 327 artem
567 295 824 338 intellectumque
840 304 1020 337 sequuntur.
1065 297 1141 328 Cur.
1165 297 1229 328 Cur
1243 306 1305 328 non
1314 303 1398 328 recte
1414 298 1425 327 ?
1472 297 1611 329 Aruns.

160 353 246 389 Quia
273 358 410 383 naturam
436 350 666 391 generationem
685 350 769 382 circa
792 350 893 392 prima
907 350 1011 381 dicere
1028 351 1147 387 volunt,
1161 352 1322 393 primaque
1337 356 1457 393 ponunt
1471 362 1611 393 corpora.

159 406 186 436 si
201 411 304 437 autem
320 417 382 437 non
398 407 478 447 ignis
493 415 551 435 nec
567 405 632 440 a'er,
648 404 705 435 sed
720 405 824 435 anima
847 404 948 445 primo
972 415 1042 435 esse
1072 405 1240 441 videbitur,
1267 406 1371 436 anima
1390 406 1460 447 ipsa
1483 416 1611 447 corpore

158 461 314 502 antiquior
337 460 510 491 rectissime
537 459 735 489 affirmabitur
752 470 758 488 ι
782 464 815 488 et
830 459 895 488 haec
911 459 982 498 ipsa
997 459 1040 488 ita
1057 465 1167 489 natura
1181 466 1335 495 constare,
1351 460 1378 490 si
1393 461 1527 490 animam
1543 471 1611 491 cor-

159 515 284 555 poribus
300 515 502 555 antiquiorem
519 523 588 543 esse
604 513 797 543 constiterit:
823 512 913 542 aliter
927 522 1002 542 vero
1013 523 1220 554 nequaquam.
1268 512 1342 545 Ctr.
1368 513 1453 544 Vera
1466 515 1614 555 loqueris.

158 567 297 599 A‘rflss.
319 568 403 598 Num
419 568 568 607 deinceps
583 566 623 597 ad
640 568 705 598 liaec
721 567 764 597 ita
777 576 835 597 nos
851 567 1101 608 comparabimus
1118 567 1128 596 ?
1164 567 1240 598 CL1.
1256 567 1305 597 Ita
1320 578 1451 608 prorsus.
1473 569 1614 599 Arnen.

159 622 330 653 Rationem
345 622 567 653 cavillatoriam
580 621 787 661 fallacemque
801 620 968 661 fugiamus,
986 631 1035 657 ne,
1053 621 1080 652 si
1095 621 1172 651 forte
1185 621 1338 662 juvenilis
1361 622 1428 663 ipsa
1449 632 1507 653 nos
1522 633 1614 653 senes

158 676 317 712 fefellerit,
326 675 476 707 ridiculos
490 675 613 715 reddat,
625 675 845 716 videamurque
855 685 970 716 magna
985 675 1132 716 aggressi,
1146 686 1186 706 ne
1202 686 1296 717 parva
1310 677 1437 717 quidem
1452 678 1614 708 consecuti

159 730 265 761 fuisse.
288 730 316 760 si
329 740 450 760 amnem
464 729 654 770 profundum
670 730 876 771 rapidumque
893 735 955 760 tres
967 730 1029 770 ipsi
1042 730 1170 760 transire
1186 730 1348 766 vellemus,
1377 737 1408 760 et
1433 741 1492 770 ego
1509 731 1613 772 junior

157 784 244 815 vobis
270 784 446 825 fluctusque
474 784 573 824 magis
599 776 747 824 expersus
775 783 922 818 dicerem,
947 784 1121 824 periculum
1143 794 1193 814 me
1218 786 1360 825 primum,
1384 785 1472 815 vobis
1495 785 1525 815 in
1547 791 1614 816 tuto

157 838 285 874 relictis,
313 838 417 869 facere
447 844 600 879 oportere,
624 843 729 868 utrum
751 838 878 868 transiri
903 838 1016 868 fluvius
1031 849 1049 868 a
1064 839 1152 869 vobis
1169 839 1343 869 senioribus
1356 839 1467 880 possit,
1483 850 1523 870 an
1538 850 1613 876 non,

156 897 190 922 et
205 898 316 933 postea
329 893 412 923 facto
426 893 566 934 periculo
581 898 636 923 aut
649 893 765 923 hortari
783 902 836 923 vos
853 891 894 922 ad
909 892 1086 929 transitum,
1102 900 1165 928 aut,
1181 893 1208 923 si
1221 893 1344 924 transiri
1358 904 1422 924 non
1436 894 1546 934 possit,
1561 904 1612 925 me

156 947 257 977 solum
283 948 454 988 periculum
481 947 624 982 subiisse,
652 946 792 977 modeste
822 946 907 988 loqui
935 946 1066 977 viderer.
1098 957 1162 977 non
1188 947 1278 977 aliter
1304 946 1408 983 modo,
1436 958 1509 978 cum
1537 948 1615 978 ratio

155 1000 339 1041 profundior
353 1000 499 1031 adeunda
524 1001 574 1036 sit,
598 1000 757 1041 fermeque
773 1000 882 1031 vestris
899 1000 1013 1031 viribus
1037 1011 1098 1031 non
1128 1001 1330 1037 accessibilis,
1360 1012 1400 1032 ne
1427 1002 1615 1043 vertiginem

155 1055 364 1096 tenebrasque
393 1055 480 1085 vobis
505 1055 611 1090 faciat,
636 1054 733 1095 [893]
757 1054 798 1084 ad
814 1064 866 1084 eas
881 1064 938 1084 vos
953 1054 1142 1095 quaestiones
1157 1054 1329 1094 deducens,
1347 1056 1458 1096 quibus
1474 1057 1616 1087 consueti.

157 1119 221 1139 non
237 1109 323 1143 estis,
338 1115 432 1149 atque
450 1110 506 1139 hoc
530 1114 623 1149 pacto
634 1108 788 1138 dedecore
807 1108 994 1150 tristitiaque
1011 1108 1136 1144 afficiat,
1150 1109 1324 1149 periculum
1338 1110 1371 1140 in
1386 1121 1436 1140 me
1453 1111 1552 1151 primo
1571 1111 1615 1141 ita

157 1162 340 1194 faciundum
354 1173 479 1198 cense0‚
494 1169 528 1193 ut
546 1168 579 1192 et
595 1172 646 1192 me
669 1162 770 1202 ipsum
794 1161 985 1203 interrogem
1013 1169 1046 1192 et
1074 1163 1151 1193 mihi
1174 1164 1235 1204 ipsi
1257 1165 1475 1204 respondeam,
1500 1170 1532 1195 et
1554 1165 1615 1196 hoc

157 1222 251 1259 pacto
267 1217 353 1248 vobis
378 1218 412 1248 in
426 1222 495 1248 tuto
509 1216 711 1247 audientibus
733 1220 832 1245 totam
847 1216 928 1246 hanc
943 1216 983 1246 de
999 1217 1103 1247 anima
1126 1218 1370 1258 disputationem
1392 1224 1615 1259 pertranseam,

158 1282 220 1313 qua
233 1273 318 1314 prior
333 1282 402 1302 esse
417 1281 544 1312 corpore
557 1271 751 1301 ostendatur.
797 1269 874 1300 Cu.
898 1270 1040 1311 Optime,
1057 1272 1183 1312 hospeS,
1200 1272 1282 1312 loqui
1298 1272 1430 1312 videris3
1446 1272 1614 1313 facitoque,

158 1331 193 1356 ut
205 1326 295 1358 dicis.
340 1327 477 1356 Arnas.
501 1325 571 1366 Age
585 1326 689 1366 igitur,
704 1323 799 1354 modo
813 1324 915 1364 magis
930 1335 1024 1365 quam
1036 1336 1172 1366 unquam
1189 1326 1297 1356 Deum
1312 1327 1397 1356 omni
1412 1327 1514 1357 studio
1526 1327 1616 1358 invo-

158 1390 278 1417 cemus,
294 1391 365 1411 cum
380 1380 469 1411 Deos
484 1390 552 1410 esse
566 1379 733 1420 diligenter
748 1377 957 1409 demonstrare
975 1389 1122 1409 conemur
1136 1391 1142 1408 ε
1173 1380 1388 1421 rationemque
1405 1380 1616 1421 ingrediamur

157 1435 340 1466 rudentibus
364 1435 517 1465 tutissime
543 1434 651 1465 tensis.
675 1434 707 1463 in
730 1434 789 1464 hac
812 1439 918 1464 autem
943 1433 1156 1474 disputatione
1183 1433 1479 1475 interrogationibus
1506 1435 1616 1477 hujus-

157 1489 243 1521 modi
264 1490 308 1520 sic
335 1489 531 1520 securissime
558 1488 749 1529 respondere
766 1488 882 1518 videor.
906 1488 933 1518 si
954 1488 1024 1528 quis
1049 1495 1148 1528 roget,
1174 1488 1202 1518 Ο
1226 1489 1338 1524 amice,
1362 1495 1486 1519 stantne
1511 1490 1615 1520 omnia

156 1544 297 1585 nihilque
313 1550 473 1574 movetur:
501 1553 540 1573 an
556 1548 664 1573 contra
678 1548 740 1573 stat
760 1542 852 1578 nihil,
871 1548 985 1573 cuncta
1010 1543 1197 1573 moventur?
1227 1543 1276 1573 vel
1307 1543 1412 1584 aliqua
1440 1549 1615 1580 moventur,

158 1598 263 1639 aliqua
278 1598 482 1640 permanent?
512 1598 584 1628 huic
599 1597 707 1638 utique
722 1596 919 1638 respondebo
933 1607 1060 1627 manere
1077 1597 1149 1632 alia,
1165 1597 1229 1627 alia
1242 1607 1316 1627 vero
1331 1597 1459 1628 moveri.
1497 1598 1614 1630 Nonne

157 1653 192 1683 in
208 1653 312 1694 aliquo
327 1653 397 1683 loco
413 1657 495 1683 stant
507 1657 539 1682 et
561 1652 747 1682 moventur?
793 1651 937 1688 Quidni?
984 1651 1147 1682 Nonnulla
1171 1651 1204 1681 iu
1227 1661 1290 1681 una
1319 1651 1395 1681 sede
1421 1651 1455 1682 id
1484 1651 1614 1689 faciunt,

158 1707 311 1737 nonnuila
324 1707 357 1737 in
376 1707 527 1748 pluribus.
559 1705 658 1737 'Eane
675 1707 764 1742 dicis,
779 1717 848 1748 quae
865 1706 1014 1736 stantium
1037 1707 1070 1736 in
1097 1706 1200 1736 medio
1225 1705 1305 1736 vires
1331 1706 1469 1746 capiunt,
1491 1706 1525 1736 in
1549 1718 1613 1738 uno

159 1761 277 1792 moveri
291 1773 297 1790 :
315 1761 577 1802 quemadmodum
591 1761 701 1792 circuli
713 1769 791 1794 stare
805 1762 963 1797 dicuntur,
977 1761 1054 1791 licet
1069 1760 1319 1791 circumferentia
1335 1770 1440 1790 eorum
1453 1765 1590 1792 vertatur
1602 1762 1613 1791 ?

157 1815 209 1846 Ita
224 1825 358 1857 prorsus.
402 1815 610 1857 Intelligimus
624 1821 741 1851 autem,
758 1815 843 1857 quod
859 1815 892 1846 in
909 1816 966 1846 hac
981 1815 1196 1851 circulatione,
1214 1825 1285 1845 cum
1312 1814 1490 1856 hujusmodi
1511 1821 1614 1847 motus

157 1870 327 1901 maximum
342 1871 433 1901 simul
458 1871 682 1911 minimumque
705 1870 854 1900 circulum
878 1869 1103 1906 circumducat,
1128 1869 1301 1900 secundum
1325 1870 1557 1911 proportionem
1581 1881 1614 1901 se

157 1923 258 1965 ipsum
287 1924 455 1965 majoribus
472 1925 703 1966 minoribusque
725 1923 870 1965 dispertit
884 1936 890 1954 :
930 1930 962 1954 et
990 1924 1058 1965 ipse
1085 1934 1221 1965 quoque,
1248 1925 1449 1965 proportione
1478 1930 1613 1961 servata,

158 1977 258 2018 major
270 1983 319 2008 est
333 1984 365 2009 et
380 1979 491 2009 minor.
535 1979 706 2020 Propterea
722 1984 907 2009 cunctorum
919 1978 1020 2010 factus
1051 1983 1101 2009 est
1123 1978 1194 2009 fons
1217 1978 1428 2010 mirabilium.-
1440 1989 1504 2009 una
1529 1979 1614 2010 enim

160 2041 228 2062 cum
245 2033 368 2074 magnis
378 2034 545 2074 parvisque
561 2033 686 2064 circulis
696 2033 878 2064 velocitates
889 2031 1111 2074 tarditatesque
1119 2033 1344 2063 convenientes
1356 2032 1401 2063 ita
1411 2033 1563 2074 transigit,
1579 2037 1616 2064 ut

158 2087 343 2117 incredibile
358 2087 506 2129 quiddam
521 2097 670 2129 peragere
686 2087 839 2118 videatur.
862 2087 948 2118 Vera
961 2097 1082 2118 narras.
1103 2087 1134 2117 in
1147 2087 1253 2118 multis
1264 2097 1338 2117 vero
1362 2087 1488 2123 moveri,
1509 2086 1613 2118 dicere

160 2141 238 2172 milri
265 2141 391 2181 videris,
417 2152 612 2183 quaecunque
637 2152 675 2172 ex
701 2143 763 2173 alio
778 2143 810 2173 in
827 2142 920 2172 alium
936 2152 1063 2184 semper
1077 2147 1239 2172 transeunt
1260 2142 1384 2172 locum:
1413 2147 1447 2172 et
1468 2152 1614 2173 nonnun-

158 2204 254 2236 quam
278 2195 408 2237 alicujus
431 2196 527 2227 centri
543 2197 636 2227 unius
645 2196 790 2227 obtinent
801 2196 913 2237 basim,
929 2206 1157 2238 nonnunquam
1181 2196 1283 2236 plura,
1308 2206 1347 2226 eo
1375 2195 1459 2237 quod
1482 2197 1613 2228 circum-

159 2249 344 2281 volvantur:
372 2255 404 2280 et
418 2260 490 2281 cum
505 2251 628 2292 singula
641 2250 701 2281 sibi
715 2251 854 2281 invicem
879 2251 997 2292 passim
1020 2255 1194 2285 occurrant,
1219 2249 1246 2280 si
1269 2250 1423 2280 stantibus
1442 2250 1615 2282 resistenti-

157 2302 276 2344 busque
293 2303 386 2334 obvia
396 2304 486 2341 fiunt,
502 2305 702 2343 scinduntu13
733 2305 781 2335 sin
794 2315 869 2335 vero
881 2309 989 2335 contra
1003 2304 1074 2334 latis
1089 2314 1187 2334 unum
1213 2303 1314 2341 facta3
1343 2309 1405 2334 tam
1430 2305 1498 2335 haec
1519 2315 1614 2347 quam

158 2356 294 2397 ipsorum
308 2357 505 2394 intermedia,
521 2358 753 2400 conjunguntur
768 2364 862 2400 atque
878 2358 1119 2389 condensantur.
1164 2358 1277 2388 Fateor
1290 2358 1398 2399 utique
1421 2359 1488 2390 haec
1508 2359 1553 2390 ita
1579 2370 1613 2392 se

159 2411 334 2446 habere‚ut
349 2416 382 2441 tu
398 2411 454 2447 ais,
471 2412 557 2453 atqui
581 2413 751 2454 conjuncta
776 2412 969 2454 densataque
996 2419 1165 2453 augentur:
1195 2411 1354 2452 disjuncta
1381 2421 1454 2442 vero
1479 2413 1612 2446 rarefac—

159 2469 254 2505 taque
268 2465 462 2501 minuuntur,
477 2466 605 2506 quando
620 2466 702 2507 prior
716 2466 904 2508 singulorum
929 2466 1053 2496 habitus
1078 2471 1260 2508 permanet:
1290 2466 1416 2506 quando
1445 2477 1519 2498 vero
1547 2478 1612 2500 non

159 2526 333 2559 permanet,
351 2524 475 2559 propter
489 2524 619 2561 utraque
634 2520 791 2562 corruptio
811 2521 959 2562 sequitur.
985 2519 1082 2563 [894]
1108 2520 1143 2550 fit
1156 2520 1252 2561 igitur
1274 2520 1412 2551 omnium
1440 2523 1612 2563 generatio,

159 2573 286 2613 quando
300 2573 404 2614 passio
417 2572 563 2613 quaedam
578 2573 613 2603 fit
627 2585 633 2602 :
661 2584 730 2605 cum
747 2574 894 2606 videlicet
904 2575 1093 2616 principium
1108 2580 1200 2615 capto
1224 2575 1417 2606 incremento
1437 2575 1478 2605 ad
1502 2587 1612 2608 secun·

158 2627 232 2657 dam
246 2627 406 2668 perveniat
432 2627 678 2664 translationem,
705 2633 739 2659 et
763 2628 801 2659 ab
824 2630 882 2660 hac
903 2629 936 2660 in
963 2629 1133 2671 proximam
1149 2640 1155 2658 ε
1189 2639 1322 2669 cumque
1352 2628 1393 2659 ad
1423 2634 1484 2661 tres
1511 2640 1611 2672 usque

157 2681 345 2722 pervenerit,
360 2681 394 2712 in
406 2681 614 2712 sentientibus
628 2692 754 2713 sensum
769 2683 921 2714 habuerit.
943 2684 1000 2714 hac
1017 2693 1090 2725 ergo
1104 2683 1365 2714 transmutatione
1377 2689 1470 2725 atque
1481 2686 1611 2716 transla-

158 2735 244 2766 tione
272 2735 435 2777 quodlibet
460 2736 607 2777 gignitur.
641 2747 711 2768 vere
737 2742 843 2768 autem
867 2742 926 2774 est,
948 2738 1078 2779 quando
1097 2742 1270 2778 permanet.
1291 2738 1376 2779 quod
1401 2738 1429 2769 si
1455 2739 1487 2769 in
1516 2739 1610 2769 alium

157 2789 296 2821 habitum
311 2793 519 2836 permuta-tum
534 2790 585 2827 sit,
595 2790 660 2832 jam
675 2792 801 2833 penitus
815 2796 863 2822 est
877 2797 1066 2832 corruptum.
1081 2791 1204 2832 species
1217 2797 1359 2823 motuum
1369 2801 1487 2828 omnes,
1499 2797 1611 2834 praeter

159 2842 248 2879 duas,
263 2854 282 2875 o
296 2845 474 2886 amiei,jam
487 2845 633 2877 diximus.
679 2845 755 2877 CLr.
780 2846 866 2883 Quas
881 2845 952 2876 illas
967 2845 979 2876 ἓ
1026 2845 1165 2877 Arm-m.
1186 2846 1274 2882 Illos,
1288 2857 1308 2878 o
1327 2846 1409 2877 bone
1430 2846 1486 2881 vir,
1511 2850 1610 2876 motus

159 2896 298 2929 nondum
314 2898 458 2937 diximus,
473 2910 608 2942 quorum
623 2910 713 2942 paene
735 2900 833 2942 gratia
847 2904 914 2932 tota
939 2901 1005 2932 haec
1021 2900 1229 2933 consideratio
1254 2906 1312 2934 est.
1359 2899 1437 2931 (ἴω.
1460 2899 1522 2931 Die
1542 2899 1609 2941 pla-
