1840 3225
193 219 270 254 412
781 217 1049 257 PLATONIS
1554 224 1648 275 [891

193 321 327 361 flagellis
341 326 373 351 et
385 321 529 357 vinculis,
544 322 622 353 alios
634 323 800 359 dedecore,
817 323 893 354 alios
909 324 1018 355 exsilio
1034 328 1235 365 egestateque
1249 324 1438 366 puniendos.
1454 325 1539 358 itane
1554 327 1658 358 mina-

195 375 277 404 bitur
303 375 427 415 quidem
454 380 573 406 tantum
600 377 810 417 legumlator?
834 384 868 408 ut
894 384 1000 408 autem
1020 378 1052 408 in
1078 378 1304 419 legumlatione
1318 379 1553 421 persuasionem
1564 381 1660 413 minis

195 427 356 468 adjungat,
381 439 442 469 qua
470 430 604 471 mitiget,
633 431 712 461 nihil
743 432 864 462 curabit
880 433 890 462 ?
937 433 1013 464 (ῥυ.
1042 432 1190 469 Minime,
1220 434 1334 475 hospes
1351 444 1358 463 :
1397 433 1452 464 sed
1482 433 1507 465 si
1535 444 1599 476 qua
1625 435 1660 466 in'

195 482 412 522 hujuscemodi
427 484 518 514 rebus
540 485 586 514 vel
606 485 728 516 modica
742 486 902 527 persuasio
917 487 1052 517 inveniri
1067 492 1184 528 potest,
1197 497 1260 518 non
1281 487 1378 518 debet
1392 488 1589 529 legumlator,
1606 489 1661 530 qui

198 535 288 566 modo
304 537 437 578 alicujus
450 539 541 579 pretii
557 540 606 575 sit,
621 540 726 571 labore
737 541 812 571 iude
823 542 988 571 deterreri:
1006 542 1060 572 sed
1077 552 1168 582 quam
1181 542 1326 578 maximo,
1340 547 1375 572 ut
1386 541 1510 578 dicitur,
1524 542 1662 573 clamore

197 595 312 631 potest,
324 592 433 632 priscas
447 594 511 634 legi
527 596 674 626 auxilium
687 596 1020 637 serrc‚rationibusque
1036 596 1200 627 ostendere
1214 596 1299 637 quod
1311 596 1367 626 Dii
1379 596 1454 634 sint,
1469 602 1500 627 et
1512 607 1663 638 quaecun-

195 654 257 685 que
274 646 340 686 ipse
356 648 449 688 paulo
462 654 534 679 ante
551 649 680 680 dicebas
697 661 704 688 ;
729 656 821 691 atque
839 651 897 692 ipsi
914 651 975 692 legi
990 656 1023 681 et
1039 651 1096 681 arti
1111 651 1155 681 ita
1171 651 1342 692 suffragari,
1362 656 1398 680 ut
1421 651 1471 681 vel
1485 656 1596 681 natura
1612 651 1663 681 vel

196 709 258 729 non
285 701 389 732 minus
410 713 501 743 quam
529 710 641 735 natura
664 711 805 735 constare
832 705 974 741 affirmet,
989 716 1057 736 curn
1075 706 1191 735 mentis
1204 705 1306 746 ipsius
1319 704 1424 746 proles
1441 705 1514 740 sint,
1530 710 1566 734 ut
1577 709 1665 734 recta

194 755 273 785 ratio
291 761 456 787 monstrat:
481 767 575 798 quam
590 763 623 789 tu
639 760 734 790 modo
749 760 853 790 dicere
867 760 945 790 mihi
960 759 1074 790 videris
1089 766 1121 790 et
1139 770 1198 801 ego
1214 760 1320 790 credo.
1363 758 1501 788 Arnen.
1526 759 1555 789 Ο
1571 767 1663 799 para-

194 808 306 839 tissimi
321 811 417 841 animi
433 811 547 848 Clinia,
562 823 667 843 nonne
683 815 812 844 arduum
835 819 885 844 est
910 825 946 845 ea
971 814 1143 845 rationibus
1165 814 1324 855 prosequi,
1339 823 1408 854 quae
1425 813 1468 843 ita
1482 823 1539 853 per
1555 821 1665 842 omnes

196 863 361 905 divulgata
371 874 453 902 sunt,
467 866 595 908 ipsaque
608 867 727 908 prolixa
743 873 816 898 sunt
829 878 888 898 nec
905 868 1091 898 brevitatem
1108 868 1270 908 patiuntur
1286 868 1296 897 ἓ
1322 866 1398 898 Cn.
1414 866 1513 908 Quid,
1528 866 1666 907 hospes?

197 928 269 948 cum
295 923 358 949 tarn
385 920 485 950 multa
514 920 554 950 de
579 921 731 951 ebrietate
748 926 780 951 et
794 922 915 951 musica
931 922 1123 956 dicerentur,
1146 931 1214 951 earn
1231 920 1441 961 prolixitatem
1457 931 1546 961 aequo
1562 921 1666 951 animo

197 973 324 1004 tulimus
339 985 344 1002 :
370 973 409 1004 de
426 974 498 1004 Diis
512 985 585 1005 vero
600 975 777 1016 talibusque
798 975 891 1005 rebus
906 976 998 1015 plura
1013 975 1173 1006 dicentem
1187 985 1250 1005 non
1274 974 1519 1005 auscultabimus
1532 974 1543 1004 ?
1566 974 1666 1004 enim-

197 1037 270 1057 vero
298 1027 516 1067 legumlationi
546 1028 720 1069 prudenter
751 1029 910 1069 dispositae
940 1039 1086 1070 magnum
1111 1029 1186 1059 hinc
1216 1028 1423 1069 patrocinium
1447 1033 1495 1058 est
1516 1028 1667 1067 futurum,

200 1080 297 1122 [891]
322 1092 395 1111 cum
420 1081 523 1122 legum
548 1084 699 1113 mandata
721 1083 821 1113 literis
846 1082 972 1119 tradita,
991 1094 1061 1124 quae
1085 1088 1152 1114 toto
1176 1089 1318 1124 ternpore.
1333 1081 1438 1112 futuro
1453 1081 1668 1123 redargutioni

200 1133 344 1175 subjecta
355 1145 424 1165 esse
440 1136 555 1172 solent,
571 1137 615 1166 sic
631 1137 829 1177 comprobata
847 1137 1126 1178 quiescant.'quare
1143 1137 1249 1167 terreri
1263 1147 1328 1168 non
1340 1136 1490 1167 debemus
1501 1147 1509 1174 ;
1520 1137 1547 1166 si
1559 1135 1669 1166 auditu

201 1189 296 1218 ardua
312 1189 343 1218 in
359 1185 610 1231 principio'sunt,
628 1201 697 1231 qure
710 1190 761 1220 vel
773 1189 855 1220 tardi
870 1191 989 1232 ingenii
1004 1191 1146 1221 homines
1157 1191 1270 1232 saepius
1280 1190 1455 1232 repetendo
1471 1189 1669 1221 animadver-

199 1247 265 1273 tere
281 1248 438 1284 poterunt.
454 1245 520 1275 lure
532 1245 637 1285 igitur,
652 1245 728 1275 licet
743 1245 872 1285 prolixa,
887 1246 910 1275 si
926 1245 1020 1276 modo
1034 1245 1124 1275 utilia
1137 1251 1221 1285 sunt,
1232 1255 1302 1276 non
1311 1245 1458 1276 videntur
1470 1243 1647 1286 abjicienda
1661 1255 1670 1273 τ

201 1307 261 1327 nec
292 1308 416 1338 :equum
443 1304 490 1329 est
517 1300 573 1329 hos
592 1309 750 1330 sermones
777 1309 832 1340 pro
856 1299 970 1330 vitibus
991 1310 1057 1330 non
1083 1299 1267 1330 defendere.
1311 1299 1408 1330 Meo.
1433 1298 1566 1340 Optime
1581 1299 1670 1334 milri,

202 1351 327 1392 hospes,
360 1352 467 1382 Clinia
496 1353 581 1393 loqui
610 1353 745 1384 videtur.
791 1352 929 1383 Aram.
952 1353 994 1383 Et
1023 1353 1158 1384 maxime
1187 1353 1327 1394 quidem,
1349 1364 1367 1384 o
1387 1353 1522 1394 Megille
1541 1364 1547 1382 ε
1573 1362 1671 1393 quare

203 1405 382 1436 faciendum
398 1411 456 1442 est,
468 1412 502 1437 ut
517 1407 603 1439 dicit.
616 1408 756 1448 profecto
772 1406 834 1436 nisi
849 1417 1007 1438 sermones
1019 1407 1072 1438 isti
1083 1407 1166 1437 inter
1179 1418 1296 1444 onmes,
1307 1413 1342 1438 ut
1354 1407 1398 1438 ita
1414 1407 1556 1442 dixerim,
1570 1407 1670 1436 homi-

203 1470 259 1490 nes
276 1460 394 1500 vulgati
412 1467 526 1497 essent,
541 1461 619 1491 nihil
635 1472 714 1503 opus
730 1467 824 1497 esset,
842 1461 928 1492 Deos
943 1472 1021 1497 esse,
1045 1461 1219 1492 rationibus
1236 1462 1450 1492 demonstrare
1468 1473 1474 1490 :
1497 1471 1582 1491 nunc
1599 1470 1672 1491 vero

203 1525 331 1545 necesse
362 1520 419 1545 est.
444 1527 515 1546 cum
544 1516 640 1556 igitur
668 1517 809 1547 maximae
849 1517 937 1556 leges
967 1517 1006 1546 ab
1036 1515 1184 1557 improbis
1220 1515 1396 1546 hominibus
1425 1521 1674 1555 corrumpantur,

205 1569 364 1610 cujusnam
395 1570 494 1611 magis
521 1581 615 1611 quam
643 1571 856 1611 legumlatoris
883 1570 1017 1601 officium
1042 1575 1090 1601 est
1115 1570 1263 1600 auxilium
1293 1570 1396 1600 serre?
1443 1568 1521 1599 Cu.
1545 1568 1674 1600 Nullius

204 1628 301 1654 certe.
348 1624 483 1654 Arnrm.
507 1624 623 1655 Verum
640 1626 692 1656 dic
707 1626 795 1661 mihi,
814 1624 929 1660 Clinia,
947 1624 1151 1666 (participem
1176 1624 1259 1654 enim
1289 1630 1320 1655 te
1351 1623 1481 1655 rationis
1497 1623 1588 1665 hujus
1603 1613 1673 1653 esse

204 1677 356 1718 oportet),
379 1688 483 1708 nonne
513 1679 567 1719 qui
596 1680 662 1710 lraec
692 1680 781 1716 dicit,
811 1680 931 1721 ignem,
960 1684 1083 1715 terram,
1105 1689 1218 1720 aquam
1240 1684 1273 1709 et
1299 1678 1406 1710 ae'rem
1419 1677 1520 1720 prima
1534 1677 1672 1708 omnium

207 1736 319 1771 putare
335 1732 461 1763 videtur
478 1733 489 1763 ?
512 1738 605 1774 atque
636 1734 704 1764 haec
730 1733 839 1764 eadem
857 1740 999 1763 naturam
1015 1742 1138 1769 vocare,
1156 1738 1188 1763 et
1203 1743 1240 1762 ex
1256 1732 1303 1762 his
1318 1732 1521 1773 posteriorem
1537 1730 1673 1760 animaru

207 1784 346 1815 arbitrari
363 1786 373 1815 ἓ
399 1787 490 1817 innuo
518 1798 584 1818 non
611 1787 736 1818 videtur
765 1787 879 1828 solum,
910 1786 966 1817 sed
992 1787 1053 1817 ista
1079 1787 1170 1817 nobis
1195 1787 1334 1817 oratione
1351 1797 1407 1817 sua
1422 1796 1493 1816 vere
1509 1784 1676 1826 significat.

209 1839 285 1870 CLr.
308 1838 356 1870 It’a
373 1852 508 1882 prorsus,
551 1842 690 1873 Arnen.
713 1842 799 1873 Num
814 1842 919 1884 igitur,
932 1852 989 1883 per
1002 1841 1128 1878 Jovem,
1144 1841 1234 1884 quasi
1245 1841 1364 1871 fontem
1380 1839 1537 1881 quendam
1550 1839 1674 1868 inveni-

208 1903 279 1923 mus
294 1895 395 1925 stultae
410 1896 536 1926 illorum
551 1897 721 1938 opinionis,
737 1897 791 1938 qui
809 1906 947 1938 unquam
960 1897 1150 1937 quaestiones
1164 1906 1264 1926 rerum
1278 1894 1466 1925 naturalium
1479 1893 1648 1934 attigerunt
1663 1892 1673 1921 ἲ

209 1947 383 1985 considera,
400 1950 536 1987 obsecro,
553 1957 585 1982 et
599 1952 751 1983 rationem
764 1961 888 1982 omnem
906 1956 1056 1982 scrutare.
1078 1961 1140 1981 non
1155 1950 1240 1981 enim
1255 1959 1364 1991 parum
1376 1949 1519 1983 interest,
1532 1947 1559 1977 si
1570 1952 1675 1977 osten-

210 2001 347 2032 derimus
374 2014 438 2040 eos,
464 2005 518 2046 qui
546 2006 652 2046 impiis
673 2006 848 2036 rationibus
872 2006 1051 2036 innituntur
1066 2011 1249 2045 ceterosque
1266 2003 1307 2034 ad
1321 2003 1512 2044 impietatem
1535 2002 1675 2037 trahunt,

210 2065 272 2086 non
288 2062 373 2086 recte
386 2058 442 2088 sed
459 2068 604 2098 perverse
618 2060 780 2091 disserere.
804 2060 879 2089 milri
895 2059 989 2100 igitur
1005 2059 1044 2090 de
1061 2059 1108 2090 his
1124 2059 1168 2089 ita
1185 2058 1316 2089 videtur.
1360 2057 1438 2088 Cm.
1459 2056 1561 2087 Probe
1577 2054 1673 2085 dicis:

210 2109 267 2139 sed
297 2112 418 2141 coneris
447 2113 506 2143 ista
536 2113 713 2143 ostendere.
759 2113 898 2144 Arnen.
928 2112 973 2143 At
1003 2113 1131 2144 videbor
1157 2113 1326 2143 rationibus
1356 2112 1403 2142 uti
1424 2121 1488 2140 non
1505 2108 1677 2141 consuetis.

214 2163 290 2195 Cu.
314 2164 364 2194 Ne
382 2167 526 2206 verearis,
542 2167 653 2198 amice.
671 2167 815 2207 intelligo
825 2168 921 2203 enim,
938 2167 1024 2208 quod
1040 2167 1164 2209 putabis
1178 2166 1268 2207 longe
1285 2172 1316 2196 te
1329 2175 1347 2196 a
1359 2164 1523 2206 proposito
1533 2163 1677 2193 ferenda-

212 2228 276 2247 rurn
298 2217 400 2258 legum
415 2220 510 2256 abire,
527 2221 552 2250 si
565 2221 808 2262 disputationem
820 2222 899 2251 lianc
912 2221 1135 2261 ingrediamur.
1153 2230 1257 2251 verum
1272 2221 1374 2250 sinon
1387 2218 1477 2248 aliter
1489 2217 1678 2248 convincere

212 2281 386 2311 possumus,
401 2278 486 2304 recte
499 2283 533 2304 se
546 2275 671 2310 habere,
688 2285 756 2316 quae
774 2275 813 2305 de
830 2274 903 2304 Diis
919 2275 1093 2305 secundum
1108 2275 1211 2315 legem
1227 2273 1320 2304 modo
1333 2272 1490 2307 dicuntur,
1507 2270 1677 2302 dicendum

209 2331 258 2355 est
287 2327 426 2357 omnino.
471 2327 610 2360 Arum.
635 2328 748 2359 Dicam
776 2328 845 2369 jam
874 2338 988 2358 novam
1015 2329 1095 2358 hanc
1121 2338 1213 2369 paene
1239 2325 1476 2366 inauditamque
1505 2325 1655 2354 rationein
1670 2335 1677 2352 :

212 2381 294 2420 quod
323 2381 534 2422 generationis
562 2382 828 2423 corruptionisque
858 2382 995 2412 omniurn
1028 2382 1127 2422 prima
1152 2391 1246 2411 causa
1276 2385 1336 2415 est,
1366 2389 1430 2409 non
1453 2377 1600 2420 primum,
1621 2377 1679 2408 sed

214 2435 368 2475 posterius
397 2436 512 2466 facturn
535 2436 583 2466 illi
609 2446 769 2466 sermones
797 2435 997 2471 affirmarunt,
1022 2435 1074 2476 qui
1102 2435 1224 2464 animos
1241 2434 1355 2474 impios
1371 2433 1568 2463 effecerunt:
1593 2431 1677 2472 quod

212 2499 286 2519 voro
301 2490 463 2530 posterius,
478 2489 512 2520 id
525 2490 621 2531 prius.
645 2500 739 2531 quare
755 2499 857 2520 veram
874 2488 1016 2520 Deorum
1031 2488 1235 2519 substantiam
1259 2487 1451 2528 ignorarunt.
1475 2485 1574 2528 [892]
1599 2484 1680 2516 Cur.

216 2542 365 2573 Nondum
392 2544 544 2586 intelligo·
590 2543 728 2575 Arnen.
752 2543 865 2581 Qualis
887 2543 993 2573 anima
1014 2543 1053 2573 sit
1073 2549 1106 2573 et
1129 2551 1224 2584 quam
1239 2541 1353 2572 habeat
1369 2541 1443 2576 vim,
1458 2549 1568 2570 omnes
1583 2539 1680 2570 serrue

216 2597 375 2637 ignorasse
391 2598 547 2635 videntur,
562 2604 627 2629 tum
640 2598 744 2640 quoad
759 2598 821 2629 alia
836 2602 900 2628 tum
916 2597 1018 2637 quoad
1035 2596 1105 2637 ejus
1127 2595 1371 2638 generationem,
1387 2593 1471 2635 quod
1487 2598 1559 2624 ante
1575 2593 1681 2623 omnia

214 2661 345 2692 corpora
367 2658 440 2682 nata
466 2653 516 2688 sit.
536 2658 569 2683 et
591 2652 859 2683 transmutationis
874 2651 1059 2692 decorisque
1077 2661 1236 2692 corpomm
1252 2650 1323 2691 ipsa
1338 2649 1378 2679 sit
1393 2647 1526 2678 maxime
1542 2647 1679 2677 omnium

214 2705 373 2746 princeps.
396 2706 420 2736 εἰ
444 2707 510 2737 ltaec
537 2707 579 2737 ita
601 2707 673 2743 sint,
696 2717 801 2738 nonne
818 2716 888 2748 quae
904 2706 1015 2736 anirnae
1029 2706 1128 2746 ipsius
1152 2704 1279 2746 propria
1294 2707 1378 2737 sunt,
1389 2701 1564 2732 necessario
1581 2701 1683 2741 priora

216 2759 264 2789 his
274 2765 374 2795 erunt,
391 2770 461 2800 qua:
478 2760 517 2791 ad
533 2772 646 2802 corpus
661 2762 830 2803 pertinent,
845 2771 916 2792 cum
932 2761 1001 2801 ipsa
1017 2770 1146 2801 corpore
1159 2759 1200 2789 sit
1213 2755 1392 2798 antiquior?
1439 2754 1517 2786 Cu.
1540 2754 1682 2785 Necesse

216 2820 274 2844 est.
312 2813 450 2844 Arum.
475 2815 557 2855 Ergo
572 2816 690 2857 opinio,
708 2826 792 2852 cura,
807 2815 988 2846 intellectus
1002 2820 1034 2845 et
1047 2824 1095 2845 ars
1111 2819 1144 2844 et
1161 2813 1210 2844 lex
1223 2812 1308 2843 duris
1323 2815 1355 2841 et
1366 2809 1526 2844 mollibus,
1538 2808 1684 2850 gravibus

215 2874 309 2909 atque
326 2868 446 2898 levibus
462 2869 568 2910 priora
585 2879 667 2900 sunt.
690 2881 786 2912 quare
802 2869 946 2911 ingentia
968 2874 999 2900 et
1015 2869 1116 2911 prima
1131 2877 1225 2909 opera
1241 2864 1501 2907 operationesque
1520 2863 1595 2904 ipsae
1610 2861 1684 2892 artis

218 2924 248 2953 in
264 2923 371 2964 primis
386 2929 491 2955 erunt:
518 2934 586 2966 quae
604 2935 676 2955 vcro
689 2930 800 2956 natura
812 2930 928 2956 suntet
942 2931 1051 2956 natura
1064 2923 1144 2965 ipsa,
1160 2930 1254 2964 quam
1272 2929 1335 2952 non
1352 2924 1436 2951 recte
1448 2918 1493 2950 sic
1509 2917 1685 2958 appellant,
