1840 3225
168 209 264 260 353]
590 208 663 246 DE
694 205 1002 246 REPUBLICA
1033 206 1129 245 LIB.
1162 207 1194 245 Ι.
1583 208 1635 245 99

160 309 340 342 inimicitias
355 311 634 352 contentionesque
651 309 751 351 parit:
771 308 894 349 justitia
921 319 991 340 vero
1019 309 1217 342 concordiam
1243 313 1276 340 et
1300 307 1480 340 amicitiam.
1504 309 1634 339 nonne?

159 364 274 397 TflssA.
299 365 393 396 Esto:
424 375 463 396 ne
478 376 497 395 a
513 370 543 395 te
559 363 791 394 dissentiamus.
838 362 899 393 Po.
925 362 1014 393 Bene
1031 363 1110 403 agis,
1127 362 1173 393 vir
1189 363 1319 405 optime.
1344 363 1398 394 sed
1415 361 1490 393 mihi
1516 367 1548 393 et
1574 363 1635 393 hoc

161 419 271 451 dicito.
315 419 347 450 Si
364 418 599 460 hocinjustitiae
626 428 706 459 opus
732 422 780 448 est
806 416 988 457 ubicunque
1016 417 1102 453 insit,
1117 416 1223 448 odium
1251 418 1398 458 gignere:
1423 427 1528 447 nonne
1556 416 1637 447 inter

161 473 278 504 liberos
289 478 322 504 et
335 483 438 504 servos
461 472 486 504 si
509 472 612 509 fuerit,
629 471 744 502 efficiet
769 474 805 501 ut
830 470 965 502 invicem
993 469 1066 501 odia
1093 475 1187 511 atque
1217 471 1436 502 contentiones
1458 475 1635 506 exerceant,

161 527 311 569 nulloque
328 531 420 568 pacto
447 527 566 568 possint
589 525 711 567 aliquid
736 535 776 556 ex
802 523 962 555 communi
989 525 1157 555 concordia
1173 525 1299 556 facere?
1344 525 1459 557 TnnA.
1484 524 1636 556 Omnino.

159 580 218 612 So.
241 582 327 618 Quid
343 587 445 612 antem
459 580 470 611 ?
486 581 511 611 si
527 580 606 612 inter
617 581 697 611 dnos
707 581 775 610 haec
791 579 875 616 insit,
891 589 996 610 nonne
1013 578 1200 610 dissentient
1213 579 1295 610 inter
1307 589 1350 616 se,
1368 579 1635 620 insequenturquo

161 635 251 670 odiis,
279 640 310 666 et
333 634 452 666 inimici
478 639 568 665 erunt
593 639 625 666 et
652 634 710 665 sibi
737 639 768 665 et
790 632 910 674 justis?
955 632 1072 665 Tum.
1104 632 1205 663 Erunt
1229 643 1312 666 sane.
1361 633 1420 665 Po.
1443 633 1498 663 Sin
1528 638 1633 663 autem

159 688 194 719 in
210 699 274 719 uno
289 688 373 725 insit,
390 699 408 719 ο
432 688 559 720 mirifice
575 689 631 725 vir,
647 688 812 729 injustitia,
830 698 935 719 nonne
959 687 1057 729 ipsius
1081 687 1254 729 potentiam
1277 687 1466 729 dissipabit?
1492 688 1539 718 vel
1555 687 1635 718 nihil

161 742 260 773 minus
284 743 436 773 habebit?
480 743 594 774 Trina.
629 742 719 774 Nihil
745 742 846 773 minus
876 743 999 773 habeat.
1060 742 1114 774 So.
1137 742 1255 774 Nonne
1284 742 1376 773 talem
1407 741 1542 783 aliquam
1572 741 1634 771 vim

160 796 273 827 habere
298 796 432 832 videtur,
450 801 482 827 ut
509 797 686 838 cuicunque
703 796 777 827 insit
801 796 865 827 sive
893 796 1012 827 civitati
1029 795 1093 826 sive
1110 796 1195 837 genti
1221 795 1286 827 sive
1302 795 1450 827 exercitui
1466 795 1530 825 sive
1547 795 1636 825 alteri

159 849 300 886 cuilibet,
318 851 415 892 primo
431 851 557 892 quidem
583 851 738 892 impotens
757 849 853 891 [352]
871 850 982 880 reddat
1007 850 1051 887 id,
1069 850 1119 881 cui
1135 848 1228 886 inest,
1247 850 1363 891 aliquid
1383 860 1488 880 secum
1506 848 1635 889 agendi,

159 909 286 945 propter
300 904 524 935 dissensionem
549 910 643 946 atque
666 904 853 935 discordiam
872 916 878 934 :
904 904 1022 935 deinde
1045 904 1208 934 inimicum
1225 903 1339 934 efficiat
1354 903 1457 944 ipsum
1473 908 1505 933 et
1521 902 1578 933 sibi
1603 907 1636 932 et

158 958 311 988 contrario
338 958 479 994 cuilibet,
507 964 600 1000 atque
623 958 737 1000 justo?
762 969 868 989 nonne
894 958 964 989 ita?
1009 958 1126 989 TnnA.
1151 958 1213 988 Ita.
1259 958 1315 989 So.
1340 957 1440 998 Atqui
1457 961 1489 987 et
1510 957 1545 988 in
1572 967 1634 986 uuo

159 1010 183 1041 si
210 1011 314 1048 fuerit,
343 1012 409 1043 brec
434 1013 545 1043 cadem
571 1013 667 1044 faciet
694 1013 812 1053 omnia,
838 1023 909 1054 quae
937 1013 976 1043 ad
1004 1017 1144 1043 naturam
1170 1023 1257 1043 suam
1287 1016 1470 1052 sequuntur.
1500 1010 1635 1052 primum

159 1064 287 1105 quidem
317 1061 522 1107 impotentem
560 1066 675 1107 agendi
711 1077 782 1098 eum
814 1067 937 1102 reddet,
973 1077 1044 1097 cum
1083 1077 1187 1097 secum
1224 1066 1293 1107 ipse
1330 1065 1496 1095 dissentiat
1531 1074 1636 1105 neque

161 1118 283 1149 sibimet
305 1125 428 1150 constet
443 1132 449 1149 ε
475 1121 591 1151 deinde
607 1125 639 1151 et
653 1121 712 1152 sibi
728 1125 761 1151 et
771 1119 866 1160 justis
881 1119 976 1151 faciet
999 1119 1172 1151 inimicum.
1197 1130 1236 1150 an
1252 1129 1315 1150 non
1333 1119 1344 1149 ?
1388 1118 1504 1150 THRA.
1529 1118 1635 1150 Certe.

160 1172 217 1204 So.
240 1172 322 1204 Justi
339 1178 454 1210 autem,
472 1184 490 1204 o
506 1175 616 1210 amice,
633 1179 704 1205 sunt
718 1180 750 1205 et
765 1174 842 1205 dei?
879 1173 996 1204 Trina.
1020 1174 1102 1205 Sint.
1148 1173 1204 1204 So.
1228 1172 1310 1214 Ergo
1325 1173 1391 1203 deis
1406 1172 1551 1203 inimicus
1566 1171 1635 1206 erit,

159 1224 403 1268 Thrasymache,
419 1228 465 1258 vir
486 1228 643 1270 injustus;
663 1228 768 1269 justus
792 1233 896 1259 autem
923 1228 1051 1258 amicus.
1096 1227 1210 1258 ΤῐιΙιΑ.
1235 1226 1382 1267 Explere,
1399 1227 1554 1262 Socrates,
1579 1236 1636 1268 pro

158 1278 291 1311 libidine
307 1281 454 1312 orationis
470 1282 577 1322 epulo.
602 1292 665 1312 non
688 1281 771 1312 enim
789 1281 845 1311 tibi
861 1281 1058 1317 adversabor,
1074 1291 1114 1311 ne
1136 1281 1212 1311 istos
1237 1280 1310 1310 mihi
1330 1280 1470 1310 infensos
1492 1280 1634 1311 reddam.

158 1331 214 1364 So.
238 1332 308 1375 Age
334 1334 452 1376 itaque,
470 1335 588 1377 reliqua
616 1335 751 1366 convivii
767 1335 894 1371 adhibe,
918 1334 1182 1376 quemadmodum
1211 1334 1305 1375 paulo
1332 1339 1405 1365 ante
1432 1334 1636 1374 respondens.

160 1386 294 1418 Constat
308 1389 450 1430 profecto
465 1390 682 1431 sapientiores,
698 1389 840 1421 meliores
858 1389 1114 1430 potentioresque
1138 1389 1178 1419 ad
1193 1388 1349 1430 agendum
1362 1388 1466 1429 justos
1490 1398 1570 1428 esse,
1586 1389 1634 1418 in-

155 1440 259 1482 justos
274 1447 377 1473 autem
393 1454 432 1474 ne
457 1444 592 1474 invicem
610 1444 736 1485 quidem
756 1448 886 1474 tractare
903 1444 1070 1484 quicquam
1088 1453 1191 1483 posse.
1209 1453 1314 1473 verum
1330 1443 1415 1483 qnod
1432 1441 1564 1473 dicimus
1581 1452 1635 1472 va-

158 1494 308 1527 lidissime
325 1496 356 1527 in
373 1507 539 1529 commune
555 1497 646 1529 simul
674 1497 794 1539 aliquid
812 1497 967 1528 conficere
982 1497 1052 1527 illos
1074 1507 1177 1538 posse,
1199 1497 1254 1538 qni
1279 1496 1405 1527 omnino
1422 1495 1534 1537 injusti
1549 1500 1633 1532 sunt,

159 1549 242 1579 haud
258 1550 385 1583 omnino
401 1562 506 1582 verum
524 1557 580 1584 est.
596 1563 659 1583 non
684 1550 767 1584 enim
785 1551 975 1582 abstinerent
992 1550 1124 1582 invicem
1141 1551 1180 1581 ab
1203 1550 1328 1592 injuria,
1345 1550 1371 1581 si
1387 1561 1510 1592 prorsus
1527 1550 1636 1592 injusti

158 1608 272 1634 essent.
289 1605 343 1636 sed
361 1605 459 1647 liquet
471 1606 503 1647 in
515 1606 590 1648 ipsis
603 1605 832 1647 essejustitiam
846 1606 1015 1647 quandam,
1028 1616 1098 1646 quae
1111 1605 1196 1647 ipsos
1208 1605 1253 1635 ita
1267 1604 1393 1642 afficiat,
1406 1611 1440 1635 ut
1451 1615 1483 1635 se
1497 1596 1641 1635 invicem

160 1656 273 1689 laedere
293 1659 395 1690 nolint
407 1660 497 1690 simul
512 1667 605 1702 atque
620 1661 698 1691 alios
713 1673 719 1691 :
739 1671 793 1702 per
808 1671 900 1701 qnam
918 1666 1026 1701 agunt,
1040 1670 1236 1701 quaecunque
1252 1663 1358 1700 agunt.
1382 1658 1514 1700 Impulsi
1528 1664 1633 1689 autem

159 1716 232 1742 sunt
255 1713 295 1743 ad
317 1712 432 1754 injuste
455 1715 623 1756 agendum,
637 1715 789 1756 injustitia
805 1725 875 1746 curn
892 1714 1044 1746 semimali
1060 1719 1175 1746 essent.
1191 1724 1261 1744 nam
1274 1713 1327 1754 qni
1349 1714 1388 1743 ad
1401 1724 1554 1744 summum
1579 1724 1634 1745 ne-

160 1765 268 1806 quitiae
283 1771 314 1797 et
331 1766 491 1808 injustitiae
509 1774 728 1810 pervenerunt,
745 1770 892 1810 perficere
905 1769 1032 1800 omnino
1048 1768 1125 1799 nihil
1144 1773 1285 1809 possunt.
1310 1767 1388 1798 Haec
1404 1768 1531 1809 quidem
1548 1768 1635 1809 quod

159 1818 201 1849 ita
219 1829 251 1853 se
263 1820 484 1858 habeant,non
501 1828 602 1854 autem
619 1828 653 1853 ut
668 1828 700 1853 tu
715 1834 808 1865 supra
820 1824 972 1865 ponebas,
990 1822 1143 1863 intelligo.
1167 1821 1277 1852 Utrum
1295 1826 1398 1851 autem
1415 1826 1447 1852 et
1462 1821 1571 1852 melius
1588 1821 1634 1852 vi-

159 1872 424 1916 vantjustiquam
440 1875 562 1916 injusti,
577 1882 609 1907 et
625 1877 778 1908 feliciores
789 1877 863 1914 sint,
880 1877 964 1918 qnod
979 1876 1105 1917 quidem
1122 1880 1234 1916 postea
1249 1875 1444 1906 considerare
1461 1886 1634 1917 proposue-

158 1936 272 1964 ramus,
288 1929 547 1960 considerandum
575 1936 633 1963 est.
657 1936 699 1967 et,
718 1936 752 1961 ut
773 1930 847 1961 mihi
871 1931 996 1971 quidem
1016 1930 1149 1966 videtur,
1177 1930 1235 1960 hoc
1252 1940 1290 1960 ex
1317 1930 1375 1965 his,
1392 1939 1462 1970 qnae
1486 1929 1633 1965 diximus,

158 1981 308 2021 sequitur.
333 1984 386 2013 sed
410 1988 513 2014 tamen
530 1984 640 2015 melius
664 1985 941 2016 considerandum.
965 1995 1027 2015 non
1044 1983 1127 2014 enim
1143 1983 1183 2014 de
1199 1993 1231 2014 re
1255 1984 1390 2024 quadarn
1408 1983 1460 2014 vili
1483 1994 1635 2025 spernen-

160 2033 274 2075 daque,
292 2036 346 2066 sed
372 2046 507 2077 quonam
537 2038 628 2069 modo
654 2039 822 2069 vivendum
847 2039 898 2075 sit,
923 2039 1054 2069 habetur
1070 2037 1180 2069 oratio.
1226 2037 1342 2070 Trina.
1368 2036 1540 2068 Considera
1553 2038 1632 2079 jam.

159 2087 215 2120 So.
239 2088 322 2120 Ecce
338 2091 513 2122 considero.
537 2093 588 2123 dic
614 2093 728 2134 igitur:
755 2104 875 2134 opusne
901 2093 974 2134 equi
1001 2093 1056 2123 tibi
1084 2092 1201 2133 aliquid
1233 2102 1299 2122 esse
1326 2091 1471 2122 videtur?
1515 2091 1632 2125 TunA.

159 2140 242 2172 Mihi
257 2143 394 2183 quidem.
439 2145 493 2175 So.
518 2146 602 2176 Num
620 2148 679 2178 hoc
707 2147 833 2188 quidem
858 2147 977 2178 diceres
1001 2152 1032 2178 et
1057 2147 1130 2188 equi
1153 2152 1186 2177 et
1208 2145 1333 2176 alterius
1357 2145 1525 2186 cujuslibet
1540 2157 1633 2188 opus,

159 2195 244 2235 quod
270 2196 317 2227 vel
342 2198 408 2228 solo
433 2198 486 2228 illo
511 2200 559 2230 vel
577 2200 709 2231 maxime
733 2201 803 2241 quis
828 2200 992 2241 expleret?
1037 2200 1152 2231 Tuus.
1178 2199 1272 2230 Haud
1289 2199 1444 2240 intelligo.
1491 2200 1547 2231 So.
1573 2200 1634 2230 At-

159 2249 275 2280 tende:
300 2250 343 2281 sic
359 2251 436 2282 forte
460 2253 629 2294 intelliges.
675 2254 787 2285 Aliane
804 2265 835 2285 re
859 2265 951 2295 quam
969 2255 1068 2285 oculis
1084 2254 1196 2285 vides?
1241 2253 1356 2285 Trina.
1381 2253 1529 2284 Minime.
1576 2253 1633 2286 So.

160 2303 247 2339 Quid
272 2306 368 2335 vero?
393 2306 493 2337 aliane
519 2308 642 2339 audires
669 2319 761 2350 quam
791 2309 938 2339 aun'bus?
982 2309 1096 2339 Tium.
1122 2307 1342 2350 Nequaquam.
1389 2308 1442 2339 So.
1468 2308 1549 2349 Ergo
1567 2309 1634 2340 haec

159 2357 267 2387 horum
298 2369 393 2399 opera
422 2365 504 2391 recte
535 2362 719 2393 diceremus.
765 2361 882 2392 TnnA.
907 2361 1021 2393 Recte.
1065 2361 1121 2392 So.
1156 2361 1310 2393 Possesne
1338 2361 1435 2403 [353]
1467 2362 1572 2403 gladio
1602 2367 1635 2392 et

159 2410 307 2450 scalpello
323 2417 355 2442 et
371 2412 474 2443 multis
498 2414 566 2445 aliis
593 2415 662 2446 vitis
683 2415 827 2456 palmites
855 2415 1042 2456 amputare?
1087 2414 1201 2445 TunA.
1226 2415 1373 2451 Quidni?
1419 2416 1474 2446 So.
1499 2416 1634 2447 Verum-

160 2468 263 2494 tamen
281 2475 343 2494 non
374 2465 416 2496 ita
447 2469 623 2505 commode,
640 2474 675 2499 nt
699 2469 778 2500 falce
796 2470 834 2499 ad
852 2480 942 2500 usum
961 2470 1043 2499 hunc
1060 2468 1220 2499 fabricata.
1265 2468 1379 2502 Tum.
1403 2469 1471 2507 Est,
1490 2475 1524 2500 ut
1540 2470 1632 2502 dicis.

159 2518 214 2550 So.
240 2518 321 2560 Ergo
337 2530 441 2551 nonne
468 2521 526 2552 hoc
550 2522 638 2554 istius
655 2534 735 2565 opus
764 2535 830 2554 esse
848 2523 1013 2555 dicemus?
1059 2523 1174 2553 Trina.
1200 2522 1350 2553 Dicemus
1376 2523 1530 2564 profecto.
1575 2524 1632 2556 So.

159 2572 312 2604 Existimo
329 2573 437 2604 melius
462 2580 492 2605 te
508 2586 591 2607 nunc
609 2581 725 2616 tenere,
741 2588 810 2620 quae
828 2578 921 2619 paulo
939 2582 1011 2608 ante
1028 2577 1184 2613 dicebam,
1201 2587 1270 2607 cum
1288 2577 1518 2619 interrogarem,
1535 2589 1576 2609 an
1600 2579 1631 2609 id

160 2626 312 2669 cnjus-qne
329 2639 408 2670 opus
424 2635 515 2666 esset,
532 2632 616 2672 quod
646 2633 694 2663 vel
720 2633 785 2664 solo
802 2633 857 2664 illo
874 2633 921 2664 vel
939 2632 1050 2663 melius
1073 2642 1165 2673 quam
1191 2632 1301 2662 ceteris
1327 2631 1471 2664 efficitur.
1515 2633 1632 2665 Tum.

159 2679 307 2723 Intelligo
320 2682 410 2724 jam:
437 2684 532 2726 idque
560 2685 633 2716 mihi
659 2686 812 2730 cujusque
839 2698 918 2729 opus
945 2697 1011 2718 esse
1032 2686 1164 2716 videtur·
1207 2685 1262 2717 SO·
1285 2685 1402 2717 Nonne
1419 2692 1450 2717 ct
1466 2687 1560 2718 virtus
1576 2687 1634 2718 tibi

159 2744 226 2765 esse
241 2736 354 2777 cuique
385 2737 517 2775 videtur,
534 2739 584 2770 cui
615 2740 743 2782 aliquod
774 2752 853 2783 opus
879 2741 1065 2772 ascribitur?
1113 2739 1318 2771 Revertamur
1344 2741 1439 2782 igitur
1464 2742 1502 2772 ad
1520 2742 1631 2783 priora.

161 2787 331 2820 Oculorum
349 2791 482 2822 dicimus
511 2804 576 2824 esse
603 2805 683 2835 opus
699 2795 825 2836 aliquod
844 2797 853 2826 ?
898 2796 1013 2826 ΤιιῐιΑ.
1040 2795 1142 2826 Certe.
1188 2795 1244 2825 ΞΟ.
1271 2794 1352 2836 Ergo
1369 2805 1472 2826 nonne
1490 2801 1521 2826 et
1537 2795 1632 2826 virtus

161 2841 319 2874 oculorum
350 2845 421 2875 est?
467 2846 582 2879 Tium.
614 2847 656 2877 Et
685 2848 790 2879 virtus.
837 2849 893 2880 So.
919 2849 959 2879 Et
991 2849 1107 2878 aurium
1140 2848 1243 2890 opus?
1288 2848 1401 2879 Tul-‹A-
1430 2849 1471 2879 Et
1501 2849 1631 2880 aurium.

161 2893 216 2925 So.
241 2895 297 2927 Est
322 2908 395 2939 ergo
421 2905 452 2930 et
481 2900 602 2931 virtus?
647 2901 761 2933 TnnA.
794 2901 858 2934 Est.
905 2904 961 2935 So,
989 2903 1102 2933 Nonne
1129 2903 1168 2934 de
1196 2900 1321 2942 reliquis
1352 2903 1494 2933 omnibns
1521 2903 1631 2933 codem
