1840 3225
164 245 243 285 520
605 242 870 282 PLATONIS
898 242 1137 282 DIALOGI.
1522 244 1617 299 [393

163 348 191 379 si
202 347 290 385 velit,
305 347 473 379 admodum
486 347 617 377 multam
633 345 702 387 ejus
715 351 837 388 partem
851 346 977 377 colendi
991 347 1001 377 ἓ
1026 352 1058 377 et
1075 347 1125 377 hic
1137 346 1264 388 quidem
1278 355 1352 388 ager
1364 346 1439 377 talis
1453 351 1502 377 est
1515 347 1620 388 qualis

163 412 227 433 non
243 409 291 433 est
305 403 385 432 alius
399 402 481 432 inter
496 401 637 432 Graecos.
683 400 819 441 Insuper
833 410 908 431 vero
924 401 1017 431 etiarn
1031 401 1092 431 alia
1114 400 1208 431 habet
1221 400 1261 431 ad
1276 400 1405 431 divitias
1426 400 1620 442 pertinentia

164 456 280 492 omnia,
299 466 416 492 servos,
448 465 557 496 equos,
587 465 694 485 aurum
718 462 750 484 et
781 461 954 496 argentum.
1001 457 1103 492 Quum
1132 461 1237 485 autem
1266 465 1325 495 ego
1348 454 1488 485 viderem
1514 454 1617 495 ipsum

164 509 257 540 altius
268 509 408 550 provehi,
423 509 509 539 velut
524 509 578 549 qui
593 518 649 548 per
663 509 792 548 longum
807 509 847 539 de
864 509 998 539 hominis
1014 509 1179 550 opulentia
1203 508 1301 550 [393]
1325 516 1498 549 nugatur-us
1519 513 1616 544 esset,

163 564 401 604 percunctabar,
425 562 512 600 Quid
535 572 607 593 vero
622 572 641 592 o
665 563 850 593 Erasistrate
863 562 874 592 ?
899 563 1001 603 qualis
1024 563 1069 592 vir
1093 573 1162 593 esse
1189 562 1315 593 videtur
1338 563 1371 593 in
1397 562 1504 593 Sicilia
1517 563 1528 592 ?
1553 562 1618 593 Hic

163 617 301 659 (inquit)
325 617 461 647 omnium
485 616 659 647 Siculorum
676 626 712 646 ac
740 616 889 647 Italorum
915 622 947 647 et
975 617 1096 647 videtur
1119 622 1151 647 et
1178 622 1224 647 est
1251 617 1322 658 plus
1349 617 1503 658 pessimus
1522 626 1616 658 quam

163 671 353 702 ditissimus:
378 671 457 701 adeo
472 677 505 701 ut
521 670 546 700 si
561 670 698 710 aliquem
712 670 850 700 Siculum
866 670 1057 711 interrogare
1087 671 1164 701 velis
1194 681 1358 712 quemnam
1387 670 1557 712 pessimum
1585 674 1618 700 et

163 724 349 755 ditissimum
366 735 436 755 esse
458 729 560 765 putet,
576 734 669 754 nemo
684 724 782 755 alium
811 723 925 755 dixerit
950 735 1042 765 quarn
1067 726 1161 755 hunc.
1207 724 1311 760 Quum
1336 729 1443 754 autem
1471 728 1617 765 putarem

161 778 266 820 ipsum
277 789 340 809 non
351 779 391 809 de
402 778 504 819 parvis
518 777 614 808 verba
631 777 786 808 facturum
800 788 878 814 esse,
901 778 957 808 sed
981 778 1020 809 de
1036 779 1082 808 his
1107 789 1176 819 quae
1199 779 1338 809 maxima
1362 788 1431 809 esse
1457 777 1619 816 videntur,

161 838 230 863 tum
243 833 283 863 de
299 833 426 869 virtute,
448 837 517 862 tum
538 832 577 862 de
605 831 734 867 divitiis,
755 831 987 872 interrogabam
1004 837 1105 862 utrum
1121 833 1351 873 opulentiorem
1367 832 1521 863 hominem
1547 841 1616 862 esse

160 892 315 923 censeret,
331 886 383 917 cui
398 887 459 916 duo
470 891 544 916 sunt
555 885 676 926 argenti
690 885 821 921 talenta,
837 895 876 915 an
891 885 941 915 cui
957 895 1030 926 ager
1047 886 1140 926 pretii
1155 886 1288 916 duorum
1312 885 1510 918 talentorum.
1553 885 1614 916 Ar-

160 941 254 971 bitror
266 951 336 981 ego,
351 940 465 981 inquit,
486 950 558 969 eum
581 938 633 969 cui
658 944 705 968 est
731 948 815 978 ager.
860 938 976 969 Nonne
1001 939 1164 981 (inquam)
1184 939 1274 980 juxta
1299 939 1434 969 eandem
1461 939 1614 969 rationem

160 994 254 1025 etiam
268 995 293 1024 si
306 994 402 1024 alicui
413 998 486 1024 sunt
497 999 611 1033 vestes,
624 992 731 1032 pallia,
748 998 803 1023 aut
817 993 966 1033 stragula,
982 999 1037 1023 aut
1052 993 1149 1023 etiam
1164 993 1226 1023 alia
1241 993 1342 1023 adhuc
1357 992 1486 1033 majoris
1507 992 1613 1034 pretii,

160 1058 252 1090 quam
267 1048 378 1089 quanti
392 1053 462 1078 sunt
473 1048 545 1077 huic
561 1046 690 1087 hospiti,
703 1047 753 1077 hic
765 1047 858 1077 fuerit
868 1047 1067 1088 opulentior?
1102 1046 1260 1078 Assensus
1271 1052 1319 1077 est
1334 1054 1367 1078 et
1378 1048 1456 1078 haec.
1493 1047 1524 1078 Si
1539 1057 1615 1078 vero

160 1103 229 1143 quis
245 1103 334 1132 daret
347 1102 404 1132 tibi
419 1103 528 1131 horum
543 1100 676 1131 duorum
692 1101 892 1138 electionem,
910 1107 1010 1131 utrum
1025 1102 1156 1132 malles?
1202 1102 1281 1142 Ego,
1293 1101 1408 1143 inquit,
1431 1101 1558 1132 mallem
1581 1101 1614 1132 id

160 1157 242 1197 quod
256 1155 383 1197 plurimi
394 1155 490 1196 pretii
503 1160 562 1186 est.
608 1154 688 1184 Utro
703 1165 778 1185 vero
794 1155 888 1186 modo
904 1161 1030 1196 putares
1044 1161 1075 1185 te
1092 1155 1239 1185 ditiorem
1255 1155 1344 1186 esse?
1391 1155 1473 1186 Hoc.
1517 1154 1550 1185 N
1552 1165 1613 1186 unc

159 1219 232 1249 ergo
252 1214 385 1251 apparet
405 1209 454 1239 hic
475 1208 568 1238 nobis
592 1208 765 1239 ditissimus
785 1219 854 1239 esse
880 1209 934 1250 qui
959 1220 1010 1240 res
1033 1209 1160 1250 plurimi
1179 1209 1274 1250 pretii
1300 1208 1451 1250 possidet.
1495 1209 1614 1246 Etiam,

158 1263 272 1304 inquit.
316 1263 432 1293 Nonne
445 1262 610 1303 (inquam)
625 1263 694 1292 sani
710 1263 836 1304 aegrotis
851 1263 981 1293 ditiores
1003 1263 1130 1298 suerint,
1151 1263 1179 1293 si
1194 1263 1324 1304 quIdem
1351 1264 1468 1293 sanitas
1487 1272 1538 1294 res
1566 1268 1614 1294 est

158 1317 285 1358 majon's
300 1318 389 1358 pretii
404 1327 499 1358 quam
514 1316 620 1357 aegroti
636 1326 713 1357 opes
726 1318 737 1346 ?
761 1317 791 1346 N
795 1327 865 1347 emo
880 1317 966 1347 enim
981 1322 1030 1347 est
1041 1317 1093 1357 qui
1109 1327 1173 1347 non
1187 1317 1333 1358 praeserat
1347 1318 1525 1353 sanitatem,
1538 1327 1612 1348 cum

158 1372 274 1402 modici
288 1372 410 1412 argenti
424 1371 634 1412 possessione,
653 1371 757 1411 magni
776 1371 861 1411 regis
876 1371 990 1411 opibus
1005 1381 1076 1401 cum
1091 1371 1276 1411 aegritudine
1292 1383 1298 1400 :
1323 1371 1467 1401 nimirum
1483 1371 1613 1413 majoris

155 1426 250 1467 pretii
263 1436 328 1456 rem
355 1436 425 1456 esse
453 1430 568 1466 putans
593 1424 771 1454 sanitatem.
816 1424 989 1465 Nunquam
1011 1425 1093 1454 enirn
1118 1425 1287 1465 praefcrret,
1313 1425 1342 1455 si
1366 1435 1431 1455 non
1456 1425 1611 1466 potiorem

155 1480 266 1520 opibus
282 1490 350 1510 esse
365 1480 505 1510 duceret.
548 1476 622 1507 Non
640 1477 791 1517 profecto.
836 1477 952 1507 Nonne
968 1477 1060 1508 etiam
1078 1479 1181 1519 siquid
1199 1479 1284 1509 aliud
1298 1479 1457 1510 videretur
1485 1479 1610 1521 majoris

157 1534 254 1574 pretii
279 1543 374 1574 quam
395 1532 527 1568 sanitas,
543 1531 597 1571 qui
615 1533 673 1562 hoc
687 1531 833 1572 possidet
849 1531 898 1562 hic
912 1532 1173 1572 opulentissimus
1187 1532 1301 1562 fuerit?
1326 1533 1442 1563 Etiam.
1487 1533 1520 1564 Si
1534 1542 1610 1563 vero

154 1587 226 1629 quis
241 1597 324 1618 nune
339 1588 377 1617 ad
394 1597 453 1618 nos
463 1587 638 1623 accederet,
656 1592 686 1617 et
700 1586 918 1626 interrogaret,
935 1585 963 1616 O
988 1586 1133 1616 Socrates
1157 1591 1189 1616 et
1211 1586 1331 1628 Eryxia
1351 1591 1384 1617 et
1410 1586 1608 1624 Erasistrate,

152 1641 326 1683 potestisne
340 1641 418 1672 mihi
433 1641 539 1671 dicere
555 1651 623 1682 quae
641 1640 768 1681 plun‘mi
783 1640 876 1680 pretii
893 1639 1012 1670 homini
1028 1650 1076 1670 res
1096 1640 1159 1670 sit?
1183 1650 1288 1671 nonne
1309 1642 1376 1672 haec
1391 1651 1485 1682 quam
1510 1640 1609 1682 adep-

152 1700 205 1725 tus
221 1696 323 1731 homo,
336 1695 454 1736 optime
474 1694 512 1725 de
526 1695 583 1725 hac
599 1700 726 1730 statuat,
748 1694 905 1734 quomodo
920 1694 1013 1724 valde
1030 1693 1147 1735 optime
1164 1700 1197 1724 et
1208 1694 1276 1734 ipse
1297 1705 1368 1725 suas
1382 1699 1414 1726 et
1434 1694 1608 1726 amicorum

151 1758 204 1780 res
218 1749 312 1790 agat?
337 1759 502 1790 quamnam
531 1749 612 1779 hanc
642 1758 709 1779 esse
741 1747 917 1778 diceremus
934 1748 945 1777 ?
991 1748 1077 1778 Mihi
1092 1747 1223 1788 quidem
1248 1748 1388 1785 videtur,
1414 1758 1433 1779 ο
1447 1748 1606 1785 Socrates,

151 1802 288 1833 felicitas
300 1802 427 1843 plurimi
440 1802 533 1843 pretii
547 1812 597 1832 res
612 1801 730 1832 homini
746 1811 826 1832 esse.
872 1801 913 1831 Et
927 1811 989 1832 non
1006 1802 1100 1832 male.
1115 1803 1261 1844 (inquam
1278 1802 1354 1844 ego)
1371 1812 1446 1833 num
1459 1812 1535 1833 vero
1550 1803 1608 1833 hos

150 1856 293 1887 homines
313 1855 508 1887 felicissimos
524 1866 593 1887 esse
608 1856 801 1898 putabimus,
817 1855 871 1897 qui
889 1856 1021 1887 maxime
1047 1856 1134 1887 felici
1161 1867 1311 1887 successu
1335 1856 1476 1897 degunt?
1521 1856 1607 1887 Mihi

151 1910 279 1952 quidem
293 1910 450 1941 videntur.
494 1909 609 1940 Nonne
629 1910 660 1940 hi
682 1910 802 1950 optimo
826 1920 976 1941 successu
997 1910 1130 1950 degunt,
1147 1910 1201 1951 qui
1228 1911 1395 1941 minimum
1418 1910 1608 1951 delinquunt

150 1969 216 1996 tum
233 1964 318 1995 circa
336 1965 468 2005 seipsos,
484 1969 551 1994 tum
563 1965 644 1995 circa
660 1964 740 1994 alios
762 1957 917 2000 homines,
933 1965 1104 2005 plurimum
1119 1975 1191 1995 vero
1206 1971 1291 1995 recte
1307 1965 1425 2004 agunt?
1451 1964 1606 1995 Maxime.

149 2018 267 2050 Nonne
279 2019 334 2059 qui
350 2019 429 2049 mala
442 2024 475 2048 et
488 2019 572 2049 bona
586 2018 700 2054 sciunt,
716 2023 749 2048 et
757 2028 826 2059 quae
840 2018 985 2049 facienda
1001 2025 1033 2049 et
1051 2018 1146 2060 [39⁴]
1172 2029 1235 2049 non
1251 2018 1406 2055 facienda,
1420 2018 1453 2049 hi
1467 2018 1608 2049 rectissi-

151 2083 203 2103 mo
235 2083 384 2103 successu
407 2073 537 2113 degunt,
562 2080 593 2103 et
610 2072 772 2103 minimum
795 2073 1009 2114 delinquunt?
1054 2073 1295 2104 Assentiebatur
1324 2082 1356 2104 et
1383 2074 1462 2103 haec.
1506 2072 1538 2103 N
1542 2082 1605 2103 unc

151 2130 228 2166 ergo
243 2131 396 2166 apparent
409 2126 497 2156 nobis
521 2126 620 2157 iidem
644 2127 702 2156 viri
723 2133 754 2157 et
773 2127 1006 2168 sapientissimi,
1036 2133 1068 2157 et
1081 2126 1201 2168 optimo
1223 2137 1370 2158 successu
1390 2127 1556 2167 degentes,
1570 2131 1605 2157 et

149 2180 325 2211 felicissimi
347 2183 379 2210 et
401 2180 567 2210 ditissimi:
595 2181 620 2211 si
635 2180 762 2221 quidem
790 2181 944 2222 sapientia
960 2181 1086 2222 plurimi
1102 2181 1197 2222 pretii
1222 2191 1274 2212 res
1300 2187 1443 2222 apparet.
1486 2181 1605 2212 Etiam.

150 2233 197 2264 At
210 2234 339 2274 (inquit,
348 2238 482 2275 excepto
498 2243 653 2269 sermone,
669 2234 894 2273 Erasistratus)
908 2245 927 2265 ο
939 2235 1094 2270 Socrates,
1107 2245 1177 2275 quae
1195 2234 1314 2264 utilitas
1329 2234 1425 2264 suerit
1436 2233 1566 2269 homini,
1578 2233 1606 2263 si

150 2288 247 2318 etiam
263 2287 399 2318 Nestore
415 2294 496 2319 esset
511 2288 691 2329 sapientior,
714 2289 894 2319 necessaria
917 2299 989 2319 vero
1013 2288 1052 2318 ad
1077 2289 1193 2318 victum
1217 2297 1280 2317 non
1296 2287 1437 2322 liaberet,
1462 2287 1548 2318 cibos
1571 2292 1606 2316 et

150 2346 256 2383 potus,
283 2347 316 2372 et
339 2347 452 2378 vestes,
481 2348 513 2372 et
536 2342 639 2383 siquid
654 2342 739 2372 aliud
754 2342 908 2384 ejusmodi
934 2342 1004 2373 est?
1028 2341 1105 2382 quid
1129 2341 1212 2372 enim
1238 2341 1400 2382 prodesset
1421 2340 1602 2382 sapientia?

151 2401 206 2425 aut
217 2395 372 2436 quomodo
384 2396 435 2427 hic
451 2396 622 2427 ditissimus
636 2396 739 2432 suerit,
756 2406 851 2437 quem
864 2396 941 2426 nihil
954 2395 1096 2436 prohibet
1110 2395 1288 2426 mendicum
1305 2406 1384 2430 esse,
1399 2405 1496 2436 quum
1524 2394 1604 2425 nihil

150 2459 255 2479 rerum
269 2449 309 2479 ad
325 2450 440 2480 victum
463 2451 708 2481 necessariarum
730 2451 846 2481 habeat
859 2451 870 2480 ?
917 2451 1131 2482 Vehementer
1145 2450 1242 2490 igitur
1258 2449 1352 2480 ethic
1366 2449 1487 2490 aliquid
1497 2448 1603 2479 dicere

150 2502 324 2533 videbatur.
347 2503 462 2534 Utrum
475 2514 561 2539 vero,
575 2504 701 2545 inquam
713 2514 782 2544 ego,
801 2504 989 2546 sapientiam
1004 2504 1131 2545 quidem
1144 2503 1272 2534 habenti
1284 2504 1342 2534 hoc
1356 2502 1499 2534 accidere
1513 2508 1602 2544 pote-

149 2556 200 2593 rit,
213 2557 240 2586 si
256 2556 380 2597 indigus
395 2557 423 2588 is
439 2557 556 2588 fuerit?
581 2559 607 2587 si
624 2568 693 2589 vero
709 2558 777 2599 quis
792 2558 972 2599 Pulytionis
989 2558 1117 2589 domum
1132 2557 1316 2599 possideret,
1342 2562 1376 2587 et
1397 2556 1494 2597 plena
1519 2561 1605 2586 esset

148 2609 261 2640 domus
273 2619 347 2640 auro
363 2616 396 2640 et
410 2615 551 2651 argento,
564 2620 626 2641 non
640 2611 705 2641 ulla
718 2621 751 2641 re
766 2611 920 2651 indigeret
934 2612 945 2641 ?
992 2611 1047 2646 At,
1064 2611 1178 2652 inquit,
1192 2611 1275 2641 hunc
1291 2609 1419 2651 quidem
1432 2609 1513 2640 nihil
1528 2619 1603 2650 pro·

148 2664 236 2695 hibet
250 2663 354 2694 statim
368 2674 451 2694 nunc
463 2665 679 2704 possessiones
695 2675 769 2695 suas
783 2665 961 2705 disponere,
978 2670 1010 2694 et
1026 2674 1083 2705 pro
1098 2665 1147 2694 his
1161 2664 1236 2705 ipsis
1252 2663 1364 2694 habere
1379 2672 1418 2694 ea
1431 2663 1546 2704 quibus
1561 2661 1603 2692 ad

148 2718 266 2749 victum
280 2717 412 2757 indiget,
428 2723 481 2748 aut
493 2718 587 2748 etiam
611 2718 767 2748 numisma
781 2728 843 2759 quo
858 2719 923 2749 haec
939 2728 1117 2759 comparare
1133 2718 1262 2758 poterit,
1277 2723 1310 2748 et
1323 2716 1471 2747 omnibus
1494 2715 1604 2746 statim

150 2771 319 2802 abundare.
364 2771 398 2801 Si
412 2771 506 2801 modo
521 2771 710 2813 contigerint
722 2772 764 2808 ei,
782 2773 907 2813 inquam
924 2782 995 2813 ego,
1012 2772 1156 2802 homines
1171 2769 1291 2812 quitali
1305 2770 1398 2801 domo
1413 2769 1512 2810 magis
1522 2779 1604 2810 opus

152 2825 290 2855 habeant
319 2834 411 2865 quam
439 2825 526 2854 illius
554 2826 721 2866 sapientia.
766 2826 849 2856 Nam
876 2826 903 2857 si
925 2826 1006 2857 tales
1021 2825 1138 2856 suerint
1148 2826 1203 2866 qui
1215 2824 1347 2856 hominis
1367 2822 1556 2864 sapientiam
1571 2828 1605 2854 et

150 2889 220 2919 quae
231 2878 270 2908 ab
278 2879 335 2909 hac
344 2878 531 2919 proveniunt
543 2878 642 2919 pluris
653 2880 819 2916 aestiment,
832 2880 930 2911 mult:
944 2880 1014 2922 plus
1024 2880 1142 2921 negotii
1153 2878 1203 2910 hic
1218 2879 1249 2909 in
1261 2876 1456 2918 disponendo
1464 2876 1604 2913 habebit,

149 2932 240 2975 siqua
265 2942 296 2964 re
313 2931 493 2974 indiguerit,
509 2939 541 2963 et
557 2933 687 2964 voluerit
702 2938 766 2965 tum
783 2934 894 2976 ipsam,
912 2939 978 2965 tum
991 2943 1086 2975 opera
1107 2933 1138 2964 in
1159 2933 1228 2974 ipsa
1247 2931 1287 2964 ad
1308 2941 1398 2964 usum
1420 2930 1602 2972 disponere.
