1840 3225
242 242 316 280 186
842 241 1109 280 PLATONIS
1604 242 1702 294 [524

241 346 339 387 magis
366 346 420 376 tibi
448 346 588 387 patebit:
613 345 680 376 Hos
702 345 810 388 utique
838 350 898 376 tres
919 341 1125 386 esse‘digitos
1147 343 1291 381 dicimus,
1316 343 1472 385 pollicem,
1498 343 1636 376 indicem
1666 352 1704 374 ne

241 400 389 431 medium.
435 399 551 431 Guv.
573 400 682 431 Plane.
728 399 785 431 So.
809 399 860 430 Ita
875 410 923 430 me
947 399 1031 440 loqui
1047 399 1234 433 existimato,
1248 398 1337 440 quasi
1361 398 1499 439 proxime
1517 398 1703 429 videantur:

242 459 336 495 atque
364 454 396 484 id
422 453 456 484 in
479 453 555 496 ipsis
581 454 755 485 considera.
801 452 917 484 GLAn.
939 453 1054 490 Quid?
1099 452 1155 483 So.
1178 451 1307 493 Digitus
1333 452 1460 493 quidem
1482 451 1706 483 esseaimiliter

241 508 374 549 quisque
399 518 506 539 eorum
533 512 686 550 apparet:
712 512 805 548 atque
831 508 870 538 ad
898 509 956 538 hoc
984 507 1061 537 nihil
1087 507 1226 543 interest,
1253 507 1319 537 sive
1342 506 1464 537 medius
1477 506 1625 537 offeratur
1638 504 1704 536 sive

241 566 426 602 postremus,
453 562 541 593 albus
568 573 621 593 seu
646 562 743 603 niger,
773 561 896 603 pinguis
923 567 978 592 aut
1004 561 1118 598 tenuis,
1142 566 1174 592 et
1196 560 1345 602 quicquid
1363 561 1483 602 generis
1496 559 1650 601 ejusdem.
1672 559 1706 588 in

243 614 386 645 omnibus
402 615 555 656 siquidem
572 615 789 657 hujuscemodi
805 625 867 645 non
885 614 1006 657 cogitur
1020 615 1139 646 animus
1155 614 1392 656 intelligentiam
1408 615 1447 645 ad
1464 613 1705 654 disceptandum

240 678 422 709 provocare,
437 669 512 710 quid
529 680 547 700 e
563 669 666 700 multis
682 669 723 699 sit
738 669 867 710 digitus.
892 679 996 710 neque
1012 669 1094 699 enim
1108 679 1215 700 sensus
1231 669 1258 700 ei
1270 669 1359 699 simul
1369 667 1557 710 significavit
1570 666 1703 708 digitum

241 723 428 753 contrarium
444 732 510 754 esse
526 733 619 765 quarn
636 723 782 763 digitum.
828 722 942 754 Grau.
965 722 1040 753 Non
1064 729 1158 754 certe.
1203 723 1255 754 So.
1280 722 1396 754 Merito
1418 721 1527 764 igitur,
1541 720 1627 763 quod
1641 719 1705 751 tale

239 781 298 812 est,
315 782 450 808 mentem
467 787 525 808 nec
542 777 679 808 movebit
694 787 752 808 nec
768 776 928 808 excitabit.
974 775 1090 808 Grau.
1115 776 1245 808 Merito.
1290 777 1345 808 So.
1369 776 1512 818 Ipsorum
1529 785 1601 806 vero
1616 783 1703 814 mag·

238 828 414 860 nitudincm
431 836 462 861 et
477 831 660 872 parvitatem
677 832 828 873 nunquid
839 836 984 872 aspectus
1000 831 1074 861 satis
1089 831 1209 862 cernit?
1233 831 1372 872 nihilque
1383 831 1423 861 ad
1435 840 1506 861 eum
1523 828 1626 864 refert,
1638 827 1704 858 sive

237 881 270 911 in
288 883 393 914 medio
408 884 551 925 quaedam
567 884 688 915 illorum
703 885 842 926 jaceant,
858 885 963 915 sivein
974 885 1117 916 extremis
1131 886 1141 916 ?
1158 886 1334 927 eodemque
1349 885 1440 916 modo
1455 884 1582 925 pingue,
1596 887 1703 917 tenue.

235 936 285 966 vel
303 937 462 968 mollitiem
478 943 510 968 et
525 938 682 974 duritiem,
700 943 799 969 tactus
815 938 906 979 ipse?
930 938 1030 980 Atqui
1046 944 1078 969 et
1093 939 1146 969 alii
1161 949 1269 970 sensus
1283 938 1428 980 nunquid
1444 947 1508 968 non
1520 935 1702 977 imperfecte

236 989 310 1020 talia
326 991 469 1031 quaedam
485 991 644 1022 declarant
659 993 670 1022 ?
695 992 742 1022 vel
759 991 802 1022 sic
821 993 884 1033 agit
907 1002 1014 1022 eorum
1038 992 1194 1033 quisque?
1216 1003 1286 1022 nam
1304 993 1434 1034 primum
1450 991 1578 1032 quidem
1602 987 1700 1031 [524]

235 1053 355 1080 sensus,
371 1043 424 1084 qui
441 1045 481 1075 ad
497 1045 607 1075 durum
623 1046 747 1082 attinet,
763 1046 886 1087 cogitur
901 1051 932 1076 et
944 1047 983 1076 ad
999 1046 1091 1077 molle
1105 1047 1291 1088 pertingere,
1303 1045 1470 1087 animoque
1479 1042 1702 1078 ital-enuntiat,

236 1097 325 1136 quasi
342 1097 423 1127 idem
441 1103 472 1128 et
488 1098 580 1129 molle
603 1103 634 1129 et
650 1099 762 1129 durum
785 1109 852 1129 esse
876 1100 1018 1131 senserit.
1065 1100 1181 1132 Gniu.
1205 1100 1255 1132 Ita
1278 1105 1373 1132 certe.
1417 1099 1471 1131 So.
1496 1098 1550 1129 An
1565 1107 1630 1128 non
1644 1106 1702 1127 ne·

234 1151 398 1181 cessarium
416 1157 464 1182 est
479 1153 509 1182 in
528 1153 617 1183 rebus
633 1153 811 1194 hujusmodi
829 1154 965 1184 animum
989 1154 1144 1191 dubitare,
1161 1155 1236 1196 quid
1252 1155 1408 1197 significet
1423 1153 1492 1184 duri
1506 1153 1559 1184 bic
1580 1160 1701 1185 sensus.

235 1203 258 1233 si
276 1205 402 1245 quidem
418 1205 499 1236 idem
517 1206 610 1237 molle
625 1207 753 1248 insuper
768 1208 900 1238 asserit?
924 1209 998 1238 item
1015 1219 1122 1239 sensus
1137 1209 1237 1251 ipsius
1252 1209 1352 1251 gravis
1365 1214 1398 1240 et
1412 1208 1500 1244 levis,
1515 1206 1591 1248 quid
1607 1215 1700 1247 grave

233 1262 264 1286 et
282 1258 360 1295 leve,
378 1258 403 1289 si
420 1258 487 1289 leve
505 1270 596 1299 grave
613 1271 679 1291 esse
697 1266 729 1291 et
742 1272 834 1302 grave
851 1261 920 1292 leve
936 1261 1104 1303 significat.
1150 1263 1265 1294 Grau.
1288 1263 1432 1294 Absurde
1442 1261 1583 1304 profecto
1599 1260 1647 1290 hae
1659 1257 1700 1289 ad

234 1311 370 1342 animum
398 1312 673 1353 interpretationes
688 1314 861 1345 deveniunt
883 1320 916 1346 et
931 1316 1184 1348 consideratione
1200 1317 1352 1357 indigent.
1396 1317 1453 1347 So.
1475 1314 1592 1346 Merito
1607 1312 1702 1354 igitur

233 1365 267 1395 in
284 1366 332 1395 his
348 1366 438 1396 rebus
454 1366 554 1407 primo
570 1368 697 1408 quidem
717 1368 838 1398 animus
853 1369 963 1400 nititur
978 1370 1128 1401 rationem
1145 1376 1177 1401 et
1187 1371 1425 1412 intelligentiam
1442 1377 1614 1411 provocans
1624 1376 1701 1398 con-

231 1419 382 1456 siderare,
397 1420 539 1462 nunquid
559 1431 654 1452 unum
671 1427 725 1452 aut
751 1423 815 1453 dno
841 1423 905 1453 sint
920 1423 1043 1465 singula
1065 1435 1135 1466 qnae
1151 1426 1344 1456 nuntiantur.
1388 1424 1504 1456 GLau.
1527 1422 1592 1454 Cur
1613 1420 1702 1451 non?

231 1472 286 1503 So.
313 1472 429 1504 Nonne
456 1475 479 1504 si
497 1475 560 1505 duo
589 1482 754 1517 apparent,
780 1478 909 1508 alterum
934 1484 966 1509 et
990 1489 1085 1509 unum
1111 1485 1241 1521 apparet
1265 1479 1453 1520 utrumque?
1499 1476 1616 1508 GLAU-
1638 1474 1700 1505 118·

230 1525 286 1557 So.
311 1527 342 1557 Si
367 1537 441 1568 ergo
468 1538 564 1558 unum
589 1534 765 1572 utrumque,
793 1532 884 1562 ambo
911 1537 1014 1563 autem
1043 1533 1120 1569 duo,
1148 1538 1289 1575 separata
1318 1533 1382 1563 duo
1398 1531 1552 1572 intelliget
1565 1529 1699 1560 animus.

229 1589 300 1610 nam
317 1580 341 1610 si
358 1579 538 1612 indistincta
566 1583 751 1624 perceperit,
769 1595 831 1616 non
847 1585 924 1622 duo,
939 1587 994 1617 sed
1022 1596 1118 1617 unum
1135 1587 1300 1629 intelliget.
1345 1586 1460 1618 GLAU.
1483 1583 1597 1616 Recte.
1641 1581 1698 1614 So-

229 1633 384 1675 Magnum
401 1636 529 1676 quidem
555 1641 587 1667 et
602 1648 732 1678 parvum
748 1644 908 1680 aspectum
926 1641 1029 1671 videre
1052 1641 1197 1678 dicimus,
1213 1652 1277 1672 non
1304 1642 1471 1672 discretum
1487 1637 1620 1680 aliquid,
1642 1637 1698 1668 sed

229 1687 406 1718 confusum.
443 1698 482 1719 an
514 1699 577 1720 non
592 1691 603 1720 ?
648 1691 766 1724 Grau.
791 1693 902 1725 Plane.
945 1695 1002 1726 Sc.
1028 1695 1161 1737 Propter
1190 1695 1283 1736 hujus
1313 1702 1417 1726 autem
1453 1692 1697 1725 declarationem

229 1751 374 1782 magnum
391 1752 493 1772 rursus
518 1749 550 1773 et
566 1754 694 1785 parvum
719 1746 929 1788 intelligentia
954 1748 1076 1788 cogitur
1097 1750 1224 1786 intueri,
1240 1759 1305 1780 non
1320 1749 1464 1789 confusa,
1477 1747 1533 1778 sed
1549 1745 1698 1776 distincta

228 1795 344 1836 potius,
362 1800 470 1826 contra
486 1806 522 1827 ac
538 1808 657 1829 sensus.
702 1799 815 1832 GLAU.
842 1801 924 1832 Vera
949 1802 1094 1844 loqueris.
1139 1803 1195 1834 So.
1218 1803 1302 1834 Hinc
1323 1803 1363 1834 ad
1387 1800 1610 1834 sciscitandum
1624 1808 1697 1840 pro-

226 1848 310 1879 tinus
327 1849 503 1887 incitamur,
518 1851 594 1892 quid
612 1863 756 1894 magnum
773 1855 823 1891 sit,
840 1855 915 1896 quid
934 1866 1072 1896 parvum.
1109 1855 1223 1887 Gnu.
1246 1856 1385 1887 Maxime
1396 1866 1480 1888 vero·
1512 1854 1569 1885 So.
1590 1852 1698 1894 Atque

229 1902 274 1932 ita
289 1903 375 1933 aliud
394 1904 521 1945 quidem
538 1905 749 1947 intelligibile,
766 1908 884 1939 visibile
901 1909 986 1940 aliud
999 1911 1258 1951 nuncupavimus,
1282 1910 1398 1941 Guu.
1413 1909 1500 1940 Scite
1514 1906 1697 1938 admodum.

225 1955 280 1989 So.
305 1956 383 1988 Haec
400 1963 483 1995 sunt,
499 1970 569 2000 quae
585 1971 685 2002 nuper
698 1962 845 1994 disserere
861 1974 1022 2005 aggressus
1038 1975 1117 2000 sum,
1132 1965 1218 2006 quod
1236 1964 1383 1996 videlicet
1398 1963 1541 2005 quaedam
1556 1961 1695 1992 animum

223 2009 263 2038 ad
281 2009 518 2051 intelligentiam
533 2013 667 2054 erigunt,
683 2016 826 2056 quaedam
843 2016 970 2047 minime
986 2029 992 2047 z
1019 2018 1145 2058 quodve
1167 2027 1206 2048 ea
1219 2018 1354 2059 erigunt,
1373 2027 1444 2059 quae
1459 2016 1491 2047 in
1507 2025 1616 2047 sensns
1632 2024 1695 2045 una

225 2073 295 2094 cum
324 2065 386 2095 suis
410 2067 570 2096 contrariis
597 2067 763 2099 incidunt:
789 2081 859 2111 quae
883 2082 953 2102 vero
978 2082 1042 2102 non
1067 2072 1122 2108 ita,
1139 2078 1274 2103 mentem
1290 2082 1354 2102 non
1369 2070 1532 2102 suscitant.
1576 2068 1690 2100 GLAU-

225 2116 372 2159 Intelligo
383 2118 462 2159 jam,
491 2125 585 2160 atque
612 2121 655 2151 ita
681 2122 754 2152 mibi
781 2123 913 2154 videtur.
958 2125 1014 2155 So.
1039 2125 1125 2161 Quid
1153 2136 1223 2156 vero
1245 2135 1390 2156 numerus
1403 2130 1438 2155 et
1453 2134 1562 2160 unum,
1576 2126 1646 2153 utro
1661 2121 1694 2152 in

224 2180 336 2211 genere
353 2172 407 2202 tibi
424 2182 491 2203 esse
506 2173 675 2205 videntur?
721 2174 835 2207 Grau.
859 2176 953 2207 Haud
981 2178 1136 2220 intelligo.
1181 2179 1239 2210 So.
1263 2178 1309 2209 At
1335 2189 1371 2209 ex
1398 2187 1491 2219 supra
1513 2176 1608 2208 dietis
1623 2175 1691 2206 ani-

224 2224 395 2256 madverte.
419 2224 445 2255 si
461 2225 544 2256 enim
561 2227 748 2259 sufficienter
773 2229 874 2269 ipsum
898 2231 1069 2261 secundum
1094 2241 1126 2262 se
1152 2231 1257 2273 ipsum
1275 2232 1450 2273 inspicitur,
1467 2235 1522 2261 aut
1535 2229 1598 2260 alio
1612 2238 1691 2270 quo·

224 2277 307 2318 piam
324 2289 415 2309 sensu
441 2290 536 2310 unum
563 2283 854 2323 comprehenditur,
880 2284 1122 2326 haudquaquam
1139 2286 1178 2315 ad
1205 2285 1371 2316 essentiam
1387 2288 1523 2314 mentem
1537 2282 1690 2314 deducit:

223 2332 486 2371 quemadmodum
505 2335 545 2365 de
560 2335 661 2376 digito
686 2336 831 2368 diximus.
856 2337 902 2367 sin
919 2344 1022 2369 autem
1047 2339 1166 2380 aliquid
1193 2350 1316 2380 semper
1337 2339 1526 2371 contrarium
1542 2337 1588 2368 illi
1598 2336 1690 2367 simul

220 2385 389 2427 suboritur,
405 2386 484 2418 adeo
503 2392 537 2418 ut
553 2388 630 2418 nibil
648 2389 744 2430 magis
769 2401 865 2420 unum
882 2402 976 2432 quam
993 2393 1179 2423 contrarium
1207 2393 1360 2430 videatur,
1370 2392 1488 2434 judicis
1501 2390 1691 2422 discretione

216 2437 282 2477 jam
299 2439 435 2480 indiget,
449 2441 632 2483 cogiturque
650 2443 681 2473 in
697 2454 734 2474 ea
749 2444 870 2475 animus
883 2445 1026 2477 dubitare
1043 2452 1136 2488 atque
1151 2448 1339 2489 perquirere,
1350 2453 1381 2477 et
1393 2455 1522 2477 movens
1532 2445 1564 2476 in
1577 2444 1690 2485 seipso

221 2490 461 2533 intelligentiam
479 2494 645 2532 sciscitari,
677 2497 825 2538 quidnam
853 2509 948 2529 unum
977 2500 1076 2540 ipsum
1094 2506 1153 2533 est.
1174 2507 1268 2542 atque
1293 2500 1390 2542 [525]
1415 2500 1476 2530 hoc
1490 2503 1583 2540 pacto
1597 2497 1691 2528 unius

221 2546 430 2577 consideratio
445 2559 482 2578 ex
498 2559 604 2580 eorum
630 2561 758 2583 numero
773 2552 844 2588 erit,
861 2564 930 2594 qnae
957 2554 1107 2585 attollunt
1122 2555 1260 2585 animum
1282 2558 1530 2593 convertuntque
1545 2551 1585 2581 ad
1607 2549 1688 2591 ejus.

219 2599 303 2638 quod
322 2610 392 2631 vere
406 2607 463 2638 est,
479 2604 792 2645 contemplationem.
838 2606 954 2638 Gum.
980 2607 1024 2638 At
1051 2608 1133 2639 enim
1162 2608 1223 2639 tale
1250 2606 1394 2638 nonnihil
1419 2606 1513 2636 habet
1533 2604 1626 2635 unius
1641 2604 1690 2635 in-

219 2653 352 2692 spectio·
368 2655 459 2685 simul
476 2667 609 2699 namque
625 2659 728 2700 ipsum
746 2666 781 2691 ut
795 2671 891 2691 unum
914 2662 1066 2692 cernimus
1082 2668 1114 2693 et
1130 2667 1163 2692 ut
1179 2661 1409 2692 multitudinem
1424 2658 1589 2691 infinitam.
1632 2657 1689 2689 So.

218 2705 252 2735 Si
269 2716 364 2737 unum
389 2708 419 2738 id
444 2710 571 2750 patitur,
596 2712 677 2743 idem
706 2714 806 2745 omnis
832 2725 977 2746 numerus
999 2716 1145 2757 patietur.
1191 2714 1306 2747 Gaio.
1329 2714 1462 2755 Absque
1476 2712 1586 2743 dubio·
1628 2711 1687 2742 SO-

217 2757 385 2790 Enimvero
400 2765 604 2803 computandi
620 2771 651 2796 et
669 2767 850 2798 numerandi
868 2768 1000 2799 scientia
1015 2769 1117 2799 omnis
1127 2769 1209 2800 circa
1220 2778 1394 2799 numerum.
1439 2764 1557 2797 Guu.
1580 2764 1687 2795 Maxi·

219 2822 279 2844 me.
324 2813 380 2845 So.
406 2814 483 2846 Haec
498 2822 602 2848 autem
619 2819 658 2849 ad
686 2821 845 2852 veritatem
861 2821 1000 2852 conferre
1025 2822 1182 2854 videntur.
1227 2821 1340 2853 Guu.
1364 2819 1481 2851 Mirum
1497 2819 1530 2850 in
1547 2819 1686 2849 modum.

217 2866 278 2896 So.
300 2866 378 2898 Haec
404 2868 509 2910 itaque
535 2871 703 2913 disciplina
731 2885 766 2905 ex
793 2885 897 2906 earum
923 2886 1035 2916 genere
1058 2876 1128 2913 erit,
1143 2886 1219 2918 quas
1233 2875 1426 2917 quaerimus:
1451 2872 1540 2904 militi
1556 2872 1684 2914 quidem

213 2920 343 2960 cognitu
362 2922 494 2953 maxime
512 2926 684 2956 neccssaria
700 2928 739 2958 ad
768 2929 851 2960 acies
874 2929 1062 2960 ordinandas
1079 2941 1086 2961 :
1112 2930 1301 2971 philosopho
1323 2933 1440 2968 autem,
1456 2932 1490 2957 ut
1503 2937 1522 2958 e
1536 2925 1684 2958 fluetibus

212 2974 424 3014 generationis
440 2985 577 3021 emergat
592 2981 824 3025 essentiamque
853 2984 986 3026 attingat
1001 2996 1008 3015 z
1034 2984 1101 3016 sine
1128 2994 1189 3026 qua
1214 2982 1381 3024 disciplina
1395 2985 1576 3023 computare
1590 2979 1683 3012 ratio-
