<?xml version="1.0" encoding="UTF-8"?>
<!DOCTYPE html PUBLIC "-//W3C//DTD XHTML 1.0 Transitional//EN"
    "http://www.w3.org/TR/xhtml1/DTD/xhtml1-transitional.dtd">
<html xmlns="http://www.w3.org/1999/xhtml" xml:lang="en" lang="en">
 <head>
  <title>
</title>
<meta http-equiv="Content-Type" content="text/html;charset=utf-8" />
  <meta name='ocr-system' content='tesseract 3.04.00' />
  <meta name='ocr-capabilities' content='ocr_page ocr_carea ocr_par ocr_line ocrx_word'/>
</head>
<body>
  <div class='ocr_page' id='page_1' title='image "./platonisetquaeve11plat_0224.png"; bbox 0 0 1840 3225; ppageno 0'>
   <div class='ocr_carea' id='block_1_1' title="bbox 212 216 1677 272">
    <p class='ocr_par' dir='ltr' id='par_1_1' title="bbox 212 216 1677 272">
     <span class='ocr_line' id='line_1_1' title="bbox 212 216 1677 272; baseline 0.003 -17"><span class='ocrx_word' id='word_1_1' title='bbox 212 218 290 256; x_wconf 81' lang='lat'><strong>208</strong></span> <span class='ocrx_word' id='word_1_2' title='bbox 814 216 1079 256; x_wconf 80' lang='lat' dir='ltr'><strong>PLATole</strong></span> <span class='ocrx_word' id='word_1_3' title='bbox 1577 221 1677 272; x_wconf 87' lang='lat'>[566</span> 
     </span>
    </p>
   </div>
   <div class='ocr_carea' id='block_1_2' title="bbox 214 317 1704 2944">
    <p class='ocr_par' dir='ltr' id='par_1_2' title="bbox 214 317 1704 2944">
     <span class='ocr_line' id='line_1_2' title="bbox 217 317 1681 365; baseline 0.003 -15"><span class='ocrx_word' id='word_1_4' title='bbox 217 318 313 357; x_wconf 85' lang='lat' dir='ltr'><strong>Quod</strong></span> <span class='ocrx_word' id='word_1_5' title='bbox 336 318 475 361; x_wconf 86' lang='lat' dir='ltr'><strong>quisquis</strong></span> <span class='ocrx_word' id='word_1_6' title='bbox 493 320 628 349; x_wconf 75' lang='lat' dir='ltr'><strong>humana</strong></span> <span class='ocrx_word' id='word_1_7' title='bbox 644 317 758 351; x_wconf 82' lang='lat' dir='ltr'><strong>viscera</strong></span> <span class='ocrx_word' id='word_1_8' title='bbox 773 329 844 352; x_wconf 91' lang='lat' dir='ltr'><strong>cum</strong></span> <span class='ocrx_word' id='word_1_9' title='bbox 860 321 987 352; x_wconf 81' lang='lat' dir='ltr'><strong>aliarum</strong></span> <span class='ocrx_word' id='word_1_10' title='bbox 1012 321 1205 352; x_wconf 82' lang='lat' dir='ltr'><strong>victimarum</strong></span> <span class='ocrx_word' id='word_1_11' title='bbox 1222 321 1319 352; x_wconf 87' lang='lat' dir='ltr'><strong>incisa</strong></span> <span class='ocrx_word' id='word_1_12' title='bbox 1332 321 1500 354; x_wconf 81' lang='lat' dir='ltr'><strong>visceribus</strong></span> <span class='ocrx_word' id='word_1_13' title='bbox 1514 323 1594 355; x_wconf 81' lang='lat' dir='ltr'><strong>forte</strong></span> <span class='ocrx_word' id='word_1_14' title='bbox 1608 334 1681 365; x_wconf 81' lang='lat' dir='ltr'><strong>gus-</strong></span> 
     </span>
     <span class='ocr_line' id='line_1_3' title="bbox 218 373 1678 417; baseline 0.003 -14"><span class='ocrx_word' id='word_1_15' title='bbox 218 373 300 410; x_wconf 83' lang='lat' dir='ltr'><strong>tarit,</strong></span> <span class='ocrx_word' id='word_1_16' title='bbox 316 373 408 414; x_wconf 82' lang='lat' dir='ltr'><strong>lupus</strong></span> <span class='ocrx_word' id='word_1_17' title='bbox 423 373 488 403; x_wconf 83' lang='lat' dir='ltr'><strong>fieri</strong></span> <span class='ocrx_word' id='word_1_18' title='bbox 509 373 641 414; x_wconf 83' lang='lat' dir='ltr'><strong>cogitur.</strong></span> <span class='ocrx_word' id='word_1_19' title='bbox 664 384 769 405; x_wconf 90' lang='lat' dir='ltr'><strong>nonne</strong></span> <span class='ocrx_word' id='word_1_20' title='bbox 786 374 922 406; x_wconf 70' lang='lat' dir='ltr'><strong>Fabulam</strong></span> <span class='ocrx_word' id='word_1_21' title='bbox 939 376 1106 406; x_wconf 83' lang='lat' dir='ltr'><strong>audivisti?</strong></span> <span class='ocrx_word' id='word_1_22' title='bbox 1153 376 1234 407; x_wconf 81' lang='lat' dir='ltr'><strong>Am.</strong></span> <span class='ocrx_word' id='word_1_23' title='bbox 1262 375 1430 417; x_wconf 85' lang='lat' dir='ltr'>Equidem.</span> <span class='ocrx_word' id='word_1_24' title='bbox 1475 376 1532 410; x_wconf 90' lang='lat' dir='ltr'><strong>So.</strong></span> <span class='ocrx_word' id='word_1_25' title='bbox 1549 377 1678 409; x_wconf 80' lang='lat' dir='ltr'><strong>&#39;Eodem</strong></span> 
     </span>
     <span class='ocr_line' id='line_1_4' title="bbox 217 426 1678 471; baseline 0.001 -12"><span class='ocrx_word' id='word_1_26' title='bbox 217 427 311 459; x_wconf 87' lang='lat' dir='ltr'><strong>modo</strong></span> <span class='ocrx_word' id='word_1_27' title='bbox 327 432 360 458; x_wconf 89' lang='lat' dir='ltr'><strong>et</strong></span> <span class='ocrx_word' id='word_1_28' title='bbox 372 426 443 468; x_wconf 83' lang='lat' dir='ltr'><strong>iste,</strong></span> <span class='ocrx_word' id='word_1_29' title='bbox 458 426 548 467; x_wconf 89' lang='lat' dir='ltr'><strong>cujus</strong></span> <span class='ocrx_word' id='word_1_30' title='bbox 575 427 705 468; x_wconf 87' lang='lat' dir='ltr'><strong>irnperio</strong></span> <span class='ocrx_word' id='word_1_31' title='bbox 731 428 821 460; x_wconf 90' lang='lat' dir='ltr'><strong>valde</strong></span> <span class='ocrx_word' id='word_1_32' title='bbox 850 430 961 470; x_wconf 81' lang='lat' dir='ltr'><strong>vulgus</strong></span> <span class='ocrx_word' id='word_1_33' title='bbox 984 430 1190 471; x_wconf 81' lang='lat' dir='ltr'>obtemperat,</span> <span class='ocrx_word' id='word_1_34' title='bbox 1214 435 1350 471; x_wconf 86' lang='lat' dir='ltr'><strong>cognato</strong></span> <span class='ocrx_word' id='word_1_35' title='bbox 1373 441 1435 461; x_wconf 89' lang='lat' dir='ltr'><strong>non</strong></span> <span class='ocrx_word' id='word_1_36' title='bbox 1459 430 1593 462; x_wconf 83' lang='lat' dir='ltr'><strong>abstinet</strong></span> <span class='ocrx_word' id='word_1_37' title='bbox 1606 441 1678 462; x_wconf 81' lang='lat' dir='ltr'><strong>san-</strong></span> 
     </span>
     <span class='ocr_line' id='line_1_5' title="bbox 218 479 1678 525; baseline 0.003 -15"><span class='ocrx_word' id='word_1_38' title='bbox 218 479 330 522; x_wconf 80' lang='lat' dir='ltr'><strong>guine:</strong></span> <span class='ocrx_word' id='word_1_39' title='bbox 355 481 409 511; x_wconf 89' lang='lat' dir='ltr'><strong>sed</strong></span> <span class='ocrx_word' id='word_1_40' title='bbox 425 481 523 517; x_wconf 81' lang='lat' dir='ltr'><strong>salsis,</strong></span> <span class='ocrx_word' id='word_1_41' title='bbox 539 486 574 511; x_wconf 89' lang='lat' dir='ltr'><strong>ut</strong></span> <span class='ocrx_word' id='word_1_42' title='bbox 591 481 704 518; x_wconf 78' lang='lat' dir='ltr'>solent,</span> <span class='ocrx_word' id='word_1_43' title='bbox 720 482 862 513; x_wconf 85' lang='lat' dir='ltr'><strong>confictis</strong></span> <span class='ocrx_word' id='word_1_44' title='bbox 885 482 1066 513; x_wconf 80' lang='lat' dir='ltr'><strong>criminibus</strong></span> <span class='ocrx_word' id='word_1_45' title='bbox 1092 483 1124 512; x_wconf 91' lang='lat' dir='ltr'><strong>in</strong></span> <span class='ocrx_word' id='word_1_46' title='bbox 1147 482 1302 523; x_wconf 80' lang='lat' dir='ltr'><strong>judicium</strong></span> <span class='ocrx_word' id='word_1_47' title='bbox 1329 483 1423 514; x_wconf 85' lang='lat' dir='ltr'><strong>trahit</strong></span> <span class='ocrx_word' id='word_1_48' title='bbox 1450 493 1515 520; x_wconf 83' lang='lat' dir='ltr'><strong>eos,</strong></span> <span class='ocrx_word' id='word_1_49' title='bbox 1531 494 1550 514; x_wconf 87' lang='lat' dir='ltr'><strong>a</strong></span> <span class='ocrx_word' id='word_1_50' title='bbox 1564 483 1678 525; x_wconf 80' lang='lat' dir='ltr'><strong>quibus</strong></span> 
     </span>
     <span class='ocr_line' id='line_1_6' title="bbox 216 534 1678 579; baseline 0.003 -15"><span class='ocrx_word' id='word_1_51' title='bbox 216 534 316 570; x_wconf 81' lang='lat' dir='ltr'><strong>timet,</strong></span> <span class='ocrx_word' id='word_1_52' title='bbox 332 539 364 565; x_wconf 90' lang='lat' dir='ltr'><strong>et</strong></span> <span class='ocrx_word' id='word_1_53' title='bbox 375 534 490 575; x_wconf 88' lang='lat' dir='ltr'><strong>injusta</strong></span> <span class='ocrx_word' id='word_1_54' title='bbox 504 544 536 564; x_wconf 90' lang='lat' dir='ltr'><strong>se</strong></span> <span class='ocrx_word' id='word_1_55' title='bbox 552 534 640 564; x_wconf 83' lang='lat' dir='ltr'><strong>caede</strong></span> <span class='ocrx_word' id='word_1_56' title='bbox 654 539 808 574; x_wconf 82' lang='lat' dir='ltr'><strong>cruentat,</strong></span> <span class='ocrx_word' id='word_1_57' title='bbox 823 535 879 565; x_wconf 91' lang='lat' dir='ltr'><strong>viri</strong></span> <span class='ocrx_word' id='word_1_58' title='bbox 894 535 989 566; x_wconf 89' lang='lat' dir='ltr'><strong>vitarn</strong></span> <span class='ocrx_word' id='word_1_59' title='bbox 1005 535 1217 576; x_wconf 84' lang='lat' dir='ltr'><strong>exstinguens,</strong></span> <span class='ocrx_word' id='word_1_60' title='bbox 1234 542 1424 578; x_wconf 80' lang='lat' dir='ltr'><strong>gustansque</strong></span> <span class='ocrx_word' id='word_1_61' title='bbox 1438 536 1546 578; x_wconf 85' lang='lat' dir='ltr'><strong>lingua</strong></span> <span class='ocrx_word' id='word_1_62' title='bbox 1555 538 1678 579; x_wconf 82' lang='lat' dir='ltr'><strong>impura</strong></span> 
     </span>
     <span class='ocr_line' id='line_1_7' title="bbox 217 586 1679 632; baseline 0.003 -14"><span class='ocrx_word' id='word_1_63' title='bbox 217 593 250 618; x_wconf 88' lang='lat' dir='ltr'><strong>et</strong></span> <span class='ocrx_word' id='word_1_64' title='bbox 275 588 405 628; x_wconf 85' lang='lat' dir='ltr'><strong>profano</strong></span> <span class='ocrx_word' id='word_1_65' title='bbox 430 598 482 620; x_wconf 85' lang='lat' dir='ltr'><strong>ore</strong></span> <span class='ocrx_word' id='word_1_66' title='bbox 506 586 627 628; x_wconf 84' lang='lat' dir='ltr'><strong>generis</strong></span> <span class='ocrx_word' id='word_1_67' title='bbox 651 587 780 627; x_wconf 89' lang='lat' dir='ltr'><strong>proximi</strong></span> <span class='ocrx_word' id='word_1_68' title='bbox 805 587 1006 628; x_wconf 86' lang='lat' dir='ltr'><strong>sanguinem:</strong></span> <span class='ocrx_word' id='word_1_69' title='bbox 1034 587 1132 630; x_wconf 85' lang='lat'>[566]</span> <span class='ocrx_word' id='word_1_70' title='bbox 1158 599 1195 620; x_wconf 86' lang='lat' dir='ltr'><strong>ac</strong></span> <span class='ocrx_word' id='word_1_71' title='bbox 1217 590 1384 621; x_wconf 85' lang='lat' dir='ltr'><strong>nonnullos</strong></span> <span class='ocrx_word' id='word_1_72' title='bbox 1405 590 1547 632; x_wconf 79' lang='lat' dir='ltr'><strong>expellit,</strong></span> <span class='ocrx_word' id='word_1_73' title='bbox 1566 596 1679 622; x_wconf 84' lang='lat' dir='ltr'><strong>enecat</strong></span> 
     </span>
     <span class='ocr_line' id='line_1_8' title="bbox 216 640 1679 685; baseline 0.002 -12"><span class='ocrx_word' id='word_1_74' title='bbox 216 642 294 673; x_wconf 88' lang='lat' dir='ltr'><strong>alios</strong></span> <span class='ocrx_word' id='word_1_75' title='bbox 318 645 463 673; x_wconf 80' lang='lat' dir='ltr'>causatus</span> <span class='ocrx_word' id='word_1_76' title='bbox 474 640 592 672; x_wconf 88' lang='lat' dir='ltr'><strong>scilicet</strong></span> <span class='ocrx_word' id='word_1_77' title='bbox 606 641 674 671; x_wconf 78' lang='lat' dir='ltr'><strong>aeris</strong></span> <span class='ocrx_word' id='word_1_78' title='bbox 696 640 793 671; x_wconf 86' lang='lat' dir='ltr'><strong>alieni</strong></span> <span class='ocrx_word' id='word_1_79' title='bbox 817 641 1018 672; x_wconf 87' lang='lat' dir='ltr'><strong>reserationes</strong></span> <span class='ocrx_word' id='word_1_80' title='bbox 1043 642 1288 684; x_wconf 64' lang='lat' dir='ltr'><strong>partitionesque</strong></span> <span class='ocrx_word' id='word_1_81' title='bbox 1304 654 1456 685; x_wconf 84' lang='lat' dir='ltr'><strong>agrorum.</strong></span> <span class='ocrx_word' id='word_1_82' title='bbox 1502 645 1608 682; x_wconf 81' lang='lat' dir='ltr'><strong>Quare</strong></span> <span class='ocrx_word' id='word_1_83' title='bbox 1623 655 1679 675; x_wconf 90' lang='lat' dir='ltr'><strong>ne-</strong></span> 
     </span>
     <span class='ocr_line' id='line_1_9' title="bbox 214 694 1678 739; baseline 0.001 -11"><span class='ocrx_word' id='word_1_84' title='bbox 214 706 301 728; x_wconf 85' lang='lat' dir='ltr'><strong>cesse</strong></span> <span class='ocrx_word' id='word_1_85' title='bbox 316 700 364 727; x_wconf 85' lang='lat' dir='ltr'><strong>est</strong></span> <span class='ocrx_word' id='word_1_86' title='bbox 377 695 531 737; x_wconf 86' lang='lat' dir='ltr'><strong>ejusmodi</strong></span> <span class='ocrx_word' id='word_1_87' title='bbox 546 694 703 725; x_wconf 85' lang='lat' dir='ltr'><strong>hominem</strong></span> <span class='ocrx_word' id='word_1_88' title='bbox 726 694 774 725; x_wconf 92' lang='lat' dir='ltr'><strong>vel</strong></span> <span class='ocrx_word' id='word_1_89' title='bbox 789 695 828 725; x_wconf 88' lang='lat' dir='ltr'><strong>ab</strong></span> <span class='ocrx_word' id='word_1_90' title='bbox 844 694 978 726; x_wconf 88' lang='lat' dir='ltr'><strong>inimicis</strong></span> <span class='ocrx_word' id='word_1_91' title='bbox 1002 695 1134 727; x_wconf 78' lang='lat' dir='ltr'><strong>interfici</strong></span> <span class='ocrx_word' id='word_1_92' title='bbox 1159 696 1208 727; x_wconf 87' lang='lat' dir='ltr'><strong>vel</strong></span> <span class='ocrx_word' id='word_1_93' title='bbox 1232 698 1436 739; x_wconf 76' lang='lat' dir='ltr'><strong>tyrannidem</strong></span> <span class='ocrx_word' id='word_1_94' title='bbox 1451 709 1603 735; x_wconf 87' lang='lat' dir='ltr'><strong>exercere,</strong></span> <span class='ocrx_word' id='word_1_95' title='bbox 1630 698 1678 729; x_wconf 86' lang='lat' dir='ltr'><strong>lu-</strong></span> 
     </span>
     <span class='ocr_line' id='line_1_10' title="bbox 214 748 1678 794; baseline 0.002 -13"><span class='ocrx_word' id='word_1_96' title='bbox 214 760 355 792; x_wconf 85' lang='lat' dir='ltr'><strong>pumque</strong></span> <span class='ocrx_word' id='word_1_97' title='bbox 381 759 418 779; x_wconf 88' lang='lat' dir='ltr'><strong>ex</strong></span> <span class='ocrx_word' id='word_1_98' title='bbox 439 749 564 780; x_wconf 88' lang='lat' dir='ltr'><strong>homine</strong></span> <span class='ocrx_word' id='word_1_99' title='bbox 590 748 666 779; x_wconf 82' lang='lat' dir='ltr'><strong>fieri.</strong></span> <span class='ocrx_word' id='word_1_100' title='bbox 713 748 797 780; x_wconf 83' lang='lat' dir='ltr'><strong>Anr.</strong></span> <span class='ocrx_word' id='word_1_101' title='bbox 820 749 957 780; x_wconf 83' lang='lat' dir='ltr'><strong>Necesse</strong></span> <span class='ocrx_word' id='word_1_102' title='bbox 973 754 1021 780; x_wconf 82' lang='lat' dir='ltr'><strong>est</strong></span> <span class='ocrx_word' id='word_1_103' title='bbox 1044 750 1182 781; x_wconf 83' lang='lat' dir='ltr'><strong>omnino.</strong></span> <span class='ocrx_word' id='word_1_104' title='bbox 1227 751 1284 782; x_wconf 91' lang='lat' dir='ltr'><strong>So.</strong></span> <span class='ocrx_word' id='word_1_105' title='bbox 1308 752 1373 783; x_wconf 86' lang='lat' dir='ltr'><strong>Iste</strong></span> <span class='ocrx_word' id='word_1_106' title='bbox 1388 753 1514 794; x_wconf 87' lang='lat' dir='ltr'><strong>quidem</strong></span> <span class='ocrx_word' id='word_1_107' title='bbox 1530 753 1678 784; x_wconf 80' lang='lat' dir='ltr'><strong>adversus</strong></span> 
     </span>
     <span class='ocr_line' id='line_1_11' title="bbox 215 802 1679 846; baseline 0.001 -11"><span class='ocrx_word' id='word_1_108' title='bbox 215 804 382 846; x_wconf 87' lang='lat' dir='ltr'><strong>opulentos</strong></span> <span class='ocrx_word' id='word_1_109' title='bbox 405 803 546 834; x_wconf 87' lang='lat' dir='ltr'><strong>homines</strong></span> <span class='ocrx_word' id='word_1_110' title='bbox 567 802 744 833; x_wconf 85' lang='lat' dir='ltr'><strong>seditiosus.</strong></span> <span class='ocrx_word' id='word_1_111' title='bbox 789 802 869 833; x_wconf 82' lang='lat' dir='ltr'><strong>Am.</strong></span> <span class='ocrx_word' id='word_1_112' title='bbox 893 802 999 834; x_wconf 89' lang='lat' dir='ltr'><strong>Certe.</strong></span> <span class='ocrx_word' id='word_1_113' title='bbox 1044 803 1101 834; x_wconf 90' lang='lat' dir='ltr'><strong>So.</strong></span> <span class='ocrx_word' id='word_1_114' title='bbox 1125 803 1241 835; x_wconf 89' lang='lat' dir='ltr'><strong>Nonne</strong></span> <span class='ocrx_word' id='word_1_115' title='bbox 1265 805 1304 836; x_wconf 91' lang='lat' dir='ltr'><strong>ab</strong></span> <span class='ocrx_word' id='word_1_116' title='bbox 1330 804 1525 837; x_wconf 74' lang='lat' dir='ltr'><strong>inimicorum</strong></span> <span class='ocrx_word' id='word_1_117' title='bbox 1549 805 1580 836; x_wconf 85' lang='lat' dir='ltr'><strong>vi</strong></span> <span class='ocrx_word' id='word_1_118' title='bbox 1605 806 1679 837; x_wconf 89' lang='lat' dir='ltr'><strong>huic</strong></span> 
     </span>
     <span class='ocr_line' id='line_1_12' title="bbox 215 855 1678 901; baseline 0 -11"><span class='ocrx_word' id='word_1_119' title='bbox 215 857 389 901; x_wconf 88' lang='lat' dir='ltr'><strong>periculum</strong></span> <span class='ocrx_word' id='word_1_120' title='bbox 404 857 556 893; x_wconf 83' lang='lat' dir='ltr'><strong>imminet,</strong></span> <span class='ocrx_word' id='word_1_121' title='bbox 571 856 636 898; x_wconf 90' lang='lat' dir='ltr'><strong>qui,</strong></span> <span class='ocrx_word' id='word_1_122' title='bbox 651 856 676 886; x_wconf 84' lang='lat' dir='ltr'><strong>si</strong></span> <span class='ocrx_word' id='word_1_123' title='bbox 692 855 849 896; x_wconf 85' lang='lat' dir='ltr'><strong>expulsus,</strong></span> <span class='ocrx_word' id='word_1_124' title='bbox 865 855 972 886; x_wconf 87' lang='lat' dir='ltr'><strong>invitis</strong></span> <span class='ocrx_word' id='word_1_125' title='bbox 997 856 1121 887; x_wconf 87' lang='lat' dir='ltr'><strong>redierit</strong></span> <span class='ocrx_word' id='word_1_126' title='bbox 1145 857 1292 894; x_wconf 88' lang='lat' dir='ltr'><strong>inimicis,</strong></span> <span class='ocrx_word' id='word_1_127' title='bbox 1319 863 1469 900; x_wconf 81' lang='lat' dir='ltr'><strong>tyrannus</strong></span> <span class='ocrx_word' id='word_1_128' title='bbox 1486 859 1617 890; x_wconf 84' lang='lat' dir='ltr'><strong>effectus</strong></span> <span class='ocrx_word' id='word_1_129' title='bbox 1630 869 1678 890; x_wconf 88' lang='lat' dir='ltr'><strong>re-</strong></span> 
     </span>
     <span class='ocr_line' id='line_1_13' title="bbox 215 909 1678 954; baseline 0 -10"><span class='ocrx_word' id='word_1_130' title='bbox 215 912 365 944; x_wconf 87' lang='lat' dir='ltr'><strong>vertitur?</strong></span> <span class='ocrx_word' id='word_1_131' title='bbox 410 911 491 942; x_wconf 85' lang='lat' dir='ltr'><strong>Am.</strong></span> <span class='ocrx_word' id='word_1_132' title='bbox 516 911 659 942; x_wconf 85' lang='lat' dir='ltr'><strong>Constat.</strong></span> <span class='ocrx_word' id='word_1_133' title='bbox 703 910 760 941; x_wconf 86' lang='lat' dir='ltr'><strong>So.</strong></span> <span class='ocrx_word' id='word_1_134' title='bbox 782 909 831 941; x_wconf 90' lang='lat' dir='ltr'><strong>Ac</strong></span> <span class='ocrx_word' id='word_1_135' title='bbox 847 911 874 941; x_wconf 83' lang='lat' dir='ltr'><strong>si</strong></span> <span class='ocrx_word' id='word_1_136' title='bbox 889 920 961 941; x_wconf 88' lang='lat' dir='ltr'><strong>eum</strong></span> <span class='ocrx_word' id='word_1_137' title='bbox 987 911 1150 941; x_wconf 85' lang='lat' dir='ltr'><strong>calumniis</strong></span> <span class='ocrx_word' id='word_1_138' title='bbox 1174 912 1308 952; x_wconf 80' lang='lat' dir='ltr'><strong>publicis</strong></span> <span class='ocrx_word' id='word_1_139' title='bbox 1331 912 1487 954; x_wconf 84' lang='lat' dir='ltr'><strong>expellere</strong></span> <span class='ocrx_word' id='word_1_140' title='bbox 1515 917 1678 954; x_wconf 84' lang='lat' dir='ltr'><strong>nequeunt</strong></span> 
     </span>
     <span class='ocr_line' id='line_1_14' title="bbox 215 963 1678 1006; baseline -0.001 -8"><span class='ocrx_word' id='word_1_141' title='bbox 215 967 263 998; x_wconf 87' lang='lat' dir='ltr'><strong>vel</strong></span> <span class='ocrx_word' id='word_1_142' title='bbox 280 966 436 1002; x_wconf 86' lang='lat' dir='ltr'><strong>occidere,</strong></span> <span class='ocrx_word' id='word_1_143' title='bbox 452 965 619 995; x_wconf 76' lang='lat' dir='ltr'><strong>violentam</strong></span> <span class='ocrx_word' id='word_1_144' title='bbox 636 963 680 994; x_wconf 85' lang='lat' dir='ltr'><strong>illi</strong></span> <span class='ocrx_word' id='word_1_145' title='bbox 695 969 823 994; x_wconf 87' lang='lat' dir='ltr'><strong>mortem</strong></span> <span class='ocrx_word' id='word_1_146' title='bbox 847 964 999 1005; x_wconf 87' lang='lat' dir='ltr'><strong>cogitant,</strong></span> <span class='ocrx_word' id='word_1_147' title='bbox 1020 964 1163 1006; x_wconf 89' lang='lat' dir='ltr'><strong>clamque</strong></span> <span class='ocrx_word' id='word_1_148' title='bbox 1187 965 1385 997; x_wconf 85' lang='lat' dir='ltr'><strong>insidiantur.</strong></span> <span class='ocrx_word' id='word_1_149' title='bbox 1426 966 1510 998; x_wconf 84' lang='lat' dir='ltr'><strong>Am.</strong></span> <span class='ocrx_word' id='word_1_150' title='bbox 1531 965 1583 997; x_wconf 84' lang='lat' dir='ltr'><strong>Ita</strong></span> <span class='ocrx_word' id='word_1_151' title='bbox 1594 971 1678 998; x_wconf 88' lang='lat' dir='ltr'><strong>certe</strong></span> 
     </span>
     <span class='ocr_line' id='line_1_15' title="bbox 215 1017 1678 1062; baseline 0.001 -11"><span class='ocrx_word' id='word_1_152' title='bbox 215 1020 282 1051; x_wconf 84' lang='lat' dir='ltr'><strong>fieri</strong></span> <span class='ocrx_word' id='word_1_153' title='bbox 296 1018 470 1051; x_wconf 87' lang='lat' dir='ltr'><strong>consuevit.</strong></span> <span class='ocrx_word' id='word_1_154' title='bbox 507 1019 561 1050; x_wconf 89' lang='lat' dir='ltr'><strong>So.</strong></span> <span class='ocrx_word' id='word_1_155' title='bbox 587 1017 672 1048; x_wconf 88' lang='lat' dir='ltr'><strong>Hinc</strong></span> <span class='ocrx_word' id='word_1_156' title='bbox 688 1017 778 1048; x_wconf 79' lang='lat' dir='ltr'><strong>solita</strong></span> <span class='ocrx_word' id='word_1_157' title='bbox 788 1017 843 1048; x_wconf 87' lang='lat' dir='ltr'><strong>illa</strong></span> <span class='ocrx_word' id='word_1_158' title='bbox 857 1018 952 1048; x_wconf 88' lang='lat' dir='ltr'><strong>oritur</strong></span> <span class='ocrx_word' id='word_1_159' title='bbox 963 1018 1102 1060; x_wconf 84' lang='lat' dir='ltr'><strong>tyrannis</strong></span> <span class='ocrx_word' id='word_1_160' title='bbox 1114 1019 1235 1050; x_wconf 85' lang='lat' dir='ltr'><strong>occasio</strong></span> <span class='ocrx_word' id='word_1_161' title='bbox 1250 1019 1406 1061; x_wconf 87' lang='lat' dir='ltr'><strong>exigendi.</strong></span> <span class='ocrx_word' id='word_1_162' title='bbox 1428 1030 1542 1062; x_wconf 89' lang='lat' dir='ltr'><strong>nempe</strong></span> <span class='ocrx_word' id='word_1_163' title='bbox 1557 1030 1678 1057; x_wconf 76' lang='lat' dir='ltr'><strong>omnes,</strong></span> 
     </span>
     <span class='ocr_line' id='line_1_16' title="bbox 215 1071 1679 1116; baseline 0.001 -12"><span class='ocrx_word' id='word_1_164' title='bbox 215 1073 270 1116; x_wconf 90' lang='lat' dir='ltr'><strong>qui</strong></span> <span class='ocrx_word' id='word_1_165' title='bbox 284 1074 345 1105; x_wconf 87' lang='lat' dir='ltr'><strong>huc</strong></span> <span class='ocrx_word' id='word_1_166' title='bbox 360 1072 578 1115; x_wconf 72' lang='lat' dir='ltr'><strong>ascenderunt,</strong></span> <span class='ocrx_word' id='word_1_167' title='bbox 594 1071 738 1102; x_wconf 84' lang='lat' dir='ltr'><strong>custodes</strong></span> <span class='ocrx_word' id='word_1_168' title='bbox 754 1071 874 1114; x_wconf 87' lang='lat' dir='ltr'><strong>aliquos</strong></span> <span class='ocrx_word' id='word_1_169' title='bbox 889 1073 1038 1113; x_wconf 85' lang='lat' dir='ltr'><strong>corporis,</strong></span> <span class='ocrx_word' id='word_1_170' title='bbox 1052 1078 1087 1103; x_wconf 90' lang='lat' dir='ltr'><strong>ut</strong></span> <span class='ocrx_word' id='word_1_171' title='bbox 1097 1071 1260 1104; x_wconf 80' lang='lat' dir='ltr'><strong>auxiliator</strong></span> <span class='ocrx_word' id='word_1_172' title='bbox 1272 1073 1383 1115; x_wconf 91' lang='lat' dir='ltr'><strong>populi</strong></span> <span class='ocrx_word' id='word_1_173' title='bbox 1393 1074 1496 1105; x_wconf 81' lang='lat' dir='ltr'><strong>salvus</strong></span> <span class='ocrx_word' id='word_1_174' title='bbox 1509 1074 1561 1110; x_wconf 91' lang='lat' dir='ltr'><strong>sit,</strong></span> <span class='ocrx_word' id='word_1_175' title='bbox 1577 1074 1679 1105; x_wconf 86' lang='lat' dir='ltr'><strong>solent</strong></span> 
     </span>
     <span class='ocr_line' id='line_1_17' title="bbox 216 1124 1682 1169; baseline -0.001 -10"><span class='ocrx_word' id='word_1_176' title='bbox 216 1138 235 1159; x_wconf 86' lang='lat' dir='ltr'><strong>a</strong></span> <span class='ocrx_word' id='word_1_177' title='bbox 251 1127 343 1168; x_wconf 87' lang='lat' dir='ltr'><strong>plebe</strong></span> <span class='ocrx_word' id='word_1_178' title='bbox 358 1126 521 1168; x_wconf 81' lang='lat' dir='ltr'><strong>requirere.</strong></span> <span class='ocrx_word' id='word_1_179' title='bbox 565 1124 648 1156; x_wconf 81' lang='lat' dir='ltr'><strong>Am.</strong></span> <span class='ocrx_word' id='word_1_180' title='bbox 670 1125 824 1158; x_wconf 82' lang='lat' dir='ltr'><strong>Maxime.</strong></span> <span class='ocrx_word' id='word_1_181' title='bbox 867 1125 923 1157; x_wconf 88' lang='lat' dir='ltr'><strong>So.</strong></span> <span class='ocrx_word' id='word_1_182' title='bbox 948 1126 1015 1156; x_wconf 91' lang='lat' dir='ltr'><strong>Dat</strong></span> <span class='ocrx_word' id='word_1_183' title='bbox 1030 1126 1137 1168; x_wconf 88' lang='lat' dir='ltr'><strong>itaque</strong></span> <span class='ocrx_word' id='word_1_184' title='bbox 1152 1137 1205 1158; x_wconf 90' lang='lat' dir='ltr'><strong>eos</strong></span> <span class='ocrx_word' id='word_1_185' title='bbox 1222 1126 1310 1168; x_wconf 86' lang='lat' dir='ltr'><strong>plebs</strong></span> <span class='ocrx_word' id='word_1_186' title='bbox 1325 1126 1371 1158; x_wconf 87' lang='lat' dir='ltr'><strong>illi</strong></span> <span class='ocrx_word' id='word_1_187' title='bbox 1388 1132 1530 1158; x_wconf 86' lang='lat' dir='ltr'><strong>metuens</strong></span> <span class='ocrx_word' id='word_1_188' title='bbox 1545 1127 1603 1158; x_wconf 88' lang='lat' dir='ltr'><strong>sibi</strong></span> <span class='ocrx_word' id='word_1_189' title='bbox 1618 1126 1682 1169; x_wconf 86' lang='lat' dir='ltr'><strong>ipsi</strong></span> 
     </span>
     <span class='ocr_line' id='line_1_18' title="bbox 216 1178 1681 1223; baseline 0 -11"><span class='ocrx_word' id='word_1_190' title='bbox 216 1182 307 1212; x_wconf 89' lang='lat' dir='ltr'><strong>nimis</strong></span> <span class='ocrx_word' id='word_1_191' title='bbox 322 1181 495 1212; x_wconf 85' lang='lat' dir='ltr'><strong>confidens.</strong></span> <span class='ocrx_word' id='word_1_192' title='bbox 539 1178 622 1211; x_wconf 83' lang='lat' dir='ltr'><strong>Am.</strong></span> <span class='ocrx_word' id='word_1_193' title='bbox 645 1179 854 1221; x_wconf 81' lang='lat' dir='ltr'><strong>Magnopere.</strong></span> <span class='ocrx_word' id='word_1_194' title='bbox 897 1180 953 1212; x_wconf 88' lang='lat' dir='ltr'><strong>So.</strong></span> <span class='ocrx_word' id='word_1_195' title='bbox 977 1180 1058 1212; x_wconf 91' lang='lat' dir='ltr'><strong>Cum</strong></span> <span class='ocrx_word' id='word_1_196' title='bbox 1085 1181 1152 1213; x_wconf 82' lang='lat' dir='ltr'><strong>haec</strong></span> <span class='ocrx_word' id='word_1_197' title='bbox 1168 1181 1213 1211; x_wconf 86' lang='lat' dir='ltr'><strong>vir</strong></span> <span class='ocrx_word' id='word_1_198' title='bbox 1236 1181 1424 1223; x_wconf 83' lang='lat' dir='ltr'><strong>pecuniosus</strong></span> <span class='ocrx_word' id='word_1_199' title='bbox 1449 1181 1681 1222; x_wconf 85' lang='lat' dir='ltr'><strong>animadvertit,</strong></span> 
     </span>
     <span class='ocr_line' id='line_1_19' title="bbox 215 1233 1678 1277; baseline 0 -11"><span class='ocrx_word' id='word_1_200' title='bbox 215 1236 273 1277; x_wconf 92' lang='lat' dir='ltr'><strong>qui</strong></span> <span class='ocrx_word' id='word_1_201' title='bbox 291 1236 332 1266; x_wconf 92' lang='lat' dir='ltr'><strong>ob</strong></span> <span class='ocrx_word' id='word_1_202' title='bbox 348 1234 498 1276; x_wconf 85' lang='lat' dir='ltr'><strong>pecunias</strong></span> <span class='ocrx_word' id='word_1_203' title='bbox 513 1233 599 1275; x_wconf 87' lang='lat' dir='ltr'><strong>plebi</strong></span> <span class='ocrx_word' id='word_1_204' title='bbox 616 1234 711 1264; x_wconf 90' lang='lat' dir='ltr'><strong>hostis</strong></span> <span class='ocrx_word' id='word_1_205' title='bbox 727 1238 785 1270; x_wconf 83' lang='lat' dir='ltr'><strong>est,</strong></span> <span class='ocrx_word' id='word_1_206' title='bbox 803 1238 878 1265; x_wconf 80' lang='lat' dir='ltr'><strong>tune</strong></span> <span class='ocrx_word' id='word_1_207' title='bbox 894 1239 976 1266; x_wconf 90' lang='lat' dir='ltr'><strong>certe</strong></span> <span class='ocrx_word' id='word_1_208' title='bbox 996 1234 1088 1275; x_wconf 80' lang='lat' dir='ltr'><strong>juxta</strong></span> <span class='ocrx_word' id='word_1_209' title='bbox 1105 1235 1262 1266; x_wconf 88' lang='lat' dir='ltr'><strong>oraculum</strong></span> <span class='ocrx_word' id='word_1_210' title='bbox 1291 1235 1398 1266; x_wconf 82' lang='lat' dir='ltr'><strong>croeso</strong></span> <span class='ocrx_word' id='word_1_211' title='bbox 1420 1235 1528 1266; x_wconf 87' lang='lat' dir='ltr'><strong>datum</strong></span> <span class='ocrx_word' id='word_1_212' title='bbox 1543 1235 1583 1266; x_wconf 90' lang='lat' dir='ltr'><strong>ad</strong></span> <span class='ocrx_word' id='word_1_213' title='bbox 1598 1234 1678 1266; x_wconf 87' lang='lat' dir='ltr'><strong>Her-</strong></span> 
     </span>
     <span class='ocr_line' id='line_1_20' title="bbox 217 1277 1680 1330; baseline -0.001 -10"><span class='ocrx_word' id='word_1_214' title='bbox 217 1300 300 1320; x_wconf 87' lang='lat' dir='ltr'><strong>mum</strong></span> <span class='ocrx_word' id='word_1_215' title='bbox 315 1289 491 1330; x_wconf 88' lang='lat' dir='ltr'><strong>lapidosum</strong></span> <span class='ocrx_word' id='word_1_216' title='bbox 507 1287 635 1318; x_wconf 82' lang='lat' dir='ltr'><strong>fluvium</strong></span> <span class='ocrx_word' id='word_1_217' title='bbox 651 1286 785 1328; x_wconf 81' lang='lat' dir='ltr'><strong>aufugit,</strong></span> <span class='ocrx_word' id='word_1_218' title='bbox 800 1297 902 1328; x_wconf 89' lang='lat' dir='ltr'><strong>neque</strong></span> <span class='ocrx_word' id='word_1_219' title='bbox 916 1293 1061 1325; x_wconf 87' lang='lat' dir='ltr'><strong>moratur,</strong></span> <span class='ocrx_word' id='word_1_220' title='bbox 1077 1299 1180 1329; x_wconf 90' lang='lat' dir='ltr'><strong>neque</strong></span> <span class='ocrx_word' id='word_1_221' title='bbox 1197 1277 1324 1320; x_wconf 78' lang='lat' dir='ltr'><strong>timidus</strong></span> <span class='ocrx_word' id='word_1_222' title='bbox 1338 1289 1403 1320; x_wconf 90' lang='lat' dir='ltr'><strong>dici</strong></span> <span class='ocrx_word' id='word_1_223' title='bbox 1419 1287 1552 1320; x_wconf 78' lang='lat' dir='ltr'><strong>veretur.</strong></span> <span class='ocrx_word' id='word_1_224' title='bbox 1595 1288 1680 1319; x_wconf 82' lang='lat' dir='ltr'><strong>Am.</strong></span> 
     </span>
     <span class='ocr_line' id='line_1_21' title="bbox 217 1341 1678 1384; baseline 0 -11"><span class='ocrx_word' id='word_1_225' title='bbox 217 1342 470 1383; x_wconf 87' lang='lat' dir='ltr'><strong>Haudquaquam</strong></span> <span class='ocrx_word' id='word_1_226' title='bbox 484 1341 622 1372; x_wconf 88' lang='lat' dir='ltr'><strong>secundo</strong></span> <span class='ocrx_word' id='word_1_227' title='bbox 638 1341 747 1371; x_wconf 85' lang='lat' dir='ltr'><strong>iterum</strong></span> <span class='ocrx_word' id='word_1_228' title='bbox 763 1346 929 1373; x_wconf 86' lang='lat' dir='ltr'><strong>vereretur.</strong></span> <span class='ocrx_word' id='word_1_229' title='bbox 973 1342 1029 1373; x_wconf 74' lang='lat' dir='ltr'><strong>So.</strong></span> <span class='ocrx_word' id='word_1_230' title='bbox 1052 1343 1147 1379; x_wconf 87' lang='lat' dir='ltr'><strong>Sane,</strong></span> <span class='ocrx_word' id='word_1_231' title='bbox 1164 1343 1304 1384; x_wconf 88' lang='lat' dir='ltr'><strong>quisquis</strong></span> <span class='ocrx_word' id='word_1_232' title='bbox 1319 1343 1560 1384; x_wconf 83' lang='lat' dir='ltr'><strong>comprehensus</strong></span> <span class='ocrx_word' id='word_1_233' title='bbox 1573 1342 1678 1379; x_wconf 86' lang='lat' dir='ltr'><strong>fuerit,</strong></span> 
     </span>
     <span class='ocr_line' id='line_1_22' title="bbox 216 1394 1678 1438; baseline 0.001 -11"><span class='ocrx_word' id='word_1_234' title='bbox 216 1397 325 1428; x_wconf 90' lang='lat' dir='ltr'><strong>ultimo</strong></span> <span class='ocrx_word' id='word_1_235' title='bbox 340 1395 496 1437; x_wconf 88' lang='lat' dir='ltr'><strong>supplicio</strong></span> <span class='ocrx_word' id='word_1_236' title='bbox 511 1395 593 1426; x_wconf 81' lang='lat' dir='ltr'><strong>affici</strong></span> <span class='ocrx_word' id='word_1_237' title='bbox 608 1395 697 1426; x_wconf 81' lang='lat' dir='ltr'><strong>solet.</strong></span> <span class='ocrx_word' id='word_1_238' title='bbox 743 1394 828 1426; x_wconf 79' lang='lat' dir='ltr'><strong>Ant.</strong></span> <span class='ocrx_word' id='word_1_239' title='bbox 851 1395 999 1427; x_wconf 86' lang='lat' dir='ltr'><strong>Necesse.</strong></span> <span class='ocrx_word' id='word_1_240' title='bbox 1044 1397 1100 1427; x_wconf 89' lang='lat' dir='ltr'><strong>So.</strong></span> <span class='ocrx_word' id='word_1_241' title='bbox 1122 1396 1168 1427; x_wconf 89' lang='lat' dir='ltr'><strong>At</strong></span> <span class='ocrx_word' id='word_1_242' title='bbox 1188 1396 1298 1438; x_wconf 91' lang='lat' dir='ltr'><strong>populi</strong></span> <span class='ocrx_word' id='word_1_243' title='bbox 1321 1397 1374 1427; x_wconf 88' lang='lat' dir='ltr'><strong>ille</strong></span> <span class='ocrx_word' id='word_1_244' title='bbox 1388 1397 1534 1428; x_wconf 79' lang='lat' dir='ltr'><strong>defensor</strong></span> <span class='ocrx_word' id='word_1_245' title='bbox 1548 1407 1678 1438; x_wconf 82' lang='lat' dir='ltr'><strong>magnus</strong></span> 
     </span>
     <span class='ocr_line' id='line_1_23' title="bbox 216 1449 1680 1493; baseline 0.001 -13"><span class='ocrx_word' id='word_1_246' title='bbox 216 1449 381 1491; x_wconf 88' lang='lat' dir='ltr'><strong>magnifice</strong></span> <span class='ocrx_word' id='word_1_247' title='bbox 396 1449 637 1490; x_wconf 85' lang='lat' dir='ltr'><strong>haudquaquam</strong></span> <span class='ocrx_word' id='word_1_248' title='bbox 653 1459 718 1480; x_wconf 89' lang='lat' dir='ltr'><strong>sese</strong></span> <span class='ocrx_word' id='word_1_249' title='bbox 734 1449 823 1490; x_wconf 81' lang='lat' dir='ltr'><strong>gerit,</strong></span> <span class='ocrx_word' id='word_1_250' title='bbox 841 1449 896 1479; x_wconf 88' lang='lat' dir='ltr'><strong>sed</strong></span> <span class='ocrx_word' id='word_1_251' title='bbox 911 1449 990 1481; x_wconf 89' lang='lat' dir='ltr'><strong>alios</strong></span> <span class='ocrx_word' id='word_1_252' title='bbox 1011 1450 1178 1490; x_wconf 86' lang='lat' dir='ltr'><strong>prosternit</strong></span> <span class='ocrx_word' id='word_1_253' title='bbox 1193 1451 1357 1492; x_wconf 89' lang='lat' dir='ltr'><strong>plurimos,</strong></span> <span class='ocrx_word' id='word_1_254' title='bbox 1382 1456 1413 1481; x_wconf 87' lang='lat' dir='ltr'><strong>et</strong></span> <span class='ocrx_word' id='word_1_255' title='bbox 1436 1450 1505 1493; x_wconf 89' lang='lat' dir='ltr'><strong>ipse</strong></span> <span class='ocrx_word' id='word_1_256' title='bbox 1528 1450 1560 1481; x_wconf 90' lang='lat' dir='ltr'><strong>in</strong></span> <span class='ocrx_word' id='word_1_257' title='bbox 1588 1461 1680 1482; x_wconf 86' lang='lat' dir='ltr'><strong>curru</strong></span> 
     </span>
     <span class='ocr_line' id='line_1_24' title="bbox 216 1501 1681 1546; baseline 0.001 -13"><span class='ocrx_word' id='word_1_258' title='bbox 216 1503 332 1534; x_wconf 86' lang='lat' dir='ltr'><strong>residet</strong></span> <span class='ocrx_word' id='word_1_259' title='bbox 345 1501 491 1538; x_wconf 88' lang='lat' dir='ltr'><strong>civitatis,</strong></span> <span class='ocrx_word' id='word_1_260' title='bbox 507 1506 657 1543; x_wconf 80' lang='lat' dir='ltr'><strong>tyrannus</strong></span> <span class='ocrx_word' id='word_1_261' title='bbox 673 1512 710 1532; x_wconf 83' lang='lat' dir='ltr'><strong>ex</strong></span> <span class='ocrx_word' id='word_1_262' title='bbox 739 1506 839 1533; x_wconf 87' lang='lat' dir='ltr'><strong>tutore</strong></span> <span class='ocrx_word' id='word_1_263' title='bbox 862 1502 1006 1534; x_wconf 86' lang='lat' dir='ltr'><strong>effectus.</strong></span> <span class='ocrx_word' id='word_1_264' title='bbox 1050 1502 1134 1536; x_wconf 84' lang='lat' dir='ltr'><strong>Anr.</strong></span> <span class='ocrx_word' id='word_1_265' title='bbox 1160 1503 1440 1546; x_wconf 80' lang='lat' dir='ltr'><strong>Quidprohibet?</strong></span> <span class='ocrx_word' id='word_1_266' title='bbox 1485 1504 1540 1536; x_wconf 89' lang='lat' dir='ltr'><strong>So.</strong></span> <span class='ocrx_word' id='word_1_267' title='bbox 1565 1503 1619 1535; x_wconf 90' lang='lat' dir='ltr'><strong>An</strong></span> <span class='ocrx_word' id='word_1_268' title='bbox 1634 1503 1681 1534; x_wconf 85' lang='lat' dir='ltr'><strong>vis</strong></span> 
     </span>
     <span class='ocr_line' id='line_1_25' title="bbox 217 1555 1681 1599; baseline 0.001 -12"><span class='ocrx_word' id='word_1_269' title='bbox 217 1566 393 1588; x_wconf 86' lang='lat' dir='ltr'><strong>enarremus</strong></span> <span class='ocrx_word' id='word_1_270' title='bbox 408 1555 634 1586; x_wconf 88' lang='lat' dir='ltr'><strong>beatitudinem</strong></span> <span class='ocrx_word' id='word_1_271' title='bbox 651 1555 706 1585; x_wconf 88' lang='lat' dir='ltr'><strong>viri</strong></span> <span class='ocrx_word' id='word_1_272' title='bbox 718 1555 824 1596; x_wconf 83' lang='lat' dir='ltr'><strong>hujus,</strong></span> <span class='ocrx_word' id='word_1_273' title='bbox 844 1561 875 1586; x_wconf 89' lang='lat' dir='ltr'><strong>et</strong></span> <span class='ocrx_word' id='word_1_274' title='bbox 890 1556 1038 1594; x_wconf 88' lang='lat' dir='ltr'><strong>civitatis,</strong></span> <span class='ocrx_word' id='word_1_275' title='bbox 1053 1557 1086 1588; x_wconf 89' lang='lat' dir='ltr'><strong>in</strong></span> <span class='ocrx_word' id='word_1_276' title='bbox 1112 1567 1174 1599; x_wconf 87' lang='lat' dir='ltr'><strong>qua</strong></span> <span class='ocrx_word' id='word_1_277' title='bbox 1201 1557 1246 1588; x_wconf 90' lang='lat' dir='ltr'><strong>vir</strong></span> <span class='ocrx_word' id='word_1_278' title='bbox 1272 1558 1342 1589; x_wconf 88' lang='lat' dir='ltr'><strong>talis</strong></span> <span class='ocrx_word' id='word_1_279' title='bbox 1357 1558 1549 1589; x_wconf 87' lang='lat' dir='ltr'><strong>innascitur?</strong></span> <span class='ocrx_word' id='word_1_280' title='bbox 1593 1556 1681 1590; x_wconf 81' lang='lat' dir='ltr'><strong>Am.</strong></span> 
     </span>
     <span class='ocr_line' id='line_1_26' title="bbox 218 1609 1682 1653; baseline 0.001 -11"><span class='ocrx_word' id='word_1_281' title='bbox 218 1611 347 1642; x_wconf 84' lang='lat' dir='ltr'><strong>Prorsus</strong></span> <span class='ocrx_word' id='word_1_282' title='bbox 361 1610 500 1651; x_wconf 86' lang='lat' dir='ltr'><strong>quidem.</strong></span> <span class='ocrx_word' id='word_1_283' title='bbox 545 1609 600 1640; x_wconf 89' lang='lat' dir='ltr'><strong>So.</strong></span> <span class='ocrx_word' id='word_1_284' title='bbox 623 1609 781 1650; x_wconf 76' lang='lat' dir='ltr'><strong>PrIncipio</strong></span> <span class='ocrx_word' id='word_1_285' title='bbox 798 1610 924 1651; x_wconf 89' lang='lat' dir='ltr'><strong>quidem</strong></span> <span class='ocrx_word' id='word_1_286' title='bbox 941 1621 1048 1642; x_wconf 87' lang='lat' dir='ltr'><strong>omnes</strong></span> <span class='ocrx_word' id='word_1_287' title='bbox 1064 1611 1188 1648; x_wconf 87' lang='lat' dir='ltr'><strong>salutat,</strong></span> <span class='ocrx_word' id='word_1_288' title='bbox 1215 1612 1352 1643; x_wconf 88' lang='lat' dir='ltr'><strong>arridens</strong></span> <span class='ocrx_word' id='word_1_289' title='bbox 1372 1612 1610 1653; x_wconf 87' lang='lat' dir='ltr'><strong>quibuscunque</strong></span> <span class='ocrx_word' id='word_1_290' title='bbox 1625 1611 1682 1642; x_wconf 85' lang='lat' dir='ltr'><strong>ob-</strong></span> 
     </span>
     <span class='ocr_line' id='line_1_27' title="bbox 217 1663 1681 1707; baseline 0.001 -14"><span class='ocrx_word' id='word_1_291' title='bbox 217 1664 285 1694; x_wconf 85' lang='lat' dir='ltr'><strong>vius</strong></span> <span class='ocrx_word' id='word_1_292' title='bbox 303 1663 408 1700; x_wconf 83' lang='lat' dir='ltr'><strong>fuerit,</strong></span> <span class='ocrx_word' id='word_1_293' title='bbox 423 1667 456 1694; x_wconf 88' lang='lat' dir='ltr'><strong>et</strong></span> <span class='ocrx_word' id='word_1_294' title='bbox 470 1673 584 1694; x_wconf 88' lang='lat' dir='ltr'><strong>nomen</strong></span> <span class='ocrx_word' id='word_1_295' title='bbox 601 1663 726 1704; x_wconf 85' lang='lat' dir='ltr'><strong>tyranni</strong></span> <span class='ocrx_word' id='word_1_296' title='bbox 741 1668 873 1701; x_wconf 85' lang='lat' dir='ltr'><strong>recusat,</strong></span> <span class='ocrx_word' id='word_1_297' title='bbox 891 1663 1055 1705; x_wconf 87' lang='lat' dir='ltr'><strong>pollicetur</strong></span> <span class='ocrx_word' id='word_1_298' title='bbox 1077 1665 1174 1695; x_wconf 81' lang='lat' dir='ltr'><strong>multa</strong></span> <span class='ocrx_word' id='word_1_299' title='bbox 1199 1670 1231 1696; x_wconf 87' lang='lat' dir='ltr'><strong>et</strong></span> <span class='ocrx_word' id='word_1_300' title='bbox 1254 1665 1398 1706; x_wconf 84' lang='lat' dir='ltr'><strong>privatim</strong></span> <span class='ocrx_word' id='word_1_301' title='bbox 1411 1670 1444 1696; x_wconf 90' lang='lat' dir='ltr'><strong>et</strong></span> <span class='ocrx_word' id='word_1_302' title='bbox 1466 1664 1604 1707; x_wconf 88' lang='lat' dir='ltr'><strong>publice,</strong></span> <span class='ocrx_word' id='word_1_303' title='bbox 1620 1673 1681 1695; x_wconf 81' lang='lat' dir='ltr'><strong>aere</strong></span> 
     </span>
     <span class='ocr_line' id='line_1_28' title="bbox 218 1717 1682 1760; baseline 0 -12"><span class='ocrx_word' id='word_1_304' title='bbox 218 1718 329 1748; x_wconf 87' lang='lat' dir='ltr'><strong>liberat</strong></span> <span class='ocrx_word' id='word_1_305' title='bbox 344 1717 463 1758; x_wconf 81' lang='lat' dir='ltr'><strong>alieno,</strong></span> <span class='ocrx_word' id='word_1_306' title='bbox 478 1727 629 1758; x_wconf 85' lang='lat' dir='ltr'><strong>agrosque</strong></span> <span class='ocrx_word' id='word_1_307' title='bbox 645 1717 813 1754; x_wconf 84' lang='lat' dir='ltr'><strong>distribuit,</strong></span> <span class='ocrx_word' id='word_1_308' title='bbox 831 1718 1013 1759; x_wconf 91' lang='lat' dir='ltr'><strong>populoque</strong></span> <span class='ocrx_word' id='word_1_309' title='bbox 1029 1718 1284 1753; x_wconf 19' lang='lat' dir='ltr'><strong>etssamiliaribus</strong></span> <span class='ocrx_word' id='word_1_310' title='bbox 1300 1719 1362 1750; x_wconf 91' lang='lat' dir='ltr'><strong>suis</strong></span> <span class='ocrx_word' id='word_1_311' title='bbox 1375 1729 1412 1751; x_wconf 88' lang='lat' dir='ltr'><strong>ac</strong></span> <span class='ocrx_word' id='word_1_312' title='bbox 1427 1718 1564 1760; x_wconf 87' lang='lat' dir='ltr'><strong>denique</strong></span> <span class='ocrx_word' id='word_1_313' title='bbox 1580 1717 1682 1749; x_wconf 89' lang='lat' dir='ltr'><strong>omniÎ‡</strong></span> 
     </span>
     <span class='ocr_line' id='line_1_29' title="bbox 217 1770 1682 1814; baseline -0.001 -12"><span class='ocrx_word' id='word_1_314' title='bbox 217 1772 275 1802; x_wconf 85' lang='lat' dir='ltr'><strong>bus</strong></span> <span class='ocrx_word' id='word_1_315' title='bbox 292 1777 470 1802; x_wconf 89' lang='lat' dir='ltr'><strong>mansuetus</strong></span> <span class='ocrx_word' id='word_1_316' title='bbox 481 1775 513 1801; x_wconf 87' lang='lat' dir='ltr'><strong>et</strong></span> <span class='ocrx_word' id='word_1_317' title='bbox 527 1771 609 1802; x_wconf 83' lang='lat' dir='ltr'><strong>mitis</strong></span> <span class='ocrx_word' id='word_1_318' title='bbox 624 1781 692 1802; x_wconf 88' lang='lat' dir='ltr'><strong>esse</strong></span> <span class='ocrx_word' id='word_1_319' title='bbox 707 1770 843 1803; x_wconf 79' lang='lat' dir='ltr'><strong>simulat.</strong></span> <span class='ocrx_word' id='word_1_320' title='bbox 888 1771 972 1803; x_wconf 86' lang='lat' dir='ltr'><strong>Am.</strong></span> <span class='ocrx_word' id='word_1_321' title='bbox 996 1772 1136 1804; x_wconf 85' lang='lat' dir='ltr'><strong>Necesse</strong></span> <span class='ocrx_word' id='word_1_322' title='bbox 1150 1778 1208 1804; x_wconf 91' lang='lat' dir='ltr'><strong>est.</strong></span> <span class='ocrx_word' id='word_1_323' title='bbox 1253 1773 1310 1804; x_wconf 89' lang='lat' dir='ltr'><strong>So.</strong></span> <span class='ocrx_word' id='word_1_324' title='bbox 1332 1773 1377 1804; x_wconf 79' lang='lat' dir='ltr'><strong>At</strong></span> <span class='ocrx_word' id='word_1_325' title='bbox 1391 1783 1462 1804; x_wconf 88' lang='lat' dir='ltr'><strong>cum</strong></span> <span class='ocrx_word' id='word_1_326' title='bbox 1479 1772 1610 1814; x_wconf 86' lang='lat' dir='ltr'><strong>primum</strong></span> <span class='ocrx_word' id='word_1_327' title='bbox 1626 1781 1682 1802; x_wconf 88' lang='lat' dir='ltr'><strong>ex-</strong></span> 
     </span>
     <span class='ocr_line' id='line_1_30' title="bbox 219 1825 1683 1868; baseline -0.001 -11"><span class='ocrx_word' id='word_1_328' title='bbox 219 1831 322 1857; x_wconf 84' lang='lat' dir='ltr'><strong>ternos</strong></span> <span class='ocrx_word' id='word_1_329' title='bbox 338 1826 440 1856; x_wconf 87' lang='lat' dir='ltr'><strong>hostes</strong></span> <span class='ocrx_word' id='word_1_330' title='bbox 457 1825 568 1866; x_wconf 80' lang='lat' dir='ltr'><strong>partim</strong></span> <span class='ocrx_word' id='word_1_331' title='bbox 584 1825 644 1856; x_wconf 88' lang='lat' dir='ltr'><strong>sibi</strong></span> <span class='ocrx_word' id='word_1_332' title='bbox 658 1825 848 1862; x_wconf 87' lang='lat' dir='ltr'><strong>conciliavit,</strong></span> <span class='ocrx_word' id='word_1_333' title='bbox 865 1826 976 1867; x_wconf 81' lang='lat' dir='ltr'><strong>partim</strong></span> <span class='ocrx_word' id='word_1_334' title='bbox 1002 1827 1162 1862; x_wconf 82' lang='lat' dir='ltr'><strong>exstinxit,</strong></span> <span class='ocrx_word' id='word_1_335' title='bbox 1179 1827 1268 1858; x_wconf 87' lang='lat' dir='ltr'><strong>rebus</strong></span> <span class='ocrx_word' id='word_1_336' title='bbox 1285 1827 1351 1868; x_wconf 85' lang='lat' dir='ltr'><strong>jam</strong></span> <span class='ocrx_word' id='word_1_337' title='bbox 1367 1826 1487 1868; x_wconf 81' lang='lat' dir='ltr'><strong>pacatis</strong></span> <span class='ocrx_word' id='word_1_338' title='bbox 1509 1826 1626 1866; x_wconf 79' lang='lat' dir='ltr'><strong>statim,</strong></span> <span class='ocrx_word' id='word_1_339' title='bbox 1646 1830 1683 1855; x_wconf 90' lang='lat' dir='ltr'><strong>ut</strong></span> 
     </span>
     <span class='ocr_line' id='line_1_31' title="bbox 219 1878 1681 1921; baseline 0 -12"><span class='ocrx_word' id='word_1_340' title='bbox 219 1879 356 1920; x_wconf 89' lang='lat' dir='ltr'><strong>populus</strong></span> <span class='ocrx_word' id='word_1_341' title='bbox 369 1879 450 1910; x_wconf 87' lang='lat' dir='ltr'><strong>duce</strong></span> <span class='ocrx_word' id='word_1_342' title='bbox 465 1889 587 1920; x_wconf 92' lang='lat' dir='ltr'><strong>semper</strong></span> <span class='ocrx_word' id='word_1_343' title='bbox 610 1878 760 1920; x_wconf 86' lang='lat' dir='ltr'><strong>indigeat,</strong></span> <span class='ocrx_word' id='word_1_344' title='bbox 787 1879 902 1910; x_wconf 88' lang='lat' dir='ltr'><strong>bellum</strong></span> <span class='ocrx_word' id='word_1_345' title='bbox 925 1879 1053 1921; x_wconf 84' lang='lat' dir='ltr'><strong>aliquod</strong></span> <span class='ocrx_word' id='word_1_346' title='bbox 1077 1881 1186 1911; x_wconf 88' lang='lat' dir='ltr'><strong>nititur</strong></span> <span class='ocrx_word' id='word_1_347' title='bbox 1208 1881 1354 1912; x_wconf 84' lang='lat' dir='ltr'><strong>excitare.</strong></span> <span class='ocrx_word' id='word_1_348' title='bbox 1399 1879 1483 1911; x_wconf 81' lang='lat' dir='ltr'><strong>Am.</strong></span> <span class='ocrx_word' id='word_1_349' title='bbox 1504 1879 1681 1911; x_wconf 83' lang='lat' dir='ltr'><strong>Consenta-</strong></span> 
     </span>
     <span class='ocr_line' id='line_1_32' title="bbox 219 1932 1682 1976; baseline -0.001 -12"><span class='ocrx_word' id='word_1_350' title='bbox 219 1944 311 1965; x_wconf 87' lang='lat' dir='ltr'><strong>neum</strong></span> <span class='ocrx_word' id='word_1_351' title='bbox 327 1938 384 1966; x_wconf 89' lang='lat' dir='ltr'><strong>cst.</strong></span> <span class='ocrx_word' id='word_1_352' title='bbox 410 1933 506 1974; x_wconf 79' lang='lat'>[567]</span> <span class='ocrx_word' id='word_1_353' title='bbox 541 1933 597 1965; x_wconf 90' lang='lat' dir='ltr'><strong>So.</strong></span> <span class='ocrx_word' id='word_1_354' title='bbox 620 1932 658 1963; x_wconf 92' lang='lat' dir='ltr'><strong>In</strong></span> <span class='ocrx_word' id='word_1_355' title='bbox 674 1943 736 1974; x_wconf 90' lang='lat' dir='ltr'><strong>quo</strong></span> <span class='ocrx_word' id='word_1_356' title='bbox 760 1933 838 1964; x_wconf 84' lang='lat' dir='ltr'><strong>illud</strong></span> <span class='ocrx_word' id='word_1_357' title='bbox 857 1934 982 1975; x_wconf 89' lang='lat' dir='ltr'><strong>insuper</strong></span> <span class='ocrx_word' id='word_1_358' title='bbox 1001 1934 1106 1972; x_wconf 88' lang='lat' dir='ltr'><strong>efficit,</strong></span> <span class='ocrx_word' id='word_1_359' title='bbox 1121 1940 1156 1965; x_wconf 90' lang='lat' dir='ltr'><strong>nt</strong></span> <span class='ocrx_word' id='word_1_360' title='bbox 1173 1935 1226 1976; x_wconf 92' lang='lat' dir='ltr'><strong>qui</strong></span> <span class='ocrx_word' id='word_1_361' title='bbox 1243 1936 1300 1966; x_wconf 93' lang='lat' dir='ltr'><strong>sub</strong></span> <span class='ocrx_word' id='word_1_362' title='bbox 1316 1945 1354 1966; x_wconf 91' lang='lat' dir='ltr'><strong>eo</strong></span> <span class='ocrx_word' id='word_1_363' title='bbox 1369 1939 1452 1970; x_wconf 83' lang='lat' dir='ltr'><strong>sunt,</strong></span> <span class='ocrx_word' id='word_1_364' title='bbox 1475 1932 1615 1975; x_wconf 89' lang='lat' dir='ltr'><strong>plurimis</strong></span> <span class='ocrx_word' id='word_1_365' title='bbox 1629 1942 1682 1963; x_wconf 89' lang='lat' dir='ltr'><strong>ex-</strong></span> 
     </span>
     <span class='ocr_line' id='line_1_33' title="bbox 219 1987 1682 2031; baseline -0.001 -14"><span class='ocrx_word' id='word_1_366' title='bbox 219 1987 322 2018; x_wconf 79' lang='lat' dir='ltr'><strong>hausti</strong></span> <span class='ocrx_word' id='word_1_367' title='bbox 351 1987 525 2028; x_wconf 84' lang='lat' dir='ltr'><strong>sumptibus</strong></span> <span class='ocrx_word' id='word_1_368' title='bbox 551 1988 591 2018; x_wconf 87' lang='lat' dir='ltr'><strong>ad</strong></span> <span class='ocrx_word' id='word_1_369' title='bbox 619 1988 835 2029; x_wconf 84' lang='lat' dir='ltr'><strong>quotidianum</strong></span> <span class='ocrx_word' id='word_1_370' title='bbox 860 1989 976 2019; x_wconf 81' lang='lat' dir='ltr'><strong>victum</strong></span> <span class='ocrx_word' id='word_1_371' title='bbox 1000 1989 1140 2020; x_wconf 79' lang='lat' dir='ltr'><strong>converti</strong></span> <span class='ocrx_word' id='word_1_372' title='bbox 1162 1993 1324 2031; x_wconf 83' lang='lat' dir='ltr'><strong>cogantur,</strong></span> <span class='ocrx_word' id='word_1_373' title='bbox 1346 1988 1511 2029; x_wconf 89' lang='lat' dir='ltr'><strong>minusque</strong></span> <span class='ocrx_word' id='word_1_374' title='bbox 1536 1987 1682 2017; x_wconf 82' lang='lat' dir='ltr'><strong>adversus</strong></span> 
     </span>
     <span class='ocr_line' id='line_1_34' title="bbox 219 2039 1683 2083; baseline -0.001 -12"><span class='ocrx_word' id='word_1_375' title='bbox 219 2047 386 2082; x_wconf 81' lang='lat' dir='ltr'><strong>tyrannum</strong></span> <span class='ocrx_word' id='word_1_376' title='bbox 414 2041 542 2072; x_wconf 80' lang='lat' dir='ltr'><strong>insidias</strong></span> <span class='ocrx_word' id='word_1_377' title='bbox 566 2041 766 2072; x_wconf 78' lang='lat' dir='ltr'><strong>meditentur.</strong></span> <span class='ocrx_word' id='word_1_378' title='bbox 809 2043 891 2073; x_wconf 85' lang='lat' dir='ltr'><strong>Am.</strong></span> <span class='ocrx_word' id='word_1_379' title='bbox 915 2042 1019 2074; x_wconf 85' lang='lat' dir='ltr'><strong>Patet.</strong></span> <span class='ocrx_word' id='word_1_380' title='bbox 1065 2044 1120 2074; x_wconf 86' lang='lat' dir='ltr'><strong>So.</strong></span> <span class='ocrx_word' id='word_1_381' title='bbox 1143 2043 1231 2080; x_wconf 89' lang='lat' dir='ltr'><strong>Quin</strong></span> <span class='ocrx_word' id='word_1_382' title='bbox 1254 2043 1348 2074; x_wconf 81' lang='lat' dir='ltr'><strong>etiam</strong></span> <span class='ocrx_word' id='word_1_383' title='bbox 1371 2042 1396 2073; x_wconf 86' lang='lat' dir='ltr'><strong>si</strong></span> <span class='ocrx_word' id='word_1_384' title='bbox 1418 2052 1497 2083; x_wconf 90' lang='lat' dir='ltr'><strong>quos</strong></span> <span class='ocrx_word' id='word_1_385' title='bbox 1520 2039 1683 2082; x_wconf 86' lang='lat' dir='ltr'><strong>agnoverit</strong></span> 
     </span>
     <span class='ocr_line' id='line_1_35' title="bbox 218 2094 1684 2138; baseline -0.001 -14"><span class='ocrx_word' id='word_1_386' title='bbox 218 2094 336 2125; x_wconf 87' lang='lat' dir='ltr'><strong>liberali</strong></span> <span class='ocrx_word' id='word_1_387' title='bbox 358 2105 424 2125; x_wconf 88' lang='lat' dir='ltr'><strong>esse</strong></span> <span class='ocrx_word' id='word_1_388' title='bbox 439 2095 565 2135; x_wconf 82' lang='lat' dir='ltr'><strong>ingenio</strong></span> <span class='ocrx_word' id='word_1_389' title='bbox 581 2095 742 2136; x_wconf 83' lang='lat' dir='ltr'><strong>praeditos,</strong></span> <span class='ocrx_word' id='word_1_390' title='bbox 760 2096 912 2136; x_wconf 86' lang='lat' dir='ltr'><strong>talesque,</strong></span> <span class='ocrx_word' id='word_1_391' title='bbox 929 2101 963 2127; x_wconf 89' lang='lat' dir='ltr'><strong>ut</strong></span> <span class='ocrx_word' id='word_1_392' title='bbox 985 2097 1148 2138; x_wconf 92' lang='lat' dir='ltr'><strong>imperium</strong></span> <span class='ocrx_word' id='word_1_393' title='bbox 1170 2096 1238 2138; x_wconf 87' lang='lat' dir='ltr'><strong>ejns</strong></span> <span class='ocrx_word' id='word_1_394' title='bbox 1255 2096 1424 2128; x_wconf 86' lang='lat' dir='ltr'><strong>recusaturi</strong></span> <span class='ocrx_word' id='word_1_395' title='bbox 1439 2095 1621 2126; x_wconf 83' lang='lat' dir='ltr'><strong>videantur:</strong></span> <span class='ocrx_word' id='word_1_396' title='bbox 1646 2098 1684 2123; x_wconf 90' lang='lat' dir='ltr'><strong>ut</strong></span> 
     </span>
     <span class='ocr_line' id='line_1_36' title="bbox 218 2147 1682 2190; baseline -0.001 -11"><span class='ocrx_word' id='word_1_397' title='bbox 218 2149 258 2179; x_wconf 90' lang='lat' dir='ltr'><strong>ad</strong></span> <span class='ocrx_word' id='word_1_398' title='bbox 275 2159 328 2179; x_wconf 87' lang='lat' dir='ltr'><strong>eos</strong></span> <span class='ocrx_word' id='word_1_399' title='bbox 343 2148 584 2189; x_wconf 87' lang='lat' dir='ltr'><strong>exstinguendos</strong></span> <span class='ocrx_word' id='word_1_400' title='bbox 599 2148 794 2180; x_wconf 73' lang='lat' dir='ltr'><strong>occasionem</strong></span> <span class='ocrx_word' id='word_1_401' title='bbox 820 2150 944 2185; x_wconf 71' lang='lat' dir='ltr'><strong>lrabeat,</strong></span> <span class='ocrx_word' id='word_1_402' title='bbox 968 2150 1107 2180; x_wconf 82' lang='lat' dir='ltr'><strong>hostibus</strong></span> <span class='ocrx_word' id='word_1_403' title='bbox 1131 2150 1251 2190; x_wconf 89' lang='lat' dir='ltr'><strong>objicit.</strong></span> <span class='ocrx_word' id='word_1_404' title='bbox 1297 2149 1357 2180; x_wconf 87' lang='lat' dir='ltr'><strong>His</strong></span> <span class='ocrx_word' id='word_1_405' title='bbox 1373 2149 1413 2180; x_wconf 91' lang='lat' dir='ltr'><strong>de</strong></span> <span class='ocrx_word' id='word_1_406' title='bbox 1436 2147 1538 2180; x_wconf 87' lang='lat' dir='ltr'><strong>causis</strong></span> <span class='ocrx_word' id='word_1_407' title='bbox 1551 2156 1682 2178; x_wconf 84' lang='lat' dir='ltr'><strong>necesse</strong></span> 
     </span>
     <span class='ocr_line' id='line_1_37' title="bbox 218 2198 1682 2244; baseline -0.003 -11"><span class='ocrx_word' id='word_1_408' title='bbox 218 2207 276 2242; x_wconf 83' lang='lat' dir='ltr'><strong>est,</strong></span> <span class='ocrx_word' id='word_1_409' title='bbox 291 2207 457 2244; x_wconf 83' lang='lat' dir='ltr'><strong>tyrannum</strong></span> <span class='ocrx_word' id='word_1_410' title='bbox 477 2212 599 2242; x_wconf 84' lang='lat' dir='ltr'><strong>semper</strong></span> <span class='ocrx_word' id='word_1_411' title='bbox 623 2212 704 2232; x_wconf 81' lang='lat' dir='ltr'><strong>nova</strong></span> <span class='ocrx_word' id='word_1_412' title='bbox 732 2202 813 2232; x_wconf 89' lang='lat' dir='ltr'><strong>bella</strong></span> <span class='ocrx_word' id='word_1_413' title='bbox 838 2212 972 2233; x_wconf 84' lang='lat' dir='ltr'><strong>movere.</strong></span> <span class='ocrx_word' id='word_1_414' title='bbox 1018 2203 1098 2234; x_wconf 78' lang='lat' dir='ltr'><strong>Am,</strong></span> <span class='ocrx_word' id='word_1_415' title='bbox 1124 2202 1272 2233; x_wconf 86' lang='lat' dir='ltr'><strong>Necesse.</strong></span> <span class='ocrx_word' id='word_1_416' title='bbox 1320 2203 1376 2233; x_wconf 87' lang='lat' dir='ltr'><strong>So.</strong></span> <span class='ocrx_word' id='word_1_417' title='bbox 1400 2201 1474 2238; x_wconf 81' lang='lat' dir='ltr'><strong>Qua</strong></span> <span class='ocrx_word' id='word_1_418' title='bbox 1496 2201 1535 2230; x_wconf 90' lang='lat' dir='ltr'><strong>de</strong></span> <span class='ocrx_word' id='word_1_419' title='bbox 1551 2210 1583 2230; x_wconf 85' lang='lat' dir='ltr'><strong>re</strong></span> <span class='ocrx_word' id='word_1_420' title='bbox 1599 2198 1682 2231; x_wconf 81' lang='lat' dir='ltr'><strong>cives</strong></span> 
     </span>
     <span class='ocr_line' id='line_1_38' title="bbox 218 2252 1682 2296; baseline -0.002 -10"><span class='ocrx_word' id='word_1_421' title='bbox 218 2256 276 2287; x_wconf 91' lang='lat' dir='ltr'><strong>sibi</strong></span> <span class='ocrx_word' id='word_1_422' title='bbox 292 2256 428 2287; x_wconf 81' lang='lat' dir='ltr'><strong>infensos</strong></span> <span class='ocrx_word' id='word_1_423' title='bbox 444 2256 556 2286; x_wconf 87' lang='lat' dir='ltr'><strong>reddit.</strong></span> <span class='ocrx_word' id='word_1_424' title='bbox 600 2255 684 2287; x_wconf 82' lang='lat' dir='ltr'><strong>Am.</strong></span> <span class='ocrx_word' id='word_1_425' title='bbox 707 2255 918 2296; x_wconf 87' lang='lat' dir='ltr'><strong>Summopere.</strong></span> <span class='ocrx_word' id='word_1_426' title='bbox 964 2256 1019 2287; x_wconf 89' lang='lat' dir='ltr'><strong>So.</strong></span> <span class='ocrx_word' id='word_1_427' title='bbox 1044 2255 1220 2287; x_wconf 77' lang='lat' dir='ltr'><strong>Verisimile</strong></span> <span class='ocrx_word' id='word_1_428' title='bbox 1245 2260 1304 2292; x_wconf 86' lang='lat' dir='ltr'><strong>est,</strong></span> <span class='ocrx_word' id='word_1_429' title='bbox 1332 2262 1367 2285; x_wconf 90' lang='lat' dir='ltr'><strong>nt</strong></span> <span class='ocrx_word' id='word_1_430' title='bbox 1392 2252 1536 2285; x_wconf 86' lang='lat' dir='ltr'><strong>nonnulli</strong></span> <span class='ocrx_word' id='word_1_431' title='bbox 1563 2263 1682 2294; x_wconf 85' lang='lat' dir='ltr'><strong>corum,</strong></span> 
     </span>
     <span class='ocr_line' id='line_1_39' title="bbox 218 2308 1682 2352; baseline -0.003 -11"><span class='ocrx_word' id='word_1_432' title='bbox 218 2311 273 2352; x_wconf 91' lang='lat' dir='ltr'><strong>qui</strong></span> <span class='ocrx_word' id='word_1_433' title='bbox 289 2310 448 2352; x_wconf 82' lang='lat' dir='ltr'><strong>tyrannidi</strong></span> <span class='ocrx_word' id='word_1_434' title='bbox 464 2309 625 2351; x_wconf 79' lang='lat' dir='ltr'><strong>suffragati</strong></span> <span class='ocrx_word' id='word_1_435' title='bbox 649 2314 721 2340; x_wconf 88' lang='lat' dir='ltr'><strong>sunt</strong></span> <span class='ocrx_word' id='word_1_436' title='bbox 744 2315 776 2340; x_wconf 88' lang='lat' dir='ltr'><strong>et</strong></span> <span class='ocrx_word' id='word_1_437' title='bbox 800 2310 885 2351; x_wconf 88' lang='lat' dir='ltr'><strong>apud</strong></span> <span class='ocrx_word' id='word_1_438' title='bbox 911 2315 1077 2351; x_wconf 79' lang='lat' dir='ltr'><strong>tyrannum</strong></span> <span class='ocrx_word' id='word_1_439' title='bbox 1107 2310 1271 2351; x_wconf 87' lang='lat' dir='ltr'><strong>plurimum</strong></span> <span class='ocrx_word' id='word_1_440' title='bbox 1299 2314 1440 2350; x_wconf 80' lang='lat' dir='ltr'><strong>possunt,</strong></span> <span class='ocrx_word' id='word_1_441' title='bbox 1458 2308 1605 2338; x_wconf 83' lang='lat' dir='ltr'><strong>audacter</strong></span> <span class='ocrx_word' id='word_1_442' title='bbox 1619 2312 1682 2337; x_wconf 86' lang='lat' dir='ltr'><strong>tam</strong></span> 
     </span>
     <span class='ocr_line' id='line_1_40' title="bbox 217 2360 1684 2406; baseline -0.003 -10"><span class='ocrx_word' id='word_1_443' title='bbox 217 2365 298 2398; x_wconf 86' lang='lat' dir='ltr'><strong>inter</strong></span> <span class='ocrx_word' id='word_1_444' title='bbox 307 2376 340 2396; x_wconf 87' lang='lat' dir='ltr'><strong>se</strong></span> <span class='ocrx_word' id='word_1_445' title='bbox 355 2376 448 2406; x_wconf 89' lang='lat' dir='ltr'><strong>quam</strong></span> <span class='ocrx_word' id='word_1_446' title='bbox 464 2375 535 2396; x_wconf 88' lang='lat' dir='ltr'><strong>cum</strong></span> <span class='ocrx_word' id='word_1_447' title='bbox 551 2375 601 2401; x_wconf 86' lang='lat' dir='ltr'><strong>eo,</strong></span> <span class='ocrx_word' id='word_1_448' title='bbox 617 2374 687 2405; x_wconf 79' lang='lat' dir='ltr'><strong>quae</strong></span> <span class='ocrx_word' id='word_1_449' title='bbox 699 2369 856 2404; x_wconf 82' lang='lat' dir='ltr'><strong>geruntur,</strong></span> <span class='ocrx_word' id='word_1_450' title='bbox 873 2364 1060 2405; x_wconf 83' lang='lat' dir='ltr'><strong>improbent,</strong></span> <span class='ocrx_word' id='word_1_451' title='bbox 1074 2364 1242 2404; x_wconf 85' lang='lat' dir='ltr'><strong>praesertim</strong></span> <span class='ocrx_word' id='word_1_452' title='bbox 1259 2363 1285 2394; x_wconf 84' lang='lat' dir='ltr'><strong>si</strong></span> <span class='ocrx_word' id='word_1_453' title='bbox 1300 2363 1354 2405; x_wconf 90' lang='lat' dir='ltr'><strong>qui</strong></span> <span class='ocrx_word' id='word_1_454' title='bbox 1371 2361 1474 2393; x_wconf 84' lang='lat' dir='ltr'><strong>altiori</strong></span> <span class='ocrx_word' id='word_1_455' title='bbox 1490 2361 1595 2392; x_wconf 86' lang='lat' dir='ltr'><strong>animo</strong></span> <span class='ocrx_word' id='word_1_456' title='bbox 1608 2360 1684 2392; x_wconf 88' lang='lat' dir='ltr'><strong>sint.</strong></span> 
     </span>
     <span class='ocr_line' id='line_1_41' title="bbox 218 2414 1685 2460; baseline -0.003 -11"><span class='ocrx_word' id='word_1_457' title='bbox 218 2418 302 2450; x_wconf 79' lang='lat' dir='ltr'><strong>on.</strong></span> <span class='ocrx_word' id='word_1_458' title='bbox 324 2418 511 2450; x_wconf 85' lang='lat' dir='ltr'><strong>Verisimile.</strong></span> <span class='ocrx_word' id='word_1_459' title='bbox 557 2418 614 2450; x_wconf 91' lang='lat' dir='ltr'><strong>So.</strong></span> <span class='ocrx_word' id='word_1_460' title='bbox 639 2419 894 2451; x_wconf 90' lang='lat' dir='ltr'><strong>Consentaneum</strong></span> <span class='ocrx_word' id='word_1_461' title='bbox 911 2424 968 2455; x_wconf 86' lang='lat' dir='ltr'><strong>est,</strong></span> <span class='ocrx_word' id='word_1_462' title='bbox 985 2424 1020 2448; x_wconf 90' lang='lat' dir='ltr'><strong>ut</strong></span> <span class='ocrx_word' id='word_1_463' title='bbox 1035 2419 1128 2449; x_wconf 87' lang='lat' dir='ltr'><strong>hosce</strong></span> <span class='ocrx_word' id='word_1_464' title='bbox 1141 2428 1248 2449; x_wconf 89' lang='lat' dir='ltr'><strong>omnes</strong></span> <span class='ocrx_word' id='word_1_465' title='bbox 1260 2423 1411 2460; x_wconf 79' lang='lat' dir='ltr'><strong>tyrannus</strong></span> <span class='ocrx_word' id='word_1_466' title='bbox 1427 2428 1444 2448; x_wconf 91' lang='lat' dir='ltr'><strong>e</strong></span> <span class='ocrx_word' id='word_1_467' title='bbox 1459 2415 1564 2447; x_wconf 87' lang='lat' dir='ltr'><strong>medio</strong></span> <span class='ocrx_word' id='word_1_468' title='bbox 1581 2414 1685 2454; x_wconf 84' lang='lat' dir='ltr'><strong>tollat,</strong></span> 
     </span>
     <span class='ocr_line' id='line_1_42' title="bbox 221 2467 1685 2514; baseline -0.003 -11"><span class='ocrx_word' id='word_1_469' title='bbox 221 2473 247 2503; x_wconf 84' lang='lat' dir='ltr'><strong>si</strong></span> <span class='ocrx_word' id='word_1_470' title='bbox 262 2473 356 2503; x_wconf 89' lang='lat' dir='ltr'><strong>modo</strong></span> <span class='ocrx_word' id='word_1_471' title='bbox 372 2473 411 2503; x_wconf 89' lang='lat' dir='ltr'><strong>sit</strong></span> <span class='ocrx_word' id='word_1_472' title='bbox 426 2472 658 2503; x_wconf 88' lang='lat' dir='ltr'><strong>dominaturus:</strong></span> <span class='ocrx_word' id='word_1_473' title='bbox 682 2481 844 2514; x_wconf 89' lang='lat' dir='ltr'><strong>quousque</strong></span> <span class='ocrx_word' id='word_1_474' title='bbox 861 2471 1016 2502; x_wconf 90' lang='lat' dir='ltr'><strong>neminem</strong></span> <span class='ocrx_word' id='word_1_475' title='bbox 1033 2472 1187 2512; x_wconf 86' lang='lat' dir='ltr'><strong>relinquat</strong></span> <span class='ocrx_word' id='word_1_476' title='bbox 1210 2472 1378 2503; x_wconf 84' lang='lat' dir='ltr'><strong>amicorum</strong></span> <span class='ocrx_word' id='word_1_477' title='bbox 1402 2470 1451 2502; x_wconf 85' lang='lat' dir='ltr'><strong>vel</strong></span> <span class='ocrx_word' id='word_1_478' title='bbox 1467 2469 1615 2505; x_wconf 87' lang='lat' dir='ltr'><strong>bostium,</strong></span> <span class='ocrx_word' id='word_1_479' title='bbox 1629 2467 1685 2509; x_wconf 89' lang='lat' dir='ltr'><strong>qui</strong></span> 
     </span>
     <span class='ocr_line' id='line_1_43' title="bbox 219 2521 1686 2566; baseline -0.003 -11"><span class='ocrx_word' id='word_1_480' title='bbox 219 2525 351 2566; x_wconf 83' lang='lat' dir='ltr'><strong>alicujus</strong></span> <span class='ocrx_word' id='word_1_481' title='bbox 367 2526 516 2556; x_wconf 80' lang='lat' dir='ltr'><strong>momenti</strong></span> <span class='ocrx_word' id='word_1_482' title='bbox 540 2525 592 2556; x_wconf 88' lang='lat' dir='ltr'><strong>sit.</strong></span> <span class='ocrx_word' id='word_1_483' title='bbox 638 2524 719 2556; x_wconf 82' lang='lat' dir='ltr'><strong>Am.</strong></span> <span class='ocrx_word' id='word_1_484' title='bbox 743 2524 948 2555; x_wconf 83' lang='lat' dir='ltr'><strong>Manifestum</strong></span> <span class='ocrx_word' id='word_1_485' title='bbox 969 2525 1002 2555; x_wconf 87' lang='lat' dir='ltr'><strong>id</strong></span> <span class='ocrx_word' id='word_1_486' title='bbox 1030 2525 1168 2566; x_wconf 83' lang='lat' dir='ltr'><strong>quidem.</strong></span> <span class='ocrx_word' id='word_1_487' title='bbox 1213 2525 1268 2556; x_wconf 92' lang='lat' dir='ltr'><strong>So.</strong></span> <span class='ocrx_word' id='word_1_488' title='bbox 1292 2524 1398 2556; x_wconf 83' lang='lat' dir='ltr'><strong>Acute</strong></span> <span class='ocrx_word' id='word_1_489' title='bbox 1418 2524 1512 2566; x_wconf 89' lang='lat' dir='ltr'><strong>igitur</strong></span> <span class='ocrx_word' id='word_1_490' title='bbox 1530 2521 1686 2562; x_wconf 79' lang='lat' dir='ltr'><strong>inspicere</strong></span> 
     </span>
     <span class='ocr_line' id='line_1_44' title="bbox 218 2578 1687 2620; baseline -0.003 -10"><span class='ocrx_word' id='word_1_491' title='bbox 218 2579 308 2610; x_wconf 88' lang='lat' dir='ltr'><strong>illum</strong></span> <span class='ocrx_word' id='word_1_492' title='bbox 324 2584 458 2620; x_wconf 88' lang='lat' dir='ltr'><strong>oportet,</strong></span> <span class='ocrx_word' id='word_1_493' title='bbox 482 2579 550 2619; x_wconf 87' lang='lat' dir='ltr'><strong>quis</strong></span> <span class='ocrx_word' id='word_1_494' title='bbox 567 2578 665 2615; x_wconf 81' lang='lat' dir='ltr'><strong>fortis,</strong></span> <span class='ocrx_word' id='word_1_495' title='bbox 680 2578 751 2619; x_wconf 89' lang='lat' dir='ltr'><strong>quis</strong></span> <span class='ocrx_word' id='word_1_496' title='bbox 773 2579 998 2619; x_wconf 84' lang='lat' dir='ltr'><strong>magnanimus,</strong></span> <span class='ocrx_word' id='word_1_497' title='bbox 1019 2579 1088 2619; x_wconf 90' lang='lat' dir='ltr'><strong>quis</strong></span> <span class='ocrx_word' id='word_1_498' title='bbox 1106 2579 1241 2619; x_wconf 86' lang='lat' dir='ltr'><strong>prudens</strong></span> <span class='ocrx_word' id='word_1_499' title='bbox 1256 2584 1311 2610; x_wconf 89' lang='lat' dir='ltr'><strong>aut</strong></span> <span class='ocrx_word' id='word_1_500' title='bbox 1328 2579 1416 2609; x_wconf 86' lang='lat' dir='ltr'><strong>dives</strong></span> <span class='ocrx_word' id='word_1_501' title='bbox 1431 2578 1482 2608; x_wconf 87' lang='lat' dir='ltr'><strong>sit.</strong></span> <span class='ocrx_word' id='word_1_502' title='bbox 1505 2585 1619 2617; x_wconf 86' lang='lat' dir='ltr'><strong>nempe</strong></span> <span class='ocrx_word' id='word_1_503' title='bbox 1633 2585 1687 2606; x_wconf 87' lang='lat' dir='ltr'><strong>us-</strong></span> 
     </span>
     <span class='ocr_line' id='line_1_45' title="bbox 220 2629 1686 2674; baseline -0.002 -12"><span class='ocrx_word' id='word_1_504' title='bbox 220 2642 282 2674; x_wconf 91' lang='lat' dir='ltr'><strong>que</strong></span> <span class='ocrx_word' id='word_1_505' title='bbox 296 2633 375 2662; x_wconf 91' lang='lat' dir='ltr'><strong>adeo</strong></span> <span class='ocrx_word' id='word_1_506' title='bbox 391 2633 500 2663; x_wconf 87' lang='lat' dir='ltr'><strong>beatus</strong></span> <span class='ocrx_word' id='word_1_507' title='bbox 514 2638 574 2670; x_wconf 89' lang='lat' dir='ltr'><strong>est,</strong></span> <span class='ocrx_word' id='word_1_508' title='bbox 590 2637 636 2670; x_wconf 90' lang='lat' dir='ltr'><strong>ut,</strong></span> <span class='ocrx_word' id='word_1_509' title='bbox 652 2643 705 2663; x_wconf 89' lang='lat' dir='ltr'><strong>seu</strong></span> <span class='ocrx_word' id='word_1_510' title='bbox 722 2632 798 2663; x_wconf 86' lang='lat' dir='ltr'><strong>velit</strong></span> <span class='ocrx_word' id='word_1_511' title='bbox 812 2643 867 2664; x_wconf 86' lang='lat' dir='ltr'><strong>seu</strong></span> <span class='ocrx_word' id='word_1_512' title='bbox 882 2632 973 2667; x_wconf 86' lang='lat' dir='ltr'><strong>nolit,</strong></span> <span class='ocrx_word' id='word_1_513' title='bbox 989 2633 1035 2662; x_wconf 87' lang='lat' dir='ltr'><strong>his</strong></span> <span class='ocrx_word' id='word_1_514' title='bbox 1053 2633 1196 2663; x_wconf 87' lang='lat' dir='ltr'><strong>inimicus</strong></span> <span class='ocrx_word' id='word_1_515' title='bbox 1211 2633 1332 2664; x_wconf 82' lang='lat' dir='ltr'><strong>futurus</strong></span> <span class='ocrx_word' id='word_1_516' title='bbox 1347 2632 1387 2663; x_wconf 91' lang='lat' dir='ltr'><strong>sit</strong></span> <span class='ocrx_word' id='word_1_517' title='bbox 1400 2642 1408 2663; x_wconf 73' lang='grc' dir='ltr'><strong>Îµ</strong></span> <span class='ocrx_word' id='word_1_518' title='bbox 1433 2631 1542 2672; x_wconf 85' lang='lat' dir='ltr'><strong>eisque</strong></span> <span class='ocrx_word' id='word_1_519' title='bbox 1557 2629 1686 2661; x_wconf 84' lang='lat' dir='ltr'><strong>insidie-</strong></span> 
     </span>
     <span class='ocr_line' id='line_1_46' title="bbox 219 2685 1689 2728; baseline -0.003 -12"><span class='ocrx_word' id='word_1_520' title='bbox 219 2690 280 2722; x_wconf 86' lang='lat' dir='ltr'><strong>tur,</strong></span> <span class='ocrx_word' id='word_1_521' title='bbox 311 2696 473 2726; x_wconf 91' lang='lat' dir='ltr'><strong>quousque</strong></span> <span class='ocrx_word' id='word_1_522' title='bbox 502 2686 661 2717; x_wconf 78' lang='lat' dir='ltr'><strong>civitatem</strong></span> <span class='ocrx_word' id='word_1_523' title='bbox 692 2686 881 2728; x_wconf 81' lang='lat' dir='ltr'><strong>purgaverit.</strong></span> <span class='ocrx_word' id='word_1_524' title='bbox 927 2685 1010 2718; x_wconf 78' lang='lat' dir='ltr'><strong>Ant.</strong></span> <span class='ocrx_word' id='word_1_525' title='bbox 1036 2686 1200 2728; x_wconf 81' lang='lat' dir='ltr'><strong>Egregiam</strong></span> <span class='ocrx_word' id='word_1_526' title='bbox 1228 2697 1302 2718; x_wconf 83' lang='lat' dir='ltr'><strong>sane</strong></span> <span class='ocrx_word' id='word_1_527' title='bbox 1332 2685 1547 2728; x_wconf 78' lang='lat' dir='ltr'><strong>purgationem</strong></span> <span class='ocrx_word' id='word_1_528' title='bbox 1573 2693 1689 2714; x_wconf 81' lang='lat' dir='ltr'><strong>narras.</strong></span> 
     </span>
     <span class='ocr_line' id='line_1_47' title="bbox 218 2737 1704 2783; baseline -0.001 -14"><span class='ocrx_word' id='word_1_529' title='bbox 218 2738 274 2769; x_wconf 88' lang='lat' dir='ltr'><strong>So.</strong></span> <span class='ocrx_word' id='word_1_530' title='bbox 299 2737 492 2769; x_wconf 80' lang='lat' dir='ltr'><strong>Contrariam</strong></span> <span class='ocrx_word' id='word_1_531' title='bbox 517 2739 608 2780; x_wconf 84' lang='lat' dir='ltr'><strong>plane</strong></span> <span class='ocrx_word' id='word_1_532' title='bbox 624 2741 813 2772; x_wconf 88' lang='lat' dir='ltr'><strong>medicorum</strong></span> <span class='ocrx_word' id='word_1_533' title='bbox 831 2741 1019 2782; x_wconf 75' lang='lat' dir='ltr'><strong>purgationi.</strong></span> <span class='ocrx_word' id='word_1_534' title='bbox 1043 2741 1196 2783; x_wconf 88' lang='lat' dir='ltr'><strong>siquidem</strong></span> <span class='ocrx_word' id='word_1_535' title='bbox 1212 2740 1328 2772; x_wconf 91' lang='lat' dir='ltr'><strong>medici</strong></span> <span class='ocrx_word' id='word_1_536' title='bbox 1343 2750 1362 2771; x_wconf 77' lang='lat' dir='ltr'><strong>a</strong></span> <span class='ocrx_word' id='word_1_537' title='bbox 1375 2749 1518 2781; x_wconf 87' lang='lat' dir='ltr'><strong>corpore,</strong></span> <span class='ocrx_word' id='word_1_538' title='bbox 1534 2737 1619 2780; x_wconf 86' lang='lat' dir='ltr'><strong>quod</strong></span> <span class='ocrx_word' id='word_1_539' title='bbox 1634 2737 1704 2779; x_wconf 63' lang='lat' dir='ltr'><strong>de-â´</strong></span> 
     </span>
     <span class='ocr_line' id='line_1_48' title="bbox 220 2790 1688 2837; baseline -0.001 -14"><span class='ocrx_word' id='word_1_540' title='bbox 220 2792 375 2827; x_wconf 75' lang='lat' dir='ltr'><strong>terrimum</strong></span> <span class='ocrx_word' id='word_1_541' title='bbox 392 2797 450 2833; x_wconf 85' lang='lat' dir='ltr'><strong>est,</strong></span> <span class='ocrx_word' id='word_1_542' title='bbox 463 2793 654 2834; x_wconf 86' lang='lat' dir='ltr'><strong>abstergunt.</strong></span> <span class='ocrx_word' id='word_1_543' title='bbox 671 2795 756 2835; x_wconf 86' lang='lat' dir='ltr'><strong>qnod</strong></span> <span class='ocrx_word' id='word_1_544' title='bbox 769 2806 839 2826; x_wconf 84' lang='lat' dir='ltr'><strong>vero</strong></span> <span class='ocrx_word' id='word_1_545' title='bbox 853 2795 1007 2837; x_wconf 86' lang='lat' dir='ltr'><strong>optimum</strong></span> <span class='ocrx_word' id='word_1_546' title='bbox 1021 2800 1078 2831; x_wconf 80' lang='lat' dir='ltr'><strong>est,</strong></span> <span class='ocrx_word' id='word_1_547' title='bbox 1092 2795 1282 2836; x_wconf 87' lang='lat' dir='ltr'><strong>relinquunt.</strong></span> <span class='ocrx_word' id='word_1_548' title='bbox 1297 2798 1404 2825; x_wconf 81' lang='lat' dir='ltr'><strong>contra</strong></span> <span class='ocrx_word' id='word_1_549' title='bbox 1416 2798 1568 2835; x_wconf 73' lang='lat' dir='ltr'><strong>tyrannus</strong></span> <span class='ocrx_word' id='word_1_550' title='bbox 1581 2790 1688 2822; x_wconf 84' lang='lat' dir='ltr'><strong>efficit.</strong></span> 
     </span>
     <span class='ocr_line' id='line_1_49' title="bbox 219 2844 1688 2889; baseline -0.001 -13"><span class='ocrx_word' id='word_1_551' title='bbox 219 2845 302 2876; x_wconf 83' lang='lat' dir='ltr'><strong>Anr.</strong></span> <span class='ocrx_word' id='word_1_552' title='bbox 325 2845 383 2877; x_wconf 84' lang='lat' dir='ltr'><strong>Ille</strong></span> <span class='ocrx_word' id='word_1_553' title='bbox 399 2846 526 2887; x_wconf 89' lang='lat' dir='ltr'><strong>quidem</strong></span> <span class='ocrx_word' id='word_1_554' title='bbox 543 2847 586 2878; x_wconf 86' lang='lat' dir='ltr'><strong>sic</strong></span> <span class='ocrx_word' id='word_1_555' title='bbox 598 2847 701 2879; x_wconf 81' lang='lat' dir='ltr'><strong>facere</strong></span> <span class='ocrx_word' id='word_1_556' title='bbox 717 2848 849 2889; x_wconf 83' lang='lat' dir='ltr'><strong>cogitur,</strong></span> <span class='ocrx_word' id='word_1_557' title='bbox 867 2849 892 2879; x_wconf 82' lang='lat' dir='ltr'><strong>si</strong></span> <span class='ocrx_word' id='word_1_558' title='bbox 907 2849 1002 2878; x_wconf 89' lang='lat' dir='ltr'><strong>modo</strong></span> <span class='ocrx_word' id='word_1_559' title='bbox 1018 2848 1057 2878; x_wconf 89' lang='lat' dir='ltr'><strong>sit</strong></span> <span class='ocrx_word' id='word_1_560' title='bbox 1080 2847 1306 2879; x_wconf 81' lang='lat' dir='ltr'><strong>dominaturus.</strong></span> <span class='ocrx_word' id='word_1_561' title='bbox 1350 2846 1407 2878; x_wconf 92' lang='lat' dir='ltr'><strong>So.</strong></span> <span class='ocrx_word' id='word_1_562' title='bbox 1431 2845 1531 2877; x_wconf 77' lang='lat' dir='ltr'><strong>Beata</strong></span> <span class='ocrx_word' id='word_1_563' title='bbox 1546 2844 1688 2875; x_wconf 84' lang='lat' dir='ltr'><strong>nimirum</strong></span> 
     </span>
     <span class='ocr_line' id='line_1_50' title="bbox 218 2898 1692 2944; baseline 0 -15"><span class='ocrx_word' id='word_1_564' title='bbox 218 2899 403 2931; x_wconf 78' lang='lat' dir='ltr'><strong>necessitate</strong></span> <span class='ocrx_word' id='word_1_565' title='bbox 421 2900 585 2932; x_wconf 76' lang='lat' dir='ltr'><strong>adstrictus</strong></span> <span class='ocrx_word' id='word_1_566' title='bbox 614 2907 676 2937; x_wconf 77' lang='lat' dir='ltr'><strong>est,</strong></span> <span class='ocrx_word' id='word_1_567' title='bbox 704 2913 774 2943; x_wconf 73' lang='lat' dir='ltr'><strong>qntu</strong></span> <span class='ocrx_word' id='word_1_568' title='bbox 803 2902 850 2934; x_wconf 84' lang='lat' dir='ltr'><strong>illi</strong></span> <span class='ocrx_word' id='word_1_569' title='bbox 874 2902 1030 2944; x_wconf 69' lang='lat' dir='ltr'><strong>pra-cipit,</strong></span> <span class='ocrx_word' id='word_1_570' title='bbox 1056 2908 1088 2934; x_wconf 90' lang='lat' dir='ltr'><strong>nt</strong></span> <span class='ocrx_word' id='word_1_571' title='bbox 1113 2903 1161 2934; x_wconf 77' lang='lat' dir='ltr'><strong>vcl</strong></span> <span class='ocrx_word' id='word_1_572' title='bbox 1185 2913 1256 2934; x_wconf 86' lang='lat' dir='ltr'><strong>cnm</strong></span> <span class='ocrx_word' id='word_1_573' title='bbox 1280 2901 1418 2944; x_wconf 82' lang='lat' dir='ltr'><strong>plurimis</strong></span> <span class='ocrx_word' id='word_1_574' title='bbox 1435 2899 1584 2942; x_wconf 85' lang='lat' dir='ltr'><strong>improbis</strong></span> <span class='ocrx_word' id='word_1_575' title='bbox 1599 2898 1692 2934; x_wconf 69' lang='lat' dir='ltr'><strong>vitam</strong></span> 
     </span>
    </p>
   </div>
  </div>
 </body>
</html>
