1840 3225
136 204 233 255 636]
604 204 677 243 DE
708 203 938 241 LEGIBUS
972 205 1069 244 LlB.
1100 206 1131 244 Ι.
1513 206 1587 244 291

129 313 165 340 et
184 308 355 340 honoribus
373 307 593 350 persuadeant.
615 306 743 338 ubinam
767 306 876 337 vestris
902 307 935 337 in
959 307 1082 348 legibus
1108 307 1140 338 id
1165 307 1368 349 conspicitur,
1392 307 1479 349 quod
1505 317 1596 349 aeque

129 369 239 395 contra
272 363 464 404 voluptates,
495 362 587 393 sicuti
619 367 728 393 contra
763 360 899 397 dolores,
928 361 1070 392 homines
1104 361 1199 392 fortes
1231 362 1356 398 efficiat,
1387 362 1596 403 victoresque,

129 427 263 459 quorum
293 422 425 459 oportet,
456 415 601 447 ostendat
627 427 634 445 ε
668 425 727 446 nec
756 416 821 445 ullo
851 415 945 446 modo
981 416 1119 457 patiatur
1147 425 1166 446 a
1193 416 1342 457 proximis
1373 416 1487 458 cuique
1512 416 1596 447 intra

129 482 163 503 se
187 477 219 503 et
246 471 432 513 gravissimis
457 471 597 500 hostibus
621 469 787 511 superari?
812 469 918 505 dicite,
935 470 1074 505 obsecro,
1093 469 1171 511 quid
1197 470 1280 511 apud
1304 481 1356 501 vos
1379 471 1466 501 tale?
1490 471 1591 504 Mne.

127 525 202 557 Non
228 526 274 557 ita
298 526 402 561 facile,
430 525 555 566 hospes,
583 524 847 565 quemadmodum
880 525 995 555 multas
1021 525 1122 556 dolori
1152 525 1314 566 oppositas
1341 525 1438 566 leges,
1465 525 1509 555 ita
1533 524 1594 556 eti-

125 591 177 611 am
206 580 360 622 voluptati
388 589 512 621 possem
546 579 721 620 producere
746 589 754 608 :
786 589 846 610 nec
875 590 1004 620 magnas
1033 579 1278 621 perspicuasque
1308 584 1413 620 partes
1441 579 1593 610 adversus

123 635 301 676 voluptates
316 633 416 664 habeo
434 644 443 671 ;
467 643 578 674 parvas
598 643 672 665 vero
693 633 796 664 forsan
812 634 978 675 reperiam.
1011 634 1088 665 Cn.
1111 633 1183 664 Nec
1198 644 1257 674 ego
1274 633 1306 664 in
1330 633 1527 665 Cretensium
1544 634 1592 665 le-

121 689 214 731 gibus
228 688 367 719 similiter
383 687 415 718 id
428 689 593 718 ostendere
615 698 752 729 possem.
787 688 925 719 Arum.
947 688 1018 720 Nec
1034 689 1143 719 mirum
1160 692 1218 724 est,
1235 687 1347 728 optimi
1363 688 1513 729 hospites.
1536 698 1590 718 ve-

121 753 190 775 rum
204 743 230 774 si
246 743 316 784 quis
326 742 408 773 inter
423 753 480 773 nos
500 742 562 773 veri
586 748 618 773 et
644 742 756 783 optimi
781 743 917 784 diligens
932 743 1139 785 investigator
1162 742 1306 773 nonnihil
1320 742 1354 773 in
1366 742 1473 783 patriis
1486 742 1591 784 cujus-

119 807 181 839 que
205 802 346 827 nostrum
370 797 493 838 legibus
517 797 735 838 reprehendat,
757 807 821 828 non
847 798 933 839 gravi
960 797 1101 839 quidem,
1115 798 1172 828 sed
1202 807 1293 838 aequo
1321 797 1438 833 animo,
1455 796 1589 828 vicissim

119 851 199 882 ferre
213 850 374 882 debemus.
397 851 474 883 Cm.
497 851 602 882 Probe
614 852 763 893 loqueris,
777 852 980 884 Atheniensis
992 853 1116 893 hospes.
1138 861 1234 893 quare
1249 850 1307 882 tibi
1324 851 1497 892 parendum
1511 861 1586 882 cen-

120 916 188 938 seo.
215 905 352 936 Arnim.
375 906 523 937 Profecto
537 916 602 936 non
619 906 720 943 aliter,
739 906 960 948 Clinia,hujus
975 907 1078 938 :etatis
1092 912 1125 937 et
1139 905 1330 937 conditionis
1344 905 1487 936 homines
1500 905 1587 936 face-

116 969 151 990 re
166 959 271 991 decet.
308 958 386 991 Cn.
407 959 483 990 Non
492 965 589 990 certe.
618 960 755 991 Arum.
779 960 894 991 Utrum
907 966 1001 996 recte,
1017 970 1131 996 necne,
1141 960 1333 991 Laconicam
1348 964 1382 990 et
1396 959 1584 991 Cretensem

116 1025 183 1045 rem
197 1014 356 1056 publicam
372 1014 444 1056 quis
461 1014 693 1056 reprehendere
708 1014 818 1056 possit,
834 1015 897 1046 alia
910 1015 1042 1056 quaestio
1057 1020 1115 1046 est.
1138 1025 1208 1056 quae
1224 1024 1297 1046 vero
1312 1025 1332 1045 a
1344 1014 1453 1045 multis
1468 1015 1583 1045 dicun·

114 1074 177 1105 tur,
193 1069 322 1100 forsitan
343 1079 403 1110 ego
417 1069 519 1110 magis
541 1079 635 1109 quam
656 1074 785 1110 uterque
812 1074 948 1100 vestrum
972 1070 1088 1100 referre
1116 1079 1266 1110 possum:
1291 1069 1381 1100 vobis
1401 1067 1540 1110 quidem,
1557 1069 1586 1099 si

118 1129 203 1154 recte
219 1124 396 1155 constitutae
411 1128 484 1154 sunt
502 1124 600 1165 leges,
618 1134 681 1155 una
704 1129 788 1155 certe
814 1124 864 1154 lex
883 1124 944 1154 erit
966 1124 1218 1165 praeclarissima,
1235 1134 1304 1165 quae
1317 1123 1441 1164 jubeat,
1456 1133 1498 1153 ne
1513 1123 1585 1164 quis

113 1178 268 1220 juvenum
283 1188 422 1219 quaerere
437 1177 563 1214 audeat,
581 1183 705 1209 rectene
721 1188 762 1208 an
777 1182 887 1209 contra
902 1188 936 1208 se
952 1179 1041 1219 leges
1061 1179 1209 1214 habeant,
1226 1177 1284 1208 sed
1298 1188 1365 1211 uno
1376 1177 1516 1208 omnium
1530 1172 1586 1208 ore

116 1241 241 1273 unaque
255 1241 332 1262 voce
347 1236 434 1262 recte
448 1237 599 1272 tanquam
613 1241 632 1261 a
654 1231 729 1261 Diis
743 1232 863 1271 positas
877 1231 1009 1262 concedi
1024 1232 1189 1273 praecipiat
1202 1243 1211 1270 3
1227 1242 1288 1262 nec
1302 1232 1368 1262 ullo
1384 1231 1476 1262 modo
1495 1231 1586 1262 aliter

118 1285 186 1327 pati
201 1285 369 1328 quicquam
384 1296 404 1316 a
413 1286 583 1327 juvenibus
605 1285 737 1326 cogitari
755 1297 762 1316 ε
788 1296 896 1316 senem
914 1292 1030 1319 autem,
1047 1286 1070 1314 si
1089 1285 1166 1324 quid
1181 1285 1377 1325 excogitarit,
1391 1285 1586 1326 principibus

116 1345 150 1371 et
165 1340 348 1381 aequalibus,
363 1340 491 1370 nemine
501 1339 654 1381 juvenum
678 1338 839 1374 audiente,
855 1337 981 1368 referre.
1010 1337 1087 1368 Cu.
1110 1336 1213 1367 Recte
1229 1338 1378 1379 loqueris,
1393 1339 1509 1378 hospes
1523 1349 1529 1367 :
1548 1348 1587 1369 ac

114 1394 191 1425 licet
204 1399 280 1425 tunc
296 1403 315 1424 a
329 1399 436 1424 mente
453 1392 623 1424 conditoris
638 1392 784 1428 abfueris,
797 1397 916 1427 tamen,
932 1397 1083 1432 tanquam
1099 1395 1197 1427 vates,
1216 1391 1314 1433 [635]
1331 1392 1409 1422 scite
1423 1392 1485 1422 ista
1500 1402 1586 1424 nunc

116 1448 288 1491 conjecisse
311 1448 428 1479 videris
449 1457 586 1489 veraque
602 1447 731 1489 penitus
747 1447 864 1478 dicere.
887 1445 1024 1477 Arum«.
1046 1445 1160 1487 Itaque
1174 1445 1266 1476 nobis
1287 1445 1328 1477 ad
1342 1456 1482 1487 praesens
1492 1445 1588 1487 juve,

115 1513 173 1534 nes
187 1503 269 1534 nulli
294 1502 426 1534 adsunt:
444 1503 507 1545 ipsi
528 1513 612 1538 vero,
628 1506 756 1543 propter
779 1506 987 1537 senectutem,
1003 1500 1072 1531 sine
1085 1506 1217 1542 peccato
1230 1501 1290 1531 soli
1311 1500 1351 1531 de
1367 1500 1416 1531 his
1430 1501 1514 1531 inter
1528 1510 1588 1532 nos

118 1557 272 1589 disserere
289 1568 306 1588 a
323 1558 504 1599 legislatore
520 1556 741 1598 permittimur.
765 1555 842 1587 cm.
865 1556 932 1592 Est,
942 1561 978 1586 ut
993 1555 1083 1586 dicis.
1106 1565 1202 1597 quare
1213 1565 1274 1586 nec
1290 1565 1399 1597 parcas
1414 1566 1420 1584 :
1440 1555 1494 1585 sed
1509 1555 1589 1585 libe-

117 1622 152 1642 re
167 1612 254 1653 leges
278 1617 401 1643 nostras
425 1611 633 1653 reprehende.
654 1621 759 1653 neque
784 1611 869 1642 enim
884 1616 974 1652 turpe
1001 1616 1050 1640 est
1064 1610 1199 1647 discere,
1214 1609 1242 1640 si
1256 1609 1334 1651 quid
1360 1620 1428 1640 non
1443 1609 1540 1650 probe
1556 1616 1592 1641 se

118 1665 225 1702 habet,
240 1666 274 1696 in
290 1676 353 1707 quo
369 1665 537 1707 delinquit.
560 1675 633 1696 nam
649 1665 734 1702 hinc,
751 1665 775 1695 si
793 1665 863 1706 quis
885 1675 950 1695 non
975 1675 1046 1695 cum
1061 1664 1192 1701 invidia,
1207 1663 1265 1695 sed
1280 1674 1352 1695 cum
1366 1663 1591 1695 benevolentia

119 1721 268 1762 accipiat,
284 1721 458 1751 remedium
472 1720 641 1752 invenitur.
665 1720 803 1751 Arum«.
827 1720 981 1751 Praeclare
996 1726 1030 1750 tu
1045 1718 1184 1761 quidem.
1207 1728 1266 1760 ego
1279 1723 1387 1749 tamen
1402 1728 1466 1749 non
1482 1728 1589 1760 repre-

118 1774 289 1806 hendendo
305 1780 388 1811 ante,
412 1785 508 1816 quam
523 1785 579 1816 pro
594 1775 710 1806 viribus
725 1774 894 1816 diligenter
909 1774 1116 1811 considerem,
1133 1773 1189 1805 sed
1209 1772 1382 1803 dubitando
1397 1773 1504 1813 potius
1519 1783 1588 1803 ver-

119 1830 159 1860 ba
174 1829 299 1860 faciam.
322 1830 398 1861 solis
419 1830 506 1860 enim
529 1829 618 1861 vobis
646 1830 828 1861 Graecorum
851 1829 1110 1870 barbarorumque
1126 1827 1276 1862 omnium,
1293 1837 1425 1867 quorum
1439 1826 1587 1858 notitiam

118 1883 281 1920 habemus,
296 1884 462 1926 legislator
477 1885 630 1926 praecepit
645 1895 664 1915 a
678 1884 822 1914 maximis
841 1884 1055 1924 voluptatibus
1077 1882 1380 1925 jucundissimisque
1395 1880 1479 1911 ludis
1494 1891 1588 1911 cave-

117 1946 163 1973 re,
179 1948 238 1968 nec
253 1949 290 1968 ex
305 1938 354 1968 his
368 1938 538 1979 quicquam
554 1945 687 1979 gustare.
711 1937 750 1968 de
767 1937 927 1968 doloribus
941 1943 1046 1968 autem
1063 1943 1094 1968 et
1108 1936 1281 1972 timoribus,
1297 1935 1383 1977 quod
1398 1934 1492 1966 modo
1506 1939 1587 1966 trac-

118 1991 266 2028 tavimus,
281 1994 419 2023 censuit:
437 1992 522 2034 quod
540 1992 689 2024 uidelicet
704 1992 730 2022 si
740 1992 810 2033 quis
825 2002 844 2022 a
859 1991 967 2033 primis
977 1992 1068 2022 annis
1080 2002 1134 2023 eos
1147 1991 1308 2022 declinare
1324 1994 1467 2020 assuetus
1481 1989 1589 2026 fuerit,

120 2045 268 2086 quotiens
286 2047 481 2077 necessarios
502 2046 637 2084 dolores,
647 2052 750 2077 metus
774 2052 867 2088 atque
882 2046 1006 2077 labores
1034 2046 1137 2077 subire
1157 2045 1325 2087 oportebit,
1337 2044 1438 2085 fugiet
1457 2042 1588 2084 quidem

116 2099 201 2136 illos,
217 2100 272 2142 qui
286 2100 319 2131 in
335 2101 384 2131 his
398 2101 561 2132 exercitati
575 2107 659 2138 sunt,
675 2102 783 2143 eisque
807 2101 932 2132 serviet.
955 2101 1015 2132 hoc
1032 2100 1144 2142 ipsum,
1160 2105 1195 2130 ut
1221 2110 1280 2141 ego
1294 2098 1435 2134 arbitror,
1451 2098 1591 2139 oportuit

120 2164 193 2186 eum
209 2154 248 2186 de
265 2156 427 2197 voluptate
444 2155 538 2186 etiam
555 2157 704 2197 cogitare,
721 2165 758 2186 ac
772 2166 877 2186 secum
900 2155 1006 2186 dicere
1022 2167 1028 2185 :
1055 2154 1166 2196 quodsi
1179 2154 1310 2185 ineunte
1327 2157 1420 2184 aetate
1435 2152 1589 2183 maxima·

121 2218 191 2239 rum
207 2209 294 2240 cives
307 2211 507 2252 voluptatum
522 2215 667 2251 expertes
678 2215 780 2245 erunt,
795 2220 855 2240 nec
870 2208 1082 2250 praemeditati
1098 2208 1263 2239 continere
1279 2217 1313 2238 se
1326 2207 1360 2237 in
1375 2206 1590 2247 voluptatibus

119 2263 261 2304 nihilque
277 2269 368 2305 turpe
379 2263 589 2305 jucunditatis
610 2264 792 2305 voluptariae
809 2263 910 2305 gratia
937 2263 1041 2295 facere
1060 2273 1067 2291 :
1089 2262 1136 2293 ita
1151 2260 1366 2297 succumbent,
1383 2260 1588 2301 quemadmo-

120 2317 197 2347 dum
211 2317 265 2359 qui
277 2318 388 2349 timore
404 2319 570 2350 vincuntur
587 2330 594 2349 :
619 2324 651 2350 et
659 2317 754 2349 modo
775 2317 912 2359 quodam
928 2317 990 2348 alio
1006 2327 1042 2351 ac
1059 2316 1194 2358 turpiore
1211 2315 1275 2346 illis
1290 2315 1438 2351 servient,
1453 2314 1507 2356 qui
1522 2325 1590 2346 me·

122 2371 185 2401 diis
200 2371 232 2401 in
244 2372 458 2412 voluptatibus
473 2383 543 2402 sese
565 2373 726 2403 continere
742 2372 859 2402 assueti
879 2377 962 2408 sunt,
978 2377 1011 2402 et
1024 2371 1089 2402 illis
1104 2370 1158 2412 qui
1170 2370 1252 2401 inter
1266 2369 1444 2410 voluptates
1458 2379 1590 2400 conver·

121 2431 229 2456 santes
243 2425 476 2456 oblectamenta
489 2426 548 2457 sibi
563 2426 764 2468 suppeditare
788 2426 921 2468 possint,
936 2425 1082 2467 pessimis
1097 2425 1202 2456 forsan
1221 2423 1411 2455 hominibus.
1433 2427 1527 2464 atque
1543 2423 1590 2454 ita

123 2479 263 2510 animum
278 2479 390 2520 partim
408 2489 531 2510 servum
547 2481 659 2522 partim
684 2480 817 2511 liberum
839 2480 999 2511 habebunt
1013 2491 1019 2509 :
1044 2490 1103 2510 nec
1120 2478 1248 2510 omnino
1263 2477 1360 2509 fortes
1374 2487 1411 2508 ac
1426 2477 1516 2508 liben'
1531 2487 1589 2520 ap-

122 2534 236 2576 pellari
257 2533 429 2566 debebunt.
454 2533 650 2565 considerate
672 2534 777 2576 igitur,
795 2535 821 2566 si
847 2534 924 2576 qnid
950 2544 990 2565 ex
1014 2533 1107 2564 dictis
1129 2533 1224 2574 probe
1246 2531 1335 2563 vobis
1364 2531 1428 2562 dici
1451 2531 1588 2564 videtur.

122 2588 200 2621 Cm.
224 2588 361 2620 Videtm·
381 2588 520 2630 quidem.
543 2588 682 2620 Arum.
707 2589 772 2620 Sed
782 2599 945 2630 Juvenum,
961 2589 1056 2619 immo
1074 2598 1146 2618 vero
1166 2586 1340 2617 amentium
1352 2586 1478 2628 penitus
1494 2592 1592 2623 esset,

123 2643 165 2673 de
180 2643 276 2674 tantis
291 2643 384 2674 rebus
409 2643 512 2674 statim
529 2653 566 2674 ac
590 2643 683 2674 facile
709 2643 863 2674 assentiri.
886 2654 994 2675 verum
1017 2643 1054 2679 si,
1071 2640 1333 2684 quemadmodum
1356 2641 1592 2682 proposuimuS,

122 2696 169 2727 ita
183 2707 267 2728 nunc
284 2708 516 2739 prosequamur,
528 2709 546 2728 0
575 2697 680 2729 Clinia
695 2698 872 2740 hospesque
897 2697 1137 2729 Lacedaemonie
1152 2708 1158 2726 :
1176 2694 1425 2727 moderationem
1447 2695 1590 2737 poneba-

123 2760 212 2781 mus:
237 2761 333 2792 quam
356 2751 569 2783 differentiam
594 2752 789 2783 inveniemus
813 2753 896 2784 inter
909 2753 964 2783 has
981 2757 1014 2783 et
1034 2756 1154 2782 ceteras
1178 2759 1229 2781 res
1243 2749 1398 2791 publicas,
1415 2759 1485 2790 quae
1500 2759 1590 2784 casu,

124 2813 189 2835 non
200 2805 271 2846 lege
285 2807 450 2847 gubernari
470 2807 632 2847 videntur,
647 2806 745 2849 [636]
763 2806 1026 2848 quemadmodum
1049 2804 1180 2836 nuncin
1196 2804 1304 2836 bello?
1329 2803 1427 2835 Mne.
1449 2803 1524 2834 Non
1543 2807 1593 2834 est

122 2858 221 2889 ferme
231 2859 265 2889 id
277 2859 384 2891 facile.
416 2860 496 2892 Cu.
512 2861 672 2893 Videntur
680 2867 785 2893 tamen
793 2861 976 2893 communia
985 2859 1130 2892 convivia
1145 2858 1379 2899 certaminaque
1391 2857 1590 2899 gymnastica

131 2912 296 2945 commode
311 2914 449 2957 utrisque
465 2915 636 2949 adinventa
651 2915 756 2949 fuisse.
794 2917 933 2948 Aruns.
956 2914 1092 2948 videtur
1116 2919 1233 2951 autem,
1249 2924 1269 2945 ο
1283 2912 1435 2954 hospites,
1453 2910 1586 2943 arduum
