1840 3225
231 221 282 255 78
821 217 1085 258 PLATONIS
1592 220 1689 273 [299

229 333 332 360 causa,
349 321 445 362 dicet,
459 330 530 351 cum
553 329 616 350 non
640 319 753 356 minus,
775 330 868 361 quam
892 320 973 358 alite,
997 321 1174 363 voluptates
1198 321 1265 352 istae
1281 321 1353 360 sint,
1369 322 1490 364 pulchri
1504 333 1557 355 eas
1571 315 1690 365 cogno-

229 382 334 407 mento
350 375 496 417 privatis?
545 373 716 416 Quoniam,
732 375 1002 416 respondebimus,
1027 375 1125 418 [299]
1150 386 1242 407 nemo
1258 382 1316 414 est,
1339 378 1394 418 qui
1418 387 1475 407 nos
1499 387 1565 408 non
1580 376 1692 415 rideat,

190 456 194 459 ,
230 431 254 461 si
272 431 424 466 dicamus,
451 439 516 460 non
531 428 623 460 dulce
638 429 862 460 comestionem
887 440 966 466 esse,
982 430 1037 460 sed
1062 430 1224 471 pulchrum
1241 443 1248 461 z
1272 441 1460 472 suavemque
1476 431 1603 462 odorem
1627 440 1690 461 non

231 495 325 515 suave
340 494 420 524 csse,
436 483 490 514 sed
504 482 680 524 pulchrum.
727 482 858 513 Veneris
873 492 997 524 quoque
1021 489 1122 514 motus
1137 484 1349 515 dulcissimum
1365 484 1514 526 quiddam
1529 494 1610 524 esse,
1624 483 1693 525 qui-

231 538 308 569 libet
324 537 485 568 nobiscum
502 536 674 578 pugnabit:
699 541 823 577 oportet
845 541 961 576 autem,
975 537 998 567 si
1015 537 1084 578 quis
1108 538 1168 568 hoc
1185 537 1332 579 potiatur,
1347 538 1390 568 ita
1407 537 1512 579 potiri,
1528 542 1563 568 ut
1586 537 1694 576 lateat,

230 591 318 631 quasi
335 591 399 622 visu
417 590 626 631 turpissimum
642 590 693 620 sit.
737 589 818 621 Cum
833 591 900 621 haec
915 590 1094 627 dixerimus,
1111 590 1243 632 Hippia,
1259 591 1311 622 ille
1326 591 1453 622 forsitan
1470 590 1671 633 respondebit
1685 602 1692 620 2

229 644 378 686 [melligo
394 645 553 685 equidem,
567 644 651 685 quod
663 643 850 684 jamdudum
867 654 921 674 vos
938 645 1038 684 pudor
1052 645 1192 686 impedit,
1209 655 1271 686 quo
1284 645 1385 676 minus
1397 645 1574 686 voluptates
1585 644 1694 685 hujus·

231 699 314 728 modi
331 698 473 739 pulchras
488 698 707 733 denominetis,
724 696 799 738 quia
813 698 989 729 hominibus
1005 709 1067 728 non
1084 699 1258 730 videantur.
1281 709 1340 740 ego
1357 708 1428 730 vero
1441 709 1504 729 non
1520 699 1554 729 id
1570 708 1691 740 quaere-

231 752 312 788 bam,
328 752 411 793 quod
430 751 522 793 vulgo
549 751 711 793 pulchrum
728 752 862 788 videtur,
889 752 942 783 sed
967 753 1051 793 quod
1076 752 1239 793 pulchrum
1263 753 1363 794 ipsum
1379 759 1438 786 est.
1461 759 1494 784 at
1506 752 1635 793 illianos
1658 752 1690 783 id

228 812 414 847 repetemus,
442 806 603 846 pulchrum
620 816 698 842 esse,
714 807 798 847 quod
812 805 877 846 jam
895 806 1064 847 posuimus,
1080 811 1197 848 partem
1211 807 1333 839 scilicet
1355 818 1424 838 earn
1445 806 1593 848 jucundi,
1616 815 1687 847 quze

229 871 283 901 per
298 860 405 890 oculos
422 869 571 900 ¹auresque
588 859 710 890 delinit.
755 859 802 889 Tu
819 870 902 896 vero,
920 860 1054 901 Hippia,
1077 871 1140 901 quo
1156 866 1186 891 te
1204 867 1303 892 vertes
1317 862 1328 893 ?
1353 872 1392 891 an
1415 861 1495 892 forte
1510 861 1585 902 quid
1601 860 1687 890 aiiud

226 914 415 945 inferemus?
461 914 544 947 HrP.
567 913 642 944 Non
656 914 728 951 alia,
740 919 851 956 praeter
860 915 938 952 haec,
952 926 970 945 o
982 915 1136 952 Socrates,
1148 916 1415 957 respondendum.
1459 915 1512 946 So.
1537 914 1689 946 Praeciare

227 969 344 1003 dicitis,
360 968 549 999 inferctille.
595 968 627 999 Si
651 978 724 1009 ergo
748 969 860 1005 solum,
887 969 973 1010 quod
997 980 1052 1010 per
1074 969 1173 1000 visum
1197 970 1402 1011 auditumque
1417 974 1536 1010 gratum
1552 968 1693 1008 advenit,

228 1022 389 1063 pulchrum
414 1027 483 1061 est3
507 1022 592 1062 quod
622 1033 676 1063 per
701 1022 796 1052 alium
824 1033 947 1053 sensum
975 1023 1126 1062 deiectat,
1150 1024 1276 1054 minime
1301 1024 1474 1065 pulchrum.
1517 1022 1692 1054 Confitebi-

229 1076 358 1106 murne?
394 1076 476 1108 Hie.
500 1075 737 1106 confitebimur.
776 1076 832 1107 So.
856 1076 915 1107 Itle
933 1087 1002 1108 vero
1017 1076 1062 1108 sic
1079 1077 1188 1108 iterum
1205 1088 1213 1108 :
1230 1077 1283 1108 An
1299 1078 1383 1119 quod
1399 1087 1454 1118 per
1468 1075 1690 1117 visumjucun·

227 1130 313 1165 dum,
331 1140 385 1170 per
410 1129 507 1159 visum
524 1134 556 1160 et
580 1129 910 1170 auditnmjucundum
936 1131 1003 1161 est?
1027 1137 1059 1162 et
1082 1132 1166 1172 quod
1192 1142 1248 1173 per
1271 1132 1411 1163 auditum
1431 1130 1620 1172 jucundum,
1638 1140 1693 1171 per

227 1183 367 1213 auditum
383 1188 415 1213 et
431 1182 529 1214 visum
554 1183 672 1214 etiarn?
720 1182 774 1213 Ad
800 1185 866 1214 haec
889 1194 966 1214 nos:
990 1183 1090 1215 Nullo
1117 1185 1223 1225 modo,
1239 1185 1323 1226 quod
1341 1195 1396 1226 per
1410 1184 1539 1215 alterurn
1555 1189 1613 1220 est,
1637 1193 1692 1224 per

227 1242 390 1278 utrumque
406 1241 497 1267 esset.
519 1237 578 1267 hoc
604 1236 686 1267 euim
715 1247 850 1278 quaerere
878 1236 968 1267 nobis
995 1237 1119 1273 videris.
1165 1237 1232 1269 Nos
1260 1249 1332 1270 vero
1355 1238 1501 1275 diximus,
1516 1237 1650 1280 quodvis
1671 1246 1690 1267 c

224 1292 346 1321 duobus
364 1290 409 1321 his
421 1290 572 1331 jucundis
587 1291 690 1331 ipsum
715 1301 768 1331 per
784 1300 816 1320 se
834 1291 997 1332 pulchrum
1013 1302 1092 1328 esse,
1108 1297 1140 1322 et
1156 1292 1297 1323 similiter
1319 1293 1423 1324 ambo.
1447 1301 1552 1322 nonne
1572 1291 1618 1322 sic
1641 1300 1688 1322 re-

227 1344 468 1386 spondendum?
514 1344 594 1376 Hm.
619 1344 672 1375 Sic
690 1355 821 1385 prorsus,
869 1345 923 1375 So.
948 1344 1103 1386 Nunquid
1132 1356 1150 1376 a
1171 1345 1316 1386 jucundo
1334 1345 1525 1386 jucundum,
1541 1355 1579 1376 eo
1606 1344 1688 1385 ipso,

225 1398 311 1438 quod
326 1397 500 1438 jucundum
517 1403 575 1434 est,
591 1397 718 1428 differt?
742 1398 825 1428 haud
843 1409 960 1439 quaero,
977 1404 1078 1429 utrum
1096 1398 1194 1440 major
1205 1399 1342 1430 minorve
1355 1399 1396 1431 sit
1405 1399 1568 1440 voluptate
1577 1398 1688 1438 volup-

226 1457 272 1480 tas
287 1458 341 1482 aut
357 1451 452 1492 magis
469 1462 505 1482 ac
522 1451 624 1482 minus
640 1464 647 1482 ι
673 1452 728 1483 sed
746 1458 846 1483 utrum
862 1463 898 1483 ex
917 1452 1055 1494 pluribus
1071 1453 1285 1493 voluptatibus
1300 1447 1364 1484 una.
1377 1454 1521 1496 quaedam
1537 1453 1598 1484 hoc
1619 1453 1687 1494 ipso

225 1507 264 1537 ab
281 1506 341 1536 alia
357 1506 493 1542 differat,
509 1506 593 1547 quod
617 1507 684 1537 haec
707 1507 835 1548 quidem
860 1507 1004 1549 voluptas
1027 1507 1079 1548 sit,
1100 1507 1156 1538 illa
1173 1508 1312 1540 minime.
1355 1507 1457 1539 Nobis
1473 1507 1599 1550 quidem
1623 1517 1688 1537 non

226 1559 324 1590 videri
347 1560 498 1591 dicemus.
543 1559 627 1592 Hm.
649 1560 723 1591 Non
751 1561 849 1592 videri
876 1561 980 1603 plane.
1026 1561 1082 1593 So.
1107 1561 1171 1593 Hic
1198 1562 1250 1593 iiie
1272 1562 1405 1593 inferet:
1430 1561 1547 1593 Nonne
1563 1566 1690 1603 propter

224 1614 308 1644 aliud
325 1614 487 1655 quiddam,
504 1624 595 1655 quam
613 1619 778 1655 propterea
794 1616 881 1656 quod
897 1615 1075 1657 voluptates
1099 1617 1172 1653 sint,
1191 1617 1244 1646 has
1262 1616 1453 1657 potissimum
1471 1615 1647 1657 voluptates
1670 1625 1688 1646 e

223 1679 350 1698 mimero
375 1668 512 1698 omnium
535 1668 683 1709 elegistis,
710 1669 772 1700 tale
800 1669 950 1710 quiddam
976 1670 1007 1700 in
1033 1671 1171 1712 utrisque
1197 1670 1413 1712 inspicientes,
1436 1670 1522 1711 quod
1541 1669 1686 1700 videlicet

225 1728 363 1753 naturam
387 1722 544 1763 quandam
561 1723 678 1752 habent
693 1723 732 1752 ab
750 1722 816 1752 aliis
833 1723 1041 1759 differentem,
1058 1725 1096 1754 ad
1115 1734 1205 1765 quam
1231 1724 1371 1765 profecto
1387 1724 1602 1765 respicientes,
1618 1724 1689 1765 pui-

224 1777 312 1807 chras
328 1780 394 1807 esse
410 1775 479 1806 ilias
495 1776 675 1806 asseveratis
691 1776 701 1805 ?
720 1786 820 1817 neque
837 1777 919 1806 enim
937 1777 1019 1806 visus
1036 1777 1182 1817 voluptas
1198 1777 1311 1808 iccirco
1328 1777 1458 1818 pulchra
1472 1784 1530 1815 est,
1545 1778 1618 1820 quia
1633 1788 1688 1819 per

224 1829 320 1860 visum
334 1831 380 1861 fit.
397 1840 468 1860 nam
485 1829 509 1860 si
525 1829 609 1860 illius
625 1829 865 1871 pulchritudinis
881 1830 946 1860 haec
963 1835 1045 1860 esset
1059 1840 1165 1867 causa,
1182 1830 1269 1860 nullo
1281 1831 1469 1872 ruodo,qua²
1483 1831 1687 1872 perauditum

224 1885 269 1919 fit,
295 1884 423 1925 pulchra
448 1888 540 1920 esset,
568 1894 639 1914 curn
665 1894 720 1924 per
747 1884 844 1914 visum
873 1894 1070 1924 nequaquam
1096 1884 1257 1915 efficiatur.
1305 1883 1372 1914 Nos
1391 1889 1496 1914 autem
1511 1884 1685 1914 veraiHum

224 1938 327 1968 dicere
340 1937 582 1968 confitebimur?
629 1937 710 1967 Hm.
736 1937 962 1968 Confitebimur
977 1948 1062 1970 sane.
1107 1938 1163 1969 So.
1187 1937 1302 1980 Neque
1327 1937 1423 1979 [300]
1449 1947 1550 1968 rursus
1563 1938 1688 1968 auditus

226 1992 369 2032 voluptas
384 2002 420 2022 ex
438 2002 476 2022 eo
493 1991 633 2032 pulchra,
649 1991 723 2032 quia
739 2002 794 2033 per
809 1992 950 2022 auditum
968 1992 1042 2022 fiat?
1068 1991 1221 2034 alioquin,
1237 2002 1305 2033 quae
1323 2002 1379 2034 per
1393 1992 1493 2023 visum
1510 1992 1691 2033 percipitur,

225 2046 354 2086 pulchra
368 2055 432 2075 non
454 2051 546 2081 esset,
561 2045 681 2086 quippe
708 2056 777 2076 cum
794 2056 856 2075 non
873 2046 981 2076 eadem
1006 2046 1045 2077 sit
1059 2057 1130 2078 cum
1153 2046 1217 2082 illa,
1235 2056 1305 2088 quae
1321 2056 1376 2087 per
1389 2046 1530 2077 auditum
1545 2045 1689 2079 efficitur.

227 2099 306 2129 Eum
325 2099 433 2136 virum,
450 2099 503 2141 qui
520 2100 579 2129 ista
594 2099 684 2135 dicit,
701 2110 719 2129 o
747 2099 882 2141 Hippia,
903 2110 974 2130 vera
990 2100 1075 2141 loqui
1091 2100 1280 2131 fatebimur?
1325 2099 1407 2130 Hn’.
1429 2099 1512 2130 vera
1533 2100 1688 2130 nimirum.

225 2154 279 2183 SO.
304 2153 523 2183 Verumtamen
541 2158 692 2194 utraeque,
719 2152 850 2193 inquiet,
870 2152 1004 2193 pulchrae
1030 2159 1114 2190 sunt,
1141 2159 1175 2184 ut
1197 2153 1313 2184 dicitis.
1359 2153 1564 2185 Dicimusne?
1608 2153 1691 2184 Hie.

230 2206 370 2237 Dicimus
386 2211 480 2238 certe.
527 2206 583 2237 So·
608 2206 737 2237 Habent
752 2206 844 2247 igitur
860 2217 1024 2238 commune
1048 2207 1198 2248 quiddam
1223 2212 1316 2248 atque
1340 2207 1433 2243 idem,
1449 2207 1534 2248 quod
1551 2217 1604 2238 eas
1619 2207 1691 2248 pui-

225 2260 312 2290 chms
328 2260 433 2295 eflicit,
450 2260 574 2301 quodve
590 2260 738 2290 ambabus
761 2260 966 2291 communiter
990 2261 1081 2296 inest,
1096 2266 1128 2291 et
1144 2261 1313 2301 unicuique
1331 2261 1464 2302 proprie.
1488 2271 1590 2302 neque
1604 2262 1689 2292 enim

227 2314 315 2344 aliter
330 2314 428 2344 ambre
446 2314 582 2355 pulchroe
598 2319 711 2349 essent,
727 2319 757 2344 et
774 2314 923 2354 qualibet.
970 2314 1052 2355 Age,
1069 2304 1157 2354 milii,
1175 2320 1319 2356 tauquam
1338 2315 1393 2351 iili,
1408 2315 1574 2356 responde.
1607 2315 1691 2348 Hir.

228 2368 274 2398 ita
293 2368 378 2404 mihi,
407 2374 441 2398 ut
466 2368 520 2405 ais,
548 2367 645 2398 videri
673 2368 857 2409 respondeo.
903 2368 958 2399 SO.
983 2368 1015 2398 Si
1044 2368 1127 2398 enim
1155 2367 1330 2408 voluptates
1354 2368 1421 2398 istae
1447 2368 1565 2409 aliquid
1591 2369 1690 2399 ambae

226 2422 430 2462 susciperent,
446 2423 530 2463 quod
549 2433 609 2452 non
627 2432 730 2452 carum
749 2422 895 2462 qumlibet
916 2428 1081 2463 pateretur,
1099 2433 1256 2463 nunquam
1269 2422 1446 2463 hujusmodi
1464 2423 1607 2464 passione
1622 2422 1691 2463 pui-

226 2477 306 2506 cirroe
323 2477 514 2507 exsisterent.
560 2476 642 2506 Hu’.
665 2477 716 2507 Sic
732 2482 792 2515 est,
810 2488 827 2506 o
846 2476 998 2507 Socrates.
1021 2477 1074 2517 qui
1100 2477 1181 2506 enim
1198 2476 1262 2506 fieri
1280 2482 1392 2517 potest,
1416 2482 1461 2513 ut,
1478 2477 1563 2518 quod
1580 2482 1690 2508 neutra

227 2532 344 2562 iiiarum
364 2531 489 2571 patitur,
507 2530 604 2560 amba·
623 2529 855 2570 perpetiuntur?
893 2529 944 2560 So.
970 2529 1044 2560 Non
1061 2530 1118 2560 tibi
1135 2530 1279 2560 videtur?
1318 2530 1401 2561 Hm.
1426 2530 1526 2571 Atqui
1541 2536 1574 2561 et
1588 2540 1687 2561 rerum

227 2586 351 2615 istarum
368 2590 397 2615 et
415 2584 606 2614 locutionum
623 2583 801 2624 hujusmodi
827 2584 950 2624 penitus
975 2583 1136 2624 imperitus
1152 2594 1263 2615 essem.
1309 2583 1365 2615 So.
1386 2583 1534 2615 Jucunde
1549 2583 1688 2624 quidem,

229 2650 246 2669 o
275 2638 406 2679 Hippia.
431 2644 565 2668 ceterum
592 2648 651 2678 ego
679 2637 758 2668 sorte
786 2637 941 2678 periclitor
969 2637 1065 2668 videri
1094 2638 1168 2668 mihi
1195 2638 1312 2679 aliquid
1341 2637 1466 2673 intueri,
1488 2637 1572 2678 quod
1596 2637 1642 2668 ita
1656 2647 1689 2668 se

229 2694 351 2728 habere,
371 2698 401 2722 ut
420 2698 451 2721 tu
469 2692 523 2727 ais,
541 2691 666 2722 minime
680 2691 776 2732 possit
793 2703 799 2720 :
825 2691 916 2721 video
933 2697 1035 2721 autem
1054 2691 1141 2723 nihil.
1188 2691 1268 2723 Hm.
1295 2690 1368 2722 Non
1386 2690 1579 2731 periclitaris,
1595 2701 1613 2720 o
1630 2690 1689 2721 So·

229 2752 346 2778 crates:
373 2746 426 2775 sed
444 2745 573 2775 nimium
589 2745 737 2786 despicis.
778 2746 832 2776 So.
859 2744 1025 2775 Enimvero
1042 2745 1135 2786 hujus
1159 2746 1278 2786 generis
1294 2745 1446 2786 permulta
1460 2744 1535 2774 mihi
1551 2744 1582 2774 in
1603 2754 1690 2776 rnen-

229 2806 290 2830 tcm
318 2799 458 2835 veniunt,
483 2799 596 2840 quibus
625 2798 717 2829 tidem
743 2809 805 2829 non
830 2805 954 2840 praesto,
970 2799 1116 2839 quoniam
1141 2809 1203 2829 non
1231 2799 1399 2840 probantur
1423 2798 1536 2832 abste,
1560 2797 1614 2839 qui
1640 2808 1688 2828 ar-

228 2855 313 2895 genti
337 2853 406 2894 pius
433 2852 536 2882 studio
562 2852 734 2893 sapientiae,
752 2863 843 2894 quam
861 2853 955 2884 ceteri
973 2853 1067 2883 nostri
1090 2853 1247 2894 temporis,
1269 2851 1443 2883 cumulasti.
1487 2850 1556 2891 Ego
1571 2856 1687 2887 autem,

230 2920 247 2938 υ
266 2909 374 2945 amice,
391 2911 500 2948 utpote
517 2898 571 2948 qui
586 2907 663 2938 nihil
687 2918 823 2948 unquam
840 2907 974 2938 lucratus
989 2918 1068 2945 sum,
1086 2908 1202 2949 cogito,
1225 2917 1265 2938 ne
1282 2916 1402 2939 mecum
1417 2905 1495 2937 forte
1505 2903 1632 2946 joceris,
1647 2915 1686 2936 ex
