1840 3225
120 230 197 267 530
633 229 1038 271 DEFlNlTIONES.
1482 234 1577 286 [414

118 339 183 373 quo
208 331 285 372 quid
311 332 377 373 pati
404 337 459 363 aut
487 332 591 364 facere
616 338 751 375 oportet.
796 335 912 366 Cautio
935 341 984 366 est
1012 335 1155 367 custodia
1183 337 1275 368 mali:
1312 349 1385 369 cura
1414 337 1582 369 custodiae.

121 385 210 415 Ordo
230 391 279 416 est
302 386 395 417 officii
420 392 452 417 et
475 387 608 418 actionis
634 387 807 419 similitudo
832 390 972 420 omnium
999 400 1108 420 eorum
1141 400 1211 431 quae
1243 391 1325 422 inter
1355 401 1387 421 se
1410 391 1575 422 conferun-

119 443 186 469 tur:
212 440 374 481 proportio
400 441 580 472 societatis:
606 448 706 472 ‘causa
717 442 857 473 omnium
874 453 981 474 eorum
994 453 1064 485 quae
1092 443 1174 474 inter
1189 454 1222 474 se
1248 445 1469 476 conferuntur:
1493 450 1579 486 syme

120 492 234 523 metria
258 495 524 535 etcongruentia
546 496 586 525 ad
607 496 807 527 discendum.
851 497 995 528 Attentio
1025 503 1073 528 est
1101 498 1262 529 contentio
1285 504 1319 529 et
1353 504 1484 530 conatus
1513 498 1580 528 ani<

121 556 178 576 mae
201 546 241 577 ad
260 549 524 588 cognoscendum.
570 549 740 591 Ingenium
754 558 802 581 est
815 551 966 582 velocitas
981 551 1146 582 discendi:
1170 552 1320 582 nativitas
1333 558 1451 583 naturae
1471 552 1556 582 bona
1573 560 1579 580 ι

119 600 218 631 virtus
232 601 266 631 in
282 606 402 633 natura.
448 603 607 634 Docilitas
623 608 673 634 est
691 605 887 645 generositas
902 605 1014 636 animae
1038 606 1077 636 ad
1092 605 1244 636 velociter
1258 606 1454 637 discendum.
1486 606 1508 637 J
1512 605 1580 636 udi-

120 653 203 684 cium
231 659 279 685 est
294 656 454 687 sententia
469 662 536 687 rata
559 657 599 687 de
624 668 659 688 re
681 658 715 688 in
740 657 970 699 disceptatione
1000 659 1156 700 ambigua.
1201 660 1267 690 Lex
1293 668 1343 691 est
1370 659 1584 690 controversia

119 707 159 738 de
188 708 305 748 injuste
333 709 437 747 factis,
467 716 522 741 aut
549 722 650 742 secus.
694 712 829 743 Bonitas
857 713 976 754 legum,
1001 718 1050 744 est
1076 713 1258 744 obedientia
1280 715 1387 755 legum
1411 718 1582 744 rectarum.

119 761 246 795 Laetitia
261 770 310 796 est
332 765 480 806 gaudium
509 775 550 795 ex
576 765 728 797 moderati
753 766 812 796 viri
827 768 984 808 operibus.
1029 766 1140 798 Honor
1169 772 1219 798 est
1247 768 1402 799 exhibitio
1427 768 1581 798 bonorum

117 826 187 856 quae
210 817 244 849 in
261 819 438 850 actionibus
457 829 511 860 per
528 820 675 850 virtutem
691 819 829 850 dantur:
855 820 992 860 dignitas
1007 830 1048 850 ex
1072 821 1207 852 virtute:
1234 822 1359 852 habitus
1383 821 1579 852 autoritatis:

118 870 298 902 observatio
319 872 521 913 dignitatum.
566 872 726 903 Alacritas
741 878 789 903 est
815 873 988 904 declaratio
1003 874 1176 905 voluntatis
1191 874 1231 905 ad
1256 874 1426 915 agendum.
1469 873 1581 905 Gratia

116 929 167 955 est
181 924 394 957 beneficentia
408 926 586 957 voluntaria
601 937 608 955 :
631 926 798 957 retributio
814 927 890 958 boni
906 927 945 958 ob
959 927 1167 958 ministerium
1182 927 1215 959 in
1229 934 1369 969 tempore
1392 932 1582 969 opportuno.

117 978 295 1010 Concordia
307 984 357 1010 est
376 980 536 1011 sententia
549 980 732 1021 principum
743 986 777 1011 et
792 980 999 1018 subditorum,
1022 982 1182 1023 quomodo
1202 981 1356 1023 imperare
1382 987 1416 1013 et
1439 980 1579 1012 subditos

115 1042 184 1062 esse
200 1038 334 1074 oportet.
378 1033 533 1074 Respubl.
557 1039 604 1064 est
619 1034 799 1064 communio
814 1035 1028 1066 multitudinis
1044 1036 1218 1071 hominum,
1234 1046 1292 1076 per
1306 1046 1340 1066 se
1353 1036 1511 1067 sufficiens
1528 1035 1577 1065 'ad

115 1085 319 1117 felicitatem:
352 1088 530 1118 communio
553 1087 769 1119 multitudinis
792 1088 944 1129 legitima.
970 1089 1068 1131 [414]
1092 1089 1299 1120 Providentia
1324 1098 1372 1120 est
1394 1088 1581 1131 praeparatio

116 1139 156 1170 ad
184 1140 289 1171 futura
314 1142 470 1183 quaedam.
530 1142 729 1173 Consultatio
765 1147 814 1172 est
839 1143 1052 1174 consideratio
1073 1144 1114 1174 de
1152 1143 1268 1174 futuris
1295 1148 1390 1184 prout
1418 1140 1580 1173 conducit.

117 1194 260 1225 Victoria
272 1203 321 1226 est
335 1196 467 1227 facultas
481 1196 651 1239 superandi
662 1197 695 1227 in
709 1197 892 1227 certamine.
907 1197 1056 1228 Facilitas
1063 1201 1111 1227 est
1121 1196 1338 1238 distinguendi
1350 1195 1579 1238 promptitudo,

116 1258 188 1288 quae
213 1255 341 1290 superat
363 1260 399 1281 ac
428 1251 553 1281 obtinet
577 1251 609 1281 id
633 1251 717 1292 quod
745 1251 969 1283 consideratur.
1015 1251 1145 1282 Donum
1168 1256 1219 1282 est
1245 1252 1354 1291 gratia>
1376 1249 1580 1292 permutatio.

117 1301 253 1333 Occasio
267 1310 315 1334 est
328 1306 478 1346 temporis
504 1305 594 1346 vigor
617 1305 658 1336 ad
684 1305 718 1335 id
738 1305 822 1345 quod
841 1306 1012 1336 conducit:
1038 1310 1174 1347 tempus,
1198 1306 1282 1346 quod
1305 1305 1422 1335 bonurn
1448 1303 1578 1345 aliquod

115 1362 313 1398 cooperatur.
358 1359 515 1390 Memoria
539 1364 588 1390 est
602 1359 729 1389 affectio
744 1359 870 1396 animae,
894 1369 965 1401 quae
991 1364 1159 1390 conservat
1184 1369 1253 1390 eam
1279 1369 1350 1400 quae
1373 1358 1408 1389 in
1433 1358 1503 1399 ipsa
1530 1360 1581 1387 est

114 1411 290 1443 veritatem.
335 1411 435 1443 Notio
449 1418 498 1443 est
510 1413 711 1454 cogitationis
731 1414 904 1444 contentio.
948 1413 1170 1454 Intelligentia
1189 1418 1238 1444 est
1258 1412 1447 1454 principium
1476 1411 1577 1442 scien-

114 1464 178 1496 tiae.
226 1466 441 1498 Sanctimonia
456 1472 505 1497 est
517 1467 647 1498 evitatio
661 1473 863 1507 peccatorum
880 1467 1030 1498 adversus
1045 1468 1140 1497 deos:
1167 1468 1293 1497 honoris
1316 1466 1383 1496 Dei
1405 1464 1575 1496 secundum

113 1524 256 1550 naturam
272 1520 386 1551 cultus.
432 1520 598 1551 Divinatio
615 1525 664 1550 est
678 1520 812 1551 scientia
827 1531 898 1561 quae
914 1521 1002 1561 prius
1015 1520 1136 1551 indicat
1152 1531 1220 1551 rem
1239 1520 1355 1560 absque
1379 1520 1575 1550 demonstra-

113 1572 213 1603 tione.
258 1573 318 1604 Ars
333 1574 507 1609 divinandi,
523 1578 573 1604 est
588 1573 720 1604 scientia
735 1583 805 1613 quae
821 1575 1003 1614 speculatur
1026 1573 1058 1603 id
1080 1574 1163 1614 quod
1190 1579 1251 1614 est,
1266 1579 1300 1604 et
1323 1573 1407 1613 quod
1439 1573 1577 1603 futurum

113 1630 161 1656 est
174 1627 296 1657 mortali
312 1628 452 1658 animali.
496 1627 658 1667 Sapientia
668 1631 717 1657 est
732 1627 866 1657 scientia
880 1627 1001 1658 nullius
1017 1627 1095 1657 certi
1105 1627 1283 1668 argumenti
1297 1638 1304 1656 :
1321 1626 1456 1657 scientia
1468 1635 1577 1656 eorum

113 1689 184 1719 quae
210 1690 334 1721 semper
348 1686 439 1712 sunt:
464 1681 598 1711 scientia
613 1691 684 1722 quae
699 1691 802 1712 rerum
817 1691 929 1712 causas
945 1681 1139 1723 speculatur.
1182 1680 1389 1722 Philosophia
1403 1685 1452 1710 est
1474 1679 1576 1710 scien—

111 1732 163 1762 tiae
178 1743 285 1764 eorum
300 1744 370 1775 quae
387 1745 511 1776 semper
525 1739 597 1765 sunt
611 1735 806 1776 appetentia,
821 1745 891 1775 quae
908 1735 1087 1766 considerat
1103 1745 1209 1766 verum
1223 1734 1380 1776 quomodo
1391 1744 1500 1765 verum
1513 1733 1573 1764 sit:

112 1796 187 1817 cura
202 1788 314 1818 animae
339 1799 410 1820 cum
433 1794 520 1820 recta
544 1789 677 1819 ratione.
722 1789 865 1819 Scientia
885 1794 935 1819 est
957 1788 1170 1831 apprehensio
1191 1789 1302 1819 animm
1323 1787 1529 1818 immutabilis
1557 1797 1577 1818 a

111 1841 248 1872 ratione:
281 1842 413 1885 facultas
428 1842 628 1873 existimandi
643 1842 682 1873 de
698 1842 832 1883 quodam
849 1848 902 1874 aut
930 1843 1130 1885 quibusdam,
1156 1842 1362 1873 immutabilis
1389 1851 1408 1872 a
1429 1841 1554 1872 ratione
1569 1851 1575 1870 :

109 1895 190 1925 ratio
214 1906 287 1927 vera
316 1896 349 1927 in
379 1902 485 1927 mente
512 1896 729 1927 immutabilis.
786 1897 906 1938 Opinio
932 1902 981 1928 est
1008 1897 1201 1928 existimatio
1229 1906 1302 1927 cum
1331 1894 1534 1936 persuasione
1559 1905 1579 1925 a

111 1949 255 1981 ratione:
280 1951 418 1992 impetus
439 1951 669 1982 ratiocinandi:
695 1951 853 1981 sententia
867 1951 1012 1982 incidens
1027 1952 1060 1982 in
1075 1951 1190 1981 falsum
1216 1955 1250 1980 et
1269 1960 1377 1980 verum
1398 1959 1417 1979 a
1440 1948 1575 1979 ratione.

113 2003 230 2034 Sensus
258 2010 308 2035 est
336 2006 472 2046 impetus
494 2006 629 2035 animae:
655 2005 771 2036 mentis
801 2010 926 2035 motus:
952 2005 1063 2035 animae
1085 2015 1141 2046 per
1165 2014 1278 2045 corpus
1305 2002 1505 2034 renunciatio
1533 2002 1575 2032 ad

112 2059 363 2098 opportunitates
379 2059 540 2089 hominum
555 2071 561 2089 :
586 2069 605 2089 a
620 2068 683 2100 quo
707 2059 741 2089 fit
761 2059 873 2089 animae
889 2059 1023 2090 facultas
1038 2059 1168 2090 rationis
1193 2068 1297 2093 exorS,
1313 2067 1384 2098 quae
1413 2055 1578 2097 cognoscit

112 2121 168 2151 per
194 2122 317 2153 corpus.
362 2113 499 2143 Habitus
523 2118 571 2143 est
596 2113 723 2143 affectio
748 2113 873 2149 animae,
894 2112 1071 2144 secundum
1092 2123 1184 2154 quam
1206 2112 1315 2154 quales
1344 2110 1474 2153 quidam
1497 2108 1575 2139 dici-

113 2174 195 2196 mur.
241 2165 316 2195 Vox
341 2170 389 2196 est
412 2167 514 2196 fluxus
535 2177 593 2207 per
619 2177 665 2202 os,
699 2167 738 2197 de
760 2172 867 2197 mente
887 2172 920 2197 et
943 2166 1147 2208 cogitatione.
1194 2167 1315 2201 Sermo,
1340 2170 1389 2195 est
1418 2173 1480 2194 vox
1505 2172 1576 2204 quas

111 2218 212 2249 literis
242 2220 337 2250 scribi
366 2225 483 2260 potest,
509 2225 542 2250 et
565 2220 690 2260 singula
714 2230 784 2261 quae
812 2226 888 2251 sunt
914 2220 1062 2261 exponit:
1093 2220 1193 2250 forma
1223 2218 1375 2259 loquendi
1401 2215 1577 2257 composita

112 2282 151 2302 ex
177 2273 355 2304 nominibus
379 2279 412 2304 et
437 2273 550 2310 verbis,
577 2273 696 2314 absque
720 2279 888 2305 concentu.
932 2273 1061 2304 Nomen
1086 2278 1136 2303 est
1158 2273 1258 2303 forma
1281 2270 1432 2312 loquendi
1456 2270 1574 2300 incom—

111 2327 224 2367 posita,
251 2337 320 2368 quae
347 2327 575 2368 interpretatur
601 2333 665 2358 tum
693 2327 727 2358 id
755 2328 841 2369 quod
868 2328 916 2360 vde
950 2327 1091 2358 essentia
1117 2325 1320 2368 praedicatur,
1355 2330 1424 2355 tum
1452 2322 1579 2364 quidvis

112 2381 196 2421 quod
226 2391 290 2411 non
315 2391 371 2422 per
398 2382 538 2422 seipsum
565 2380 692 2412 dicitur.
736 2382 905 2422 Loquendi
928 2382 1028 2412 sonna
1050 2386 1100 2411 est
1125 2390 1189 2410 vox
1223 2378 1358 2410 hominis
1382 2387 1452 2418 qua:
1479 2375 1577 2406 literis

111 2434 206 2464 scribi
232 2440 346 2475 potest,
379 2440 411 2466 et
447 2435 574 2476 signum
600 2435 761 2476 quoddam
791 2446 958 2466 commune
988 2433 1228 2476 interpretandi,
1261 2433 1380 2473 absque
1411 2435 1577 2462 concentu.

112 2488 243 2529 Syllaba
263 2494 314 2519 est
339 2489 481 2519 humanae
506 2490 593 2520 vocis
617 2490 779 2525 articulus,
805 2490 860 2530 qui
883 2489 978 2520 scribi
1003 2477 1119 2530 potest.
1162 2487 1316 2518 Definitio
1339 2491 1387 2516 est
1412 2494 1514 2515 sermo
1536 2493 1578 2514 ex

112 2551 225 2582 genere
246 2547 280 2573 et
295 2542 476 2573 differentia
501 2543 704 2584 compositus.
751 2542 947 2584 Conjectura
971 2547 1022 2573 est
1047 2541 1271 2572 demonstratio
1293 2540 1338 2571 rei
1361 2549 1424 2570 non
1448 2537 1575 2578 conspi—

112 2605 191 2626 cuae.
236 2595 474 2627 Demonstratio
489 2602 537 2627 est
551 2607 653 2627 sermo
669 2607 707 2627 ex
721 2596 960 2627 ratiocinatione
976 2606 1068 2627 verus
1084 2607 1090 2625 :
1115 2605 1216 2626 sermo
1230 2594 1285 2636 qui
1300 2593 1441 2624 declarat
1455 2601 1513 2632 per
1536 2600 1577 2622 ea

110 2659 180 2690 quae
196 2643 283 2690 prius
297 2650 424 2691 cognita
449 2655 530 2680 sunt.
555 2651 754 2681 Elementum
772 2651 858 2681 vocis
875 2655 924 2681 est
938 2660 996 2681 vox
1011 2649 1230 2690 incomposita,
1245 2658 1316 2689 quae
1331 2656 1428 2678 causa
1440 2650 1489 2676 est
1503 2644 1573 2675 aliis

109 2702 239 2734 vocibus
252 2708 286 2734 ut
299 2713 394 2734 voces
409 2703 482 2734 sint.
505 2704 605 2740 Utile,
621 2710 668 2735 est
683 2714 778 2735 causa
788 2709 823 2735 ut
836 2704 1003 2735 commodo
1015 2703 1186 2734 afficiamur
1199 2713 1205 2731 :
1224 2711 1320 2733 causa
1330 2700 1416 2732 boni.
1440 2698 1568 2730 Condu-

109 2756 203 2788 cibile
211 2762 259 2788 est
269 2757 355 2799 quod
366 2757 454 2788 ducit
464 2757 504 2787 ad
516 2758 643 2788 bonum.
660 2758 839 2789 Honestum
850 2764 883 2788 et
895 2758 1060 2799 pulchrum
1072 2762 1121 2787 est
1131 2757 1256 2787 bonum.
1272 2755 1398 2786 Bonum
1411 2758 1459 2783 est
1470 2760 1567 2782 causa

110 2811 219 2842 salutis
234 2811 282 2842 his
300 2821 369 2852 quae
386 2816 459 2841 sunt
472 2821 565 2842 causa
580 2811 718 2854 cujusvis
734 2811 819 2852 quod
831 2812 869 2842 ad
887 2812 991 2852 ipsum
1006 2812 1154 2842 refertur:
1180 2820 1198 2840 a
1209 2818 1270 2850 quo
1287 2805 1443 2846 contingit
1453 2804 1568 2836 electio

109 2875 217 2896 corum
232 2875 302 2905 qua:
325 2865 529 2896 conveniunt.
576 2865 757 2896 Modestum
774 2871 820 2896 cst
845 2866 957 2896 animae
975 2870 1133 2895 venustaS.
1177 2863 1302 2894 Justum
1316 2866 1364 2891 est
1379 2859 1457 2900 legis
1478 2857 1567 2893 ordo·

109 2918 161 2960 qui
177 2918 272 2949 c‘fficit
288 2917 453 2959 justitiam.
501 2919 721 2957 Voluntarium
737 2919 823 2951 idern
839 2925 887 2951 est
901 2918 984 2961 quod
999 2917 1146 2949 blandum
1160 2922 1192 2948 et
1216 2916 1362 2947 illectans
1378 2924 1383 2942 τ
1409 2910 1493 2955 quod
1512 2921 1568 2953 per
