1840 3225
130 230 230 288 5²74]
540 238 612 275 DE
643 236 949 275 REPUBLICA
984 237 1079 278 ΜΒ.
1113 240 1181 279 ΙΧ.
1520 239 1598 284 ‘211‘

127 352 192 372 rum
210 341 360 383 potentia!
375 341 493 383 cupido
512 346 646 372 mutatus
663 340 692 370 in
710 340 904 381 popularem.
936 340 1016 372 Aur.
1036 341 1111 372 Erat
1127 343 1235 384 utique
1252 348 1284 374 et
1298 349 1345 375 est
1360 345 1440 376 circa
1452 345 1599 388 hujusce·

128 394 213 426 modi
230 395 325 426 virum
340 397 406 427 haec
421 394 540 436 opinio.
586 395 642 425 So.
667 393 757 425 Pone
772 404 874 424 rursus
891 393 984 435 hujus
1000 396 1170 436 grandioris
1188 397 1293 428 effecti
1306 398 1418 435 fitium,
1434 400 1540 440 primis
1557 400 1596 432 ab

125 448 215 480 annis
239 449 296 480 sub
321 449 458 491 parentis
481 449 617 479 moribus
649 447 831 479 enutritum.
876 447 958 479 Am.
983 447 1084 480 Pono.
1132 450 1188 483 So.
1212 450 1315 482 Ponas
1345 453 1454 483 iterum
1483 455 1593 486 eadem

125 502 183 534 sibi
205 503 358 540 accidere,
373 513 442 544 quae
467 503 547 544 patri
563 502 775 543 contigerant,
803 507 837 532 ut
854 502 892 532 ad
921 513 1012 533 omne
1030 503 1167 534 trahatur
1182 504 1335 546 flagitium
1351 512 1383 536 et
1406 506 1596 539 lascivientis

124 555 196 587 vitae
213 556 379 594 licentiam,
395 567 467 598 quae
491 562 595 588 tamen
619 557 664 593 hi,
680 557 736 597 qui
764 557 905 597 trahunt,
921 556 1074 598 integram
1091 557 1256 588 nominent
1283 559 1455 592 libertatern
1473 573 1479 591 :
1506 567 1594 603 pater

124 615 227 641 autem
252 610 367 652 aliique
381 610 544 641 domestici
562 610 673 641 mediis
690 610 758 641 istis
773 610 1001 651 cupiditatibus
1016 610 1226 651 suffragentur
1240 622 1246 640 :
1273 612 1326 652 qui
1338 623 1409 643 vero
1426 612 1484 654 ipsi
1500 626 1591 655 opem

123 667 303 706 suggerunt,
319 665 446 706 quando
470 664 593 696 scilicet
605 664 671 706 jam
699 664 892 705 speraverint
910 665 1108 695 vehementes
1126 665 1170 694 illi
1187 665 1395 696 incantatores
1410 667 1593 699 nutritores·

121 718 383 760 que‘tyranuidis,
399 719 630 750 adolescentem
648 729 681 749 se
705 729 768 748 non
785 718 874 749 aliter
897 718 1058 749 continere
1075 729 1179 759 posse,
1194 729 1328 750 amorem
1346 720 1377 750 in
1394 730 1431 750 eo
1454 721 1589 762 aliquem

120 758 305 812 quibusdam
322 773 604 804 machinationibus
618 773 768 809 excitent,
793 774 890 815 [573]
918 771 1082 813 praesidem
1100 778 1297 814 tutoremque
1314 773 1484 804 otiosorum
1501 781 1532 805 et
1548 777 1588 806 ad

120 824 280 856 libidinem
307 826 352 856 illi
379 827 681 858 subministrantium
711 827 953 863 desideriorum,
982 826 1099 857 alatum
1129 831 1212 857 certe
1238 833 1270 857 et
1297 828 1454 869 ingentem
1471 828 1590 860 fucum.

119 879 261 920 nunquid
288 880 373 911 aliud
390 891 523 912 amorem
549 881 657 912 talium
675 892 742 912 esse
759 882 874 922 putas?
921 881 1005 911 Am.
1029 880 1117 911 Nihil
1135 881 1233 913 aliud.
1280 881 1337 912 So.
1361 882 1498 918 Quando
1515 893 1589 914 vero

117 932 199 964 circa
214 933 314 974 ipsum
332 940 522 965 susurrantes
539 935 730 976 cupiditates
745 935 827 970 aliae,
843 934 962 965 refertae
974 935 1095 970 nidore,
1111 935 1290 976 unguentis,
1306 935 1429 966 coronis
1441 946 1477 967 ac
1491 946 1587 976 mero,

117 987 323 1030 resolutisque
338 989 600 1020 consuetudinum
618 989 726 1020 talium
744 989 972 1030 voluptatibus,
987 994 1145 1030 coaugent
1161 999 1281 1030 prorsus
1296 989 1446 1030 aluntque
1462 990 1588 1021 deside-

117 1040 196 1072 rium
222 1041 312 1078 illud,
327 1049 421 1084 atque
441 1043 483 1073 ita
499 1044 571 1074 suco
597 1044 739 1075 aculeum
767 1044 889 1074 addunt
905 1055 912 1073 ι
939 1049 1013 1073 ωηο
1024 1043 1089 1084 jam
1106 1043 1158 1074 hic
1175 1043 1267 1073 animi
1293 1053 1404 1084 praeses
1421 1043 1495 1074 furit
1519 1055 1585 1074 om-

116 1094 206 1133 nino,
221 1096 381 1128 dementia
396 1098 465 1139 ipsa
482 1098 599 1135 fervet3
622 1103 715 1138 atque
731 1098 864 1138 stipatus
888 1097 962 1127 inde
986 1097 1172 1127 satellitibus
1188 1103 1219 1127 et
1235 1096 1360 1127 stimulo
1377 1097 1527 1137 percitus,
1551 1108 1587 1128 ac

115 1148 234 1190 siquas
249 1150 329 1181 intra
344 1162 376 1181 se
392 1151 526 1192 frugales
541 1157 573 1182 et
588 1151 780 1182 verecundas
797 1151 962 1192 opiniones
979 1150 1234 1191 cupiditatesque
1250 1150 1428 1187 offenderit,
1438 1150 1587 1191 exstirpat

115 1212 168 1233 eas
177 1204 316 1243 protinus
325 1210 355 1235 et
366 1205 507 1246 expellit,
517 1216 681 1247 quousque
691 1205 926 1246 temperantiam
942 1215 1065 1235 omnem
1079 1204 1197 1245 ejiciat,
1208 1214 1303 1244 seque
1316 1204 1430 1234 forensi
1443 1204 1585 1235 etaliena

113 1255 236 1288 insania
251 1259 380 1299 repleat.
430 1259 511 1290 Am.
535 1259 668 1301 Egregie
686 1259 841 1301 tyrannici
859 1259 914 1289 viri
930 1259 1022 1289 refers
1038 1258 1202 1299 originem.
1249 1258 1305 1289 So.
1329 1257 1445 1288 Nonne
1460 1263 1492 1288 et
1507 1258 1583 1288 olim

112 1309 194 1341 hanc
210 1311 250 1341 ob
265 1322 390 1343 causam
407 1311 505 1343 Amor
521 1318 672 1354 tyrannus
688 1317 735 1343 est
749 1312 852 1343 dictus
867 1312 877 1342 ?
924 1313 1008 1342 Am.
1033 1312 1169 1342 Videtur
1193 1311 1297 1351 plane.
1344 1311 1399 1342 So.
1424 1311 1464 1342 Et
1478 1312 1583 1344 ebrius

112 1362 168 1398 vir,
196 1374 215 1394 o
241 1365 351 1401 amice,
378 1376 485 1397 noune
513 1367 711 1408 tyrannicum
740 1366 819 1407 gerit
845 1365 1008 1397 animum?
1053 1365 1135 1396 Am.
1158 1365 1252 1396 Sane.
1296 1365 1353 1396 So.
1377 1365 1462 1402 Quin
1487 1366 1582 1396 etiam

111 1416 243 1448 furiosus
259 1423 291 1449 et
312 1426 396 1451 extra
411 1430 444 1451 se
468 1421 588 1462 positus
613 1431 676 1451 non
702 1420 801 1450 solum
820 1419 1010 1454 hominibus,
1035 1419 1088 1449 sed
1105 1424 1136 1448 et
1152 1418 1224 1449 Diis
1239 1419 1390 1459 imperare
1405 1420 1582 1454 contendit,

110 1476 274 1513 speratque
289 1484 322 1504 se
338 1473 369 1504 id
387 1481 633 1506 consecuturum.
673 1474 756 1505 Aur.
781 1474 1001 1505 Vehementer.
1035 1472 1091 1504 So.
1112 1472 1311 1514 Tyrannicus
1328 1478 1444 1509 autem,
1459 1484 1477 1503 o
1489 1473 1580 1504 beate

111 1524 165 1561 vir,
182 1535 284 1556 revera
301 1527 346 1563 fit,
363 1529 488 1568 quando
506 1529 551 1559 vel
569 1534 678 1559 natura
696 1529 741 1559 vel
767 1528 879 1559 studiis
897 1528 944 1558 vel
961 1528 1113 1557 ambobus
1129 1526 1331 1565 temulentus,
1346 1527 1441 1557 amori
1457 1527 1576 1557 obnox-

109 1577 159 1608 ius
175 1578 309 1611 furiosus
325 1582 442 1612 evadit.
489 1582 570 1613 Am.
595 1583 723 1613 Prorsus
738 1582 781 1613 ita
797 1593 830 1613 se
844 1593 891 1612 res
906 1582 1013 1613 habet.
1058 1581 1114 1611 So.
1137 1580 1187 1611 Ita
1202 1580 1295 1621 igitur
1312 1581 1380 1611 talis
1398 1580 1454 1616 vir,
1472 1586 1505 1610 ut
1520 1591 1576 1622 ap-

111 1638 209 1672 paret,
225 1634 367 1666 efficitur.
386 1635 459 1666 vivit
474 1643 576 1667 autem
594 1648 656 1678 quo
673 1637 792 1678 pacto?
838 1636 919 1667 Am.
942 1636 980 1667 Id
999 1646 1082 1670 vero,
1099 1641 1134 1665 ut
1145 1635 1244 1670 aiunt,
1259 1634 1312 1676 qui
1325 1634 1485 1675 jocantur,
1499 1635 1574 1665 mihi

109 1686 255 1718 tu-dices.
299 1689 356 1720 So.
379 1689 462 1721 Dico
477 1691 634 1732 equidem.
659 1697 729 1732 post
753 1692 831 1727 haec,
848 1696 881 1721 ut
897 1690 1037 1730 arbitror,
1053 1689 1140 1719 festis
1155 1688 1323 1730 indulgent
1340 1688 1575 1728 bachanaHbus,

107 1742 425 1780 commessationibus,
452 1745 560 1776 scortis
587 1745 762 1786 ceter-isque
786 1744 1004 1786 hujuscemodi
1029 1744 1185 1781 omnibus,
1211 1742 1241 1772 bi
1269 1752 1399 1784 quorum
1424 1747 1575 1784 tyrannus

107 1792 218 1832 Amor,
233 1795 316 1827 intus
331 1798 425 1828 animi
449 1798 588 1829 incolens
605 1799 785 1840 penetralia.
809 1799 888 1839 regit
903 1798 1018 1828 omnia.
1062 1797 1146 1827 Ant.
1170 1796 1309 1827 Necesse
1325 1802 1382 1826 est.
1428 1796 1484 1826 So.
1508 1795 1575 1826 Ita-

103 1856 165 1888 que
182 1848 287 1880 multae
305 1851 445 1892 profecto
470 1852 599 1894 diesque
619 1858 790 1894 noctesque
813 1853 1011 1883 vehementes
1034 1851 1236 1892 cupiditates,
1255 1849 1420 1880 multorum
1444 1849 1574 1890 indigae,

104 1900 270 1941 pullulant.
316 1905 398 1936 Ant.
424 1906 535 1937 Multas
561 1907 701 1948 quidem.
745 1907 800 1937 So.
824 1906 900 1938 Cito
927 1906 1030 1947 igitur,
1057 1906 1082 1936 si
1110 1904 1165 1946 qui
1194 1909 1362 1945 proventus
1387 1903 1572 1939 exstiterint,

104 1963 338 1989 consumuntur.
383 1959 464 1991 Aor.
489 1960 632 1997 Quidni?
679 1960 732 1991 So.
757 1960 917 1991 Postliaec
935 1960 1042 2000 utique
1058 1959 1175 1990 soenora
1198 1963 1230 1989 et
1248 1957 1421 2000 patrimonii
1438 1956 1571 1997 dissipa-

106 2009 162 2039 tio.
207 2010 290 2043 Ant.
314 2012 427 2044 Procul
453 2014 562 2044 dubio.
606 2014 664 2046 So.
686 2014 824 2051 Quando
849 2024 920 2045 vero
936 2013 1088 2044 deficiunt
1103 2013 1219 2051 omnia,
1243 2022 1370 2042 necesse
1385 2015 1432 2041 est
1446 2010 1573 2051 cupidi-

107 2067 186 2093 tates
203 2065 362 2097 vociferari
379 2073 475 2109 atque
491 2068 655 2110 conqueri,
672 2079 742 2109 quae
759 2067 885 2108 quidem
912 2068 1091 2108 frequentes
1107 2067 1312 2108 ardentesque
1336 2065 1368 2095 in
1383 2065 1458 2095 nido
1474 2064 1571 2095 animi

104 2116 293 2150 delitescunt
308 2132 315 2150 ε
334 2131 387 2152 eos
402 2128 505 2153 autem
523 2122 617 2153 veluti
634 2122 767 2153 stimulis
782 2122 969 2163 quibusdam
983 2121 1152 2162 perculsos,
1166 2120 1347 2151 libidinibus
1363 2119 1481 2150 scilicet
1493 2119 1572 2154 aliis,

104 2173 335 2215 praesertimque
351 2185 466 2212 amore,
483 2176 610 2207 aliarum
627 2175 765 2207 omnium
783 2182 931 2217 tanquam
949 2175 1116 2206 satellitum
1130 2176 1222 2210 duce,
1234 2173 1348 2215 jactari
1364 2173 1513 2213 efferique
1529 2173 1568 2202 ad

103 2226 340 2267 explorandum,
356 2229 381 2260 si
397 2230 467 2271 quis
484 2231 653 2272 quicquam
672 2231 843 2272 possideat,
860 2231 944 2271 quod
962 2230 1010 2260 vel
1027 2230 1134 2259 fraude
1147 2228 1258 2269 surripi
1272 2229 1320 2258 vel
1335 2228 1362 2257 vi
1375 2227 1452 2268 eripi
1471 2227 1569 2267 [5⁷4]

104 2280 209 2320 possit.
255 2281 337 2314 Am.
361 2283 512 2315 Maxime.
557 2284 613 2316 So.
642 2284 844 2325 Quapropter
870 2290 1025 2323 coguntur
1053 2283 1100 2313 vel
1128 2283 1267 2323 undique
1296 2291 1441 2322 usurpare
1458 2280 1504 2311 vel
1522 2280 1573 2309 in-

103 2333 248 2374 gentibus
263 2337 394 2368 stimulis
409 2344 441 2368 et
455 2339 616 2370 doloribus
632 2339 773 2370 cruciari.
820 2338 901 2369 Am.
926 2338 1092 2378 Coguntur
1115 2336 1220 2379 plane.
1265 2336 1321 2366 So.
1346 2335 1444 2369 Num,
1459 2345 1567 2375 quem-

103 2387 270 2419 admodum
297 2400 386 2422 novae
413 2391 602 2433 cupiditates
631 2393 731 2434 ipsius
765 2393 882 2423 adultae
912 2392 1055 2432 pristinas
1079 2396 1300 2432 exsupvrarunt
1315 2395 1347 2420 et
1361 2399 1430 2429 quae
1447 2388 1566 2418 illarum

101 2447 201 2478 erant,
217 2452 400 2484 usurpavere
416 2457 422 2474 ε
449 2446 493 2476 ita
508 2452 540 2477 et
557 2446 625 2487 ipse
637 2446 756 2488 justum
775 2457 840 2477 esse
856 2446 1007 2482 censebit,
1023 2451 1055 2476 ut
1070 2446 1134 2486 ipse
1145 2445 1252 2486 junior
1268 2444 1338 2484 plus
1351 2443 1461 2472 lrabeat
1473 2451 1565 2482 quam

103 2502 257 2535 parentes,
273 2502 303 2527 et
320 2497 345 2528 si
363 2498 536 2539 portionem
552 2510 640 2530 suam
668 2500 908 2541 consumpserit,
926 2505 1054 2541 paterna
1079 2499 1206 2538 insuper
1220 2496 1350 2537 eroget?
1396 2495 1476 2524 Aoi.
1501 2493 1567 2524 Cur

100 2549 186 2579 non?
231 2550 286 2581 So.
311 2551 404 2588 Quod
430 2552 454 2582 si
471 2558 614 2594 parentes
636 2554 682 2584 illi
706 2564 903 2594 nequaquam
930 2552 1137 2594 permiserint,
1155 2550 1308 2592 principio
1331 2549 1423 2578 furari
1448 2558 1565 2588 eosque

98 2601 242 2644 decipere
257 2605 463 2645 aggredietur.
511 2607 593 2637 Aur.
616 2606 767 2639 Omnino.
814 2607 869 2639 So.
893 2607 948 2637 Sin
966 2607 1046 2636 istud
1065 2616 1126 2635 non
1153 2604 1277 2646 poterit,
1294 2602 1470 2643 rapietjam
1488 2602 1564 2631 vim-

99 2664 160 2696 que
189 2658 366 2698 parentibus
388 2659 510 2691 inferet.
557 2660 639 2691 Am.
662 2660 712 2692 Sic
736 2662 874 2692 arbitror.
922 2660 978 2691 So.
1004 2660 1054 2690 Ac
1078 2660 1101 2689 si
1127 2664 1213 2700 pater
1236 2662 1394 2697 materque
1417 2666 1517 2690 senes,
1545 2666 1563 2685 o

99 2708 226 2742 mirifice
244 2712 301 2750 vir,
316 2713 460 2744 resistant
475 2720 725 2755 repugneutqne,
739 2715 881 2756 nunquid
906 2725 960 2744 eos
977 2713 1139 2747 verebitur,
1156 2718 1251 2752 atque
1273 2711 1315 2740 ita
1329 2721 1361 2740 se
1377 2709 1562 2743 continebit,

98 2769 132 2793 ut
147 2764 223 2794 nihil
239 2771 312 2806 agat
326 2767 547 2808 tyrannicum?
596 2767 674 2798 Ant.
698 2768 780 2798 Patri
797 2769 941 2809 equidem
960 2777 995 2798 ac
1013 2767 1100 2796 matri
1117 2766 1159 2796 sic
1177 2765 1279 2795 affecti
1297 2763 1429 2794 hominis
1454 2763 1560 2792 timeo.

99 2816 155 2847 So.
180 2817 239 2849 Per
252 2821 379 2860 Jovem,
393 2831 412 2851 o
428 2821 609 2857 Mimante,
626 2822 768 2863 nunquid
782 2823 877 2863 gratia
891 2832 991 2862 nuper
1002 2826 1112 2850 amata·
1125 2819 1287 2860 cujusdam
1300 2817 1484 2848 concubinae
1498 2825 1560 2844 non

100 2872 279 2902 necessariae
307 2879 440 2904 veterem
467 2875 596 2905 amicam
624 2877 889 2916 necessariamque
918 2881 1054 2909 matrem,
1073 2879 1125 2903 aul.
1148 2874 1245 2913 gratia
1269 2870 1404 2911 speciosi
1428 2869 1561 2908 alicujus

101 2932 200 2964 nuper
215 2925 307 2956 amati
323 2928 529 2959 adolescentis
544 2939 606 2959 non
624 2929 787 2959 necessarii
802 2929 971 2959 deformem
989 2933 1020 2958 et
1038 2926 1243 2957 necessarium
1260 2933 1364 2954 senem
1382 2927 1511 2962 patrem,
1528 2926 1561 2950 et
