<?xml version="1.0" encoding="UTF-8"?>
<!DOCTYPE html PUBLIC "-//W3C//DTD XHTML 1.0 Transitional//EN"
    "http://www.w3.org/TR/xhtml1/DTD/xhtml1-transitional.dtd">
<html xmlns="http://www.w3.org/1999/xhtml" xml:lang="en" lang="en">
 <head>
  <title>
</title>
<meta http-equiv="Content-Type" content="text/html;charset=utf-8" />
  <meta name='ocr-system' content='tesseract 3.04.00' />
  <meta name='ocr-capabilities' content='ocr_page ocr_carea ocr_par ocr_line ocrx_word'/>
</head>
<body>
  <div class='ocr_page' id='page_1' title='image "./platonisetquaeve11plat_0216.png"; bbox 0 0 1840 3225; ppageno 0'>
   <div class='ocr_carea' id='block_1_1' title="bbox 206 210 1666 263">
    <p class='ocr_par' dir='ltr' id='par_1_1' title="bbox 206 210 1666 263">
     <span class='ocr_line' id='line_1_1' title="bbox 206 210 1666 263; baseline -0.005 -9"><span class='ocrx_word' id='word_1_1' title='bbox 206 218 284 254; x_wconf 85' lang='lat'><strong>200</strong></span> <span class='ocrx_word' id='word_1_2' title='bbox 794 210 1062 249; x_wconf 83' lang='lat' dir='ltr'>PLATONIS</span> <span class='ocrx_word' id='word_1_3' title='bbox 1568 212 1666 263; x_wconf 78' lang='lat'>[552</span> 
     </span>
    </p>
   </div>
   <div class='ocr_carea' id='block_1_2' title="bbox 208 311 1693 2938">
    <p class='ocr_par' dir='ltr' id='par_1_2' title="bbox 208 311 1693 2938">
     <span class='ocr_line' id='line_1_2' title="bbox 208 311 1671 355; baseline -0.005 -6"><span class='ocrx_word' id='word_1_4' title='bbox 208 317 326 349; x_wconf 85' lang='lat' dir='ltr'><strong>divitiae</strong></span> <span class='ocrx_word' id='word_1_5' title='bbox 353 327 390 348; x_wconf 91' lang='lat' dir='ltr'><strong>ac</strong></span> <span class='ocrx_word' id='word_1_6' title='bbox 414 316 527 347; x_wconf 86' lang='lat' dir='ltr'><strong>divites</strong></span> <span class='ocrx_word' id='word_1_7' title='bbox 552 316 756 354; x_wconf 88' lang='lat' dir='ltr'><strong>honorantur,</strong></span> <span class='ocrx_word' id='word_1_8' title='bbox 778 313 873 345; x_wconf 88' lang='lat' dir='ltr'><strong>virtus</strong></span> <span class='ocrx_word' id='word_1_9' title='bbox 900 313 1053 355; x_wconf 83' lang='lat' dir='ltr'>probique</span> <span class='ocrx_word' id='word_1_10' title='bbox 1079 312 1134 344; x_wconf 84' lang='lat' dir='ltr'><strong>viri</strong></span> <span class='ocrx_word' id='word_1_11' title='bbox 1151 312 1375 353; x_wconf 87' lang='lat' dir='ltr'><strong>despiciuntur.</strong></span> <span class='ocrx_word' id='word_1_12' title='bbox 1419 312 1502 344; x_wconf 77' lang='lat' dir='ltr'><strong>Am.</strong></span> <span class='ocrx_word' id='word_1_13' title='bbox 1526 311 1671 344; x_wconf 79' lang='lat' dir='ltr'><strong>Constat.</strong></span> 
     </span>
     <span class='ocr_line' id='line_1_3' title="bbox 208 367 1668 412; baseline -0.005 -9"><span class='ocrx_word' id='word_1_14' title='bbox 208 373 263 403; x_wconf 87' lang='lat' dir='ltr'><strong>So.</strong></span> <span class='ocrx_word' id='word_1_15' title='bbox 287 372 564 412; x_wconf 87' lang='lat' dir='ltr'><strong>Incendunturque</strong></span> <span class='ocrx_word' id='word_1_16' title='bbox 589 370 627 400; x_wconf 89' lang='lat' dir='ltr'><strong>ad</strong></span> <span class='ocrx_word' id='word_1_17' title='bbox 645 380 682 400; x_wconf 81' lang='lat' dir='ltr'><strong>ea</strong></span> <span class='ocrx_word' id='word_1_18' title='bbox 694 369 797 399; x_wconf 86' lang='lat' dir='ltr'><strong>studia</strong></span> <span class='ocrx_word' id='word_1_19' title='bbox 820 379 939 403; x_wconf 68' lang='lat' dir='ltr'><strong>omnm,</strong></span> <span class='ocrx_word' id='word_1_20' title='bbox 963 379 1031 408; x_wconf 74' lang='lat' dir='ltr'><strong>qute</strong></span> <span class='ocrx_word' id='word_1_21' title='bbox 1048 368 1078 397; x_wconf 85' lang='lat' dir='ltr'><strong>in</strong></span> <span class='ocrx_word' id='word_1_22' title='bbox 1103 368 1220 397; x_wconf 88' lang='lat' dir='ltr'><strong>honore</strong></span> <span class='ocrx_word' id='word_1_23' title='bbox 1235 372 1318 403; x_wconf 87' lang='lat' dir='ltr'><strong>sunt,</strong></span> <span class='ocrx_word' id='word_1_24' title='bbox 1334 377 1433 408; x_wconf 87' lang='lat' dir='ltr'><strong>eaque</strong></span> <span class='ocrx_word' id='word_1_25' title='bbox 1450 367 1668 407; x_wconf 73' lang='lat' dir='ltr'>frequentant:</span> 
     </span>
     <span class='ocr_line' id='line_1_4' title="bbox 209 419 1671 468; baseline -0.005 -12"><span class='ocrx_word' id='word_1_26' title='bbox 209 436 279 468; x_wconf 81' lang='lat' dir='ltr'><strong>quae</strong></span> <span class='ocrx_word' id='word_1_27' title='bbox 298 436 368 456; x_wconf 89' lang='lat' dir='ltr'><strong>vero</strong></span> <span class='ocrx_word' id='word_1_28' title='bbox 384 425 470 455; x_wconf 92' lang='lat' dir='ltr'><strong>nullo</strong></span> <span class='ocrx_word' id='word_1_29' title='bbox 485 425 603 454; x_wconf 84' lang='lat' dir='ltr'>honore</span> <span class='ocrx_word' id='word_1_30' title='bbox 617 427 794 459; x_wconf 80' lang='lat' dir='ltr'><strong>censentur,</strong></span> <span class='ocrx_word' id='word_1_31' title='bbox 810 423 894 463; x_wconf 85' lang='lat' dir='ltr'><strong>apud</strong></span> <span class='ocrx_word' id='word_1_32' title='bbox 909 432 1049 463; x_wconf 88' lang='lat' dir='ltr'><strong>quosque</strong></span> <span class='ocrx_word' id='word_1_33' title='bbox 1061 421 1167 462; x_wconf 87' lang='lat' dir='ltr'><strong>jacere</strong></span> <span class='ocrx_word' id='word_1_34' title='bbox 1183 421 1295 451; x_wconf 81' lang='lat' dir='ltr'><strong>solent.</strong></span> <span class='ocrx_word' id='word_1_35' title='bbox 1342 419 1446 461; x_wconf 83' lang='lat' dir='ltr'><strong>Atque</strong></span> <span class='ocrx_word' id='word_1_36' title='bbox 1463 420 1506 450; x_wconf 87' lang='lat' dir='ltr'><strong>ita</strong></span> <span class='ocrx_word' id='word_1_37' title='bbox 1520 430 1557 451; x_wconf 86' lang='lat' dir='ltr'><strong>ex</strong></span> <span class='ocrx_word' id='word_1_38' title='bbox 1573 420 1671 450; x_wconf 89' lang='lat' dir='ltr'><strong>victo-</strong></span> 
     </span>
     <span class='ocr_line' id='line_1_5' title="bbox 211 473 1674 520; baseline -0.005 -10"><span class='ocrx_word' id='word_1_39' title='bbox 211 480 263 510; x_wconf 83' lang='lat' dir='ltr'><strong>riae</strong></span> <span class='ocrx_word' id='word_1_40' title='bbox 279 479 465 520; x_wconf 79' lang='lat' dir='ltr'><strong>honorisque</strong></span> <span class='ocrx_word' id='word_1_41' title='bbox 480 478 604 519; x_wconf 89' lang='lat' dir='ltr'><strong>cupidis</strong></span> <span class='ocrx_word' id='word_1_42' title='bbox 620 482 756 519; x_wconf 86' lang='lat' dir='ltr'><strong>quaestus</strong></span> <span class='ocrx_word' id='word_1_43' title='bbox 779 482 809 507; x_wconf 83' lang='lat' dir='ltr'><strong>et</strong></span> <span class='ocrx_word' id='word_1_44' title='bbox 827 476 1028 517; x_wconf 82' lang='lat' dir='ltr'><strong>pecuniarum</strong></span> <span class='ocrx_word' id='word_1_45' title='bbox 1045 475 1129 506; x_wconf 80' lang='lat' dir='ltr'><strong>avidi</strong></span> <span class='ocrx_word' id='word_1_46' title='bbox 1146 476 1270 505; x_wconf 84' lang='lat' dir='ltr'><strong>tandem</strong></span> <span class='ocrx_word' id='word_1_47' title='bbox 1298 474 1483 505; x_wconf 87' lang='lat' dir='ltr'><strong>efficiuntur.</strong></span> <span class='ocrx_word' id='word_1_48' title='bbox 1506 478 1538 504; x_wconf 87' lang='lat' dir='ltr'><strong>et</strong></span> <span class='ocrx_word' id='word_1_49' title='bbox 1559 473 1674 504; x_wconf 86' lang='lat' dir='ltr'><strong>divites</strong></span> 
     </span>
     <span class='ocr_line' id='line_1_6' title="bbox 212 526 1673 576; baseline -0.006 -11"><span class='ocrx_word' id='word_1_50' title='bbox 212 534 338 576; x_wconf 87' lang='lat' dir='ltr'><strong>quidem</strong></span> <span class='ocrx_word' id='word_1_51' title='bbox 354 534 435 564; x_wconf 84' lang='lat' dir='ltr'><strong>viros</strong></span> <span class='ocrx_word' id='word_1_52' title='bbox 450 533 580 563; x_wconf 89' lang='lat' dir='ltr'><strong>laudant</strong></span> <span class='ocrx_word' id='word_1_53' title='bbox 593 537 625 562; x_wconf 89' lang='lat' dir='ltr'><strong>et</strong></span> <span class='ocrx_word' id='word_1_54' title='bbox 637 531 827 562; x_wconf 88' lang='lat' dir='ltr'><strong>admirantur</strong></span> <span class='ocrx_word' id='word_1_55' title='bbox 842 536 874 560; x_wconf 89' lang='lat' dir='ltr'><strong>et</strong></span> <span class='ocrx_word' id='word_1_56' title='bbox 889 530 928 560; x_wconf 85' lang='lat' dir='ltr'><strong>ad</strong></span> <span class='ocrx_word' id='word_1_57' title='bbox 947 530 1142 569; x_wconf 80' lang='lat' dir='ltr'><strong>magistratus</strong></span> <span class='ocrx_word' id='word_1_58' title='bbox 1157 529 1306 564; x_wconf 84' lang='lat' dir='ltr'><strong>evehunt,</strong></span> <span class='ocrx_word' id='word_1_59' title='bbox 1319 538 1473 569; x_wconf 83' lang='lat' dir='ltr'><strong>pauperes</strong></span> <span class='ocrx_word' id='word_1_60' title='bbox 1483 537 1554 558; x_wconf 86' lang='lat' dir='ltr'><strong>vero</strong></span> <span class='ocrx_word' id='word_1_61' title='bbox 1567 526 1673 567; x_wconf 85' lang='lat' dir='ltr'><strong>despi-</strong></span> 
     </span>
     <span class='ocr_line' id='line_1_7' title="bbox 211 579 1674 624; baseline -0.006 -5"><span class='ocrx_word' id='word_1_62' title='bbox 211 588 312 620; x_wconf 85' lang='lat' dir='ltr'><strong>ciunt.</strong></span> <span class='ocrx_word' id='word_1_63' title='bbox 358 587 440 618; x_wconf 81' lang='lat' dir='ltr'><strong>Am.</strong></span> <span class='ocrx_word' id='word_1_64' title='bbox 464 587 601 618; x_wconf 83' lang='lat' dir='ltr'><strong>Omnino</strong></span> <span class='ocrx_word' id='word_1_65' title='bbox 625 586 668 616; x_wconf 88' lang='lat' dir='ltr'><strong>sic</strong></span> <span class='ocrx_word' id='word_1_66' title='bbox 685 584 811 615; x_wconf 89' lang='lat' dir='ltr'><strong>accidit.</strong></span> <span class='ocrx_word' id='word_1_67' title='bbox 856 584 912 615; x_wconf 85' lang='lat' dir='ltr'><strong>So.</strong></span> <span class='ocrx_word' id='word_1_68' title='bbox 934 583 984 614; x_wconf 87' lang='lat' dir='ltr'><strong>An</strong></span> <span class='ocrx_word' id='word_1_69' title='bbox 1001 594 1063 613; x_wconf 91' lang='lat' dir='ltr'><strong>non</strong></span> <span class='ocrx_word' id='word_1_70' title='bbox 1088 589 1120 614; x_wconf 89' lang='lat' dir='ltr'><strong>et</strong></span> <span class='ocrx_word' id='word_1_71' title='bbox 1135 583 1204 624; x_wconf 84' lang='lat' dir='ltr'><strong>lege</strong></span> <span class='ocrx_word' id='word_1_72' title='bbox 1218 588 1360 613; x_wconf 88' lang='lat' dir='ltr'><strong>statuunt</strong></span> <span class='ocrx_word' id='word_1_73' title='bbox 1376 581 1568 624; x_wconf 81' lang='lat' dir='ltr'><strong>principatus</strong></span> <span class='ocrx_word' id='word_1_74' title='bbox 1583 579 1674 616; x_wconf 86' lang='lat' dir='ltr'><strong>fines,</strong></span> 
     </span>
     <span class='ocr_line' id='line_1_8' title="bbox 213 633 1673 680; baseline -0.005 -8"><span class='ocrx_word' id='word_1_75' title='bbox 213 642 288 672; x_wconf 84' lang='lat' dir='ltr'><strong>dum</strong></span> <span class='ocrx_word' id='word_1_76' title='bbox 304 646 456 677; x_wconf 88' lang='lat' dir='ltr'><strong>statuunt,</strong></span> <span class='ocrx_word' id='word_1_77' title='bbox 469 640 522 671; x_wconf 88' lang='lat' dir='ltr'><strong>ubi</strong></span> <span class='ocrx_word' id='word_1_78' title='bbox 539 638 637 680; x_wconf 88' lang='lat' dir='ltr'><strong>major</strong></span> <span class='ocrx_word' id='word_1_79' title='bbox 651 644 698 670; x_wconf 86' lang='lat' dir='ltr'><strong>est</strong></span> <span class='ocrx_word' id='word_1_80' title='bbox 711 639 911 680; x_wconf 84' lang='lat' dir='ltr'><strong>pecuniarum</strong></span> <span class='ocrx_word' id='word_1_81' title='bbox 925 637 1028 678; x_wconf 88' lang='lat' dir='ltr'><strong>copia,</strong></span> <span class='ocrx_word' id='word_1_82' title='bbox 1040 638 1082 667; x_wconf 87' lang='lat' dir='ltr'><strong>ibi</strong></span> <span class='ocrx_word' id='word_1_83' title='bbox 1099 637 1191 667; x_wconf 89' lang='lat' dir='ltr'><strong>talem</strong></span> <span class='ocrx_word' id='word_1_84' title='bbox 1204 637 1414 678; x_wconf 86' lang='lat' dir='ltr'><strong>principatum</strong></span> <span class='ocrx_word' id='word_1_85' title='bbox 1424 646 1491 666; x_wconf 82' lang='lat' dir='ltr'><strong>esse</strong></span> <span class='ocrx_word' id='word_1_86' title='bbox 1504 633 1650 675; x_wconf 88' lang='lat' dir='ltr'><strong>majorem</strong></span> <span class='ocrx_word' id='word_1_87' title='bbox 1664 644 1673 665; x_wconf 72' lang='lat' dir='ltr'>z</span> 
     </span>
     <span class='ocr_line' id='line_1_9' title="bbox 212 689 1674 734; baseline -0.006 -8"><span class='ocrx_word' id='word_1_88' title='bbox 212 696 268 726; x_wconf 91' lang='lat' dir='ltr'><strong>ubi</strong></span> <span class='ocrx_word' id='word_1_89' title='bbox 285 695 395 731; x_wconf 88' lang='lat' dir='ltr'><strong>minor,</strong></span> <span class='ocrx_word' id='word_1_90' title='bbox 411 701 520 726; x_wconf 89' lang='lat' dir='ltr'><strong>contra</strong></span> <span class='ocrx_word' id='word_1_91' title='bbox 545 694 713 724; x_wconf 83' lang='lat' dir='ltr'><strong>minorem:</strong></span> <span class='ocrx_word' id='word_1_92' title='bbox 738 693 964 734; x_wconf 76' lang='lat' dir='ltr'><strong>prohibentque</strong></span> <span class='ocrx_word' id='word_1_93' title='bbox 992 692 1128 733; x_wconf 86' lang='lat' dir='ltr'><strong>aliquem</strong></span> <span class='ocrx_word' id='word_1_94' title='bbox 1154 692 1314 733; x_wconf 88' lang='lat' dir='ltr'><strong>imperare,</strong></span> <span class='ocrx_word' id='word_1_95' title='bbox 1338 689 1471 732; x_wconf 91' lang='lat' dir='ltr'><strong>quinon</strong></span> <span class='ocrx_word' id='word_1_96' title='bbox 1493 689 1532 719; x_wconf 92' lang='lat' dir='ltr'><strong>ad</strong></span> <span class='ocrx_word' id='word_1_97' title='bbox 1556 693 1674 720; x_wconf 88' lang='lat' dir='ltr'><strong>certum</strong></span> 
     </span>
     <span class='ocr_line' id='line_1_10' title="bbox 213 744 1674 791; baseline -0.005 -11"><span class='ocrx_word' id='word_1_98' title='bbox 213 748 347 791; x_wconf 86' lang='lat' dir='ltr'><strong>aliquem</strong></span> <span class='ocrx_word' id='word_1_99' title='bbox 364 759 489 780; x_wconf 84' lang='lat' dir='ltr'><strong>censum</strong></span> <span class='ocrx_word' id='word_1_100' title='bbox 506 747 704 789; x_wconf 88' lang='lat' dir='ltr'><strong>pervenerit?</strong></span> <span class='ocrx_word' id='word_1_101' title='bbox 727 747 795 778; x_wconf 87' lang='lat' dir='ltr'><strong>haec</strong></span> <span class='ocrx_word' id='word_1_102' title='bbox 819 752 921 777; x_wconf 87' lang='lat' dir='ltr'><strong>autem</strong></span> <span class='ocrx_word' id='word_1_103' title='bbox 938 751 992 776; x_wconf 88' lang='lat' dir='ltr'><strong>aut</strong></span> <span class='ocrx_word' id='word_1_104' title='bbox 1007 746 1037 776; x_wconf 89' lang='lat' dir='ltr'><strong>vi</strong></span> <span class='ocrx_word' id='word_1_105' title='bbox 1062 756 1131 777; x_wconf 89' lang='lat' dir='ltr'><strong>cum</strong></span> <span class='ocrx_word' id='word_1_106' title='bbox 1149 746 1240 775; x_wconf 89' lang='lat' dir='ltr'><strong>armis</strong></span> <span class='ocrx_word' id='word_1_107' title='bbox 1255 744 1413 774; x_wconf 81' lang='lat' dir='ltr'><strong>efficiunt:</strong></span> <span class='ocrx_word' id='word_1_108' title='bbox 1438 748 1493 774; x_wconf 91' lang='lat' dir='ltr'><strong>aut</strong></span> <span class='ocrx_word' id='word_1_109' title='bbox 1509 747 1674 784; x_wconf 82' lang='lat' dir='ltr'><strong>postquam</strong></span> 
     </span>
     <span class='ocr_line' id='line_1_11' title="bbox 211 795 1676 841; baseline -0.006 -7"><span class='ocrx_word' id='word_1_110' title='bbox 211 808 328 834; x_wconf 88' lang='lat' dir='ltr'><strong>metum</strong></span> <span class='ocrx_word' id='word_1_111' title='bbox 357 802 552 837; x_wconf 86' lang='lat' dir='ltr'><strong>incusserint,</strong></span> <span class='ocrx_word' id='word_1_112' title='bbox 583 801 676 832; x_wconf 85' lang='lat' dir='ltr'><strong>talem</strong></span> <span class='ocrx_word' id='word_1_113' title='bbox 710 800 938 831; x_wconf 87' lang='lat' dir='ltr'><strong>constituerunt</strong></span> <span class='ocrx_word' id='word_1_114' title='bbox 976 811 1036 830; x_wconf 87' lang='lat' dir='ltr'><strong>rem</strong></span> <span class='ocrx_word' id='word_1_115' title='bbox 1076 800 1243 841; x_wconf 89' lang='lat' dir='ltr'><strong>publicam.</strong></span> <span class='ocrx_word' id='word_1_116' title='bbox 1268 809 1373 829; x_wconf 85' lang='lat' dir='ltr'><strong>nonne</strong></span> <span class='ocrx_word' id='word_1_117' title='bbox 1402 798 1469 829; x_wconf 86' lang='lat' dir='ltr'><strong>ita?</strong></span> <span class='ocrx_word' id='word_1_118' title='bbox 1515 796 1600 828; x_wconf 84' lang='lat' dir='ltr'><strong>Am.</strong></span> <span class='ocrx_word' id='word_1_119' title='bbox 1624 795 1676 826; x_wconf 81' lang='lat' dir='ltr'><strong>Ita</strong></span> 
     </span>
     <span class='ocr_line' id='line_1_12' title="bbox 214 849 1674 898; baseline -0.005 -11"><span class='ocrx_word' id='word_1_120' title='bbox 214 867 347 898; x_wconf 88' lang='lat' dir='ltr'><strong>prorsus.</strong></span> <span class='ocrx_word' id='word_1_121' title='bbox 393 856 449 896; x_wconf 79' lang='lat' dir='ltr'><strong>SO.</strong></span> <span class='ocrx_word' id='word_1_122' title='bbox 474 854 667 886; x_wconf 83' lang='lat' dir='ltr'><strong>Constitutio</strong></span> <span class='ocrx_word' id='word_1_123' title='bbox 693 855 833 896; x_wconf 87' lang='lat' dir='ltr'><strong>quidem,</strong></span> <span class='ocrx_word' id='word_1_124' title='bbox 862 859 894 884; x_wconf 89' lang='lat' dir='ltr'><strong>ut</strong></span> <span class='ocrx_word' id='word_1_125' title='bbox 919 854 961 885; x_wconf 88' lang='lat' dir='ltr'><strong>ita</strong></span> <span class='ocrx_word' id='word_1_126' title='bbox 984 855 1099 890; x_wconf 89' lang='lat' dir='ltr'><strong>dicam,</strong></span> <span class='ocrx_word' id='word_1_127' title='bbox 1126 854 1192 884; x_wconf 79' lang='lat' dir='ltr'><strong>haec</strong></span> <span class='ocrx_word' id='word_1_128' title='bbox 1216 858 1274 883; x_wconf 86' lang='lat' dir='ltr'><strong>est.</strong></span> <span class='ocrx_word' id='word_1_129' title='bbox 1318 852 1401 884; x_wconf 77' lang='lat' dir='ltr'><strong>Aur.</strong></span> <span class='ocrx_word' id='word_1_130' title='bbox 1426 851 1483 882; x_wconf 86' lang='lat' dir='ltr'><strong>Est</strong></span> <span class='ocrx_word' id='word_1_131' title='bbox 1499 856 1593 882; x_wconf 87' lang='lat' dir='ltr'><strong>certe.</strong></span> <span class='ocrx_word' id='word_1_132' title='bbox 1618 849 1674 880; x_wconf 87' lang='lat' dir='ltr'><strong>sed</strong></span> 
     </span>
     <span class='ocr_line' id='line_1_13' title="bbox 212 905 1675 952; baseline -0.005 -11"><span class='ocrx_word' id='word_1_133' title='bbox 212 910 352 952; x_wconf 87' lang='lat' dir='ltr'><strong>quisnam</strong></span> <span class='ocrx_word' id='word_1_134' title='bbox 369 910 411 940; x_wconf 87' lang='lat' dir='ltr'><strong>rei</strong></span> <span class='ocrx_word' id='word_1_135' title='bbox 436 909 569 950; x_wconf 88' lang='lat' dir='ltr'><strong>publicae</strong></span> <span class='ocrx_word' id='word_1_136' title='bbox 592 909 715 944; x_wconf 87' lang='lat' dir='ltr'><strong>modus,</strong></span> <span class='ocrx_word' id='word_1_137' title='bbox 739 908 832 949; x_wconf 85' lang='lat' dir='ltr'><strong>quive</strong></span> <span class='ocrx_word' id='word_1_138' title='bbox 858 908 999 939; x_wconf 84' lang='lat' dir='ltr'><strong>defectus</strong></span> <span class='ocrx_word' id='word_1_139' title='bbox 1023 913 1200 948; x_wconf 88' lang='lat' dir='ltr'><strong>sunt,quos</strong></span> <span class='ocrx_word' id='word_1_140' title='bbox 1223 907 1336 937; x_wconf 87' lang='lat' dir='ltr'><strong>habere</strong></span> <span class='ocrx_word' id='word_1_141' title='bbox 1359 916 1426 936; x_wconf 87' lang='lat' dir='ltr'><strong>eam</strong></span> <span class='ocrx_word' id='word_1_142' title='bbox 1439 916 1500 936; x_wconf 88' lang='lat' dir='ltr'><strong>rem</strong></span> <span class='ocrx_word' id='word_1_143' title='bbox 1517 905 1675 946; x_wconf 88' lang='lat' dir='ltr'><strong>publicam</strong></span> 
     </span>
     <span class='ocr_line' id='line_1_14' title="bbox 213 958 1676 1003; baseline -0.003 -9"><span class='ocrx_word' id='word_1_144' title='bbox 213 964 415 995; x_wconf 85' lang='lat' dir='ltr'><strong>dicebamus?</strong></span> <span class='ocrx_word' id='word_1_145' title='bbox 462 963 517 995; x_wconf 86' lang='lat' dir='ltr'><strong>So.</strong></span> <span class='ocrx_word' id='word_1_146' title='bbox 543 962 715 1003; x_wconf 86' lang='lat' dir='ltr'><strong>Principio,</strong></span> <span class='ocrx_word' id='word_1_147' title='bbox 732 962 832 1003; x_wconf 83' lang='lat' dir='ltr'><strong>qualis</strong></span> <span class='ocrx_word' id='word_1_148' title='bbox 846 962 886 992; x_wconf 87' lang='lat' dir='ltr'><strong>sit</strong></span> <span class='ocrx_word' id='word_1_149' title='bbox 913 962 1109 1002; x_wconf 68' lang='lat' dir='ltr'><strong>praescriptus</strong></span> <span class='ocrx_word' id='word_1_150' title='bbox 1131 961 1182 991; x_wconf 91' lang='lat' dir='ltr'><strong>hic</strong></span> <span class='ocrx_word' id='word_1_151' title='bbox 1199 961 1229 991; x_wconf 90' lang='lat' dir='ltr'><strong>in</strong></span> <span class='ocrx_word' id='word_1_152' title='bbox 1247 971 1283 991; x_wconf 86' lang='lat' dir='ltr'><strong>ea</strong></span> <span class='ocrx_word' id='word_1_153' title='bbox 1307 960 1467 1000; x_wconf 88' lang='lat' dir='ltr'><strong>terminus,</strong></span> <span class='ocrx_word' id='word_1_154' title='bbox 1482 959 1598 1000; x_wconf 81' lang='lat' dir='ltr'><strong>aspice.</strong></span> <span class='ocrx_word' id='word_1_155' title='bbox 1643 958 1676 989; x_wconf 88' lang='lat' dir='ltr'><strong>Si</strong></span> 
     </span>
     <span class='ocr_line' id='line_1_15' title="bbox 214 1014 1678 1058; baseline -0.003 -10"><span class='ocrx_word' id='word_1_156' title='bbox 214 1018 284 1058; x_wconf 86' lang='lat' dir='ltr'><strong>quis</strong></span> <span class='ocrx_word' id='word_1_157' title='bbox 299 1018 332 1047; x_wconf 90' lang='lat' dir='ltr'><strong>in</strong></span> <span class='ocrx_word' id='word_1_158' title='bbox 348 1017 435 1048; x_wconf 86' lang='lat' dir='ltr'><strong>navis</strong></span> <span class='ocrx_word' id='word_1_159' title='bbox 449 1017 673 1057; x_wconf 80' lang='lat' dir='ltr'><strong>gubernatione</strong></span> <span class='ocrx_word' id='word_1_160' title='bbox 687 1027 704 1046; x_wconf 89' lang='lat' dir='ltr'><strong>a</strong></span> <span class='ocrx_word' id='word_1_161' title='bbox 715 1026 827 1046; x_wconf 87' lang='lat' dir='ltr'><strong>census</strong></span> <span class='ocrx_word' id='word_1_162' title='bbox 840 1016 1048 1046; x_wconf 85' lang='lat' dir='ltr'><strong>aestimatione</strong></span> <span class='ocrx_word' id='word_1_163' title='bbox 1061 1016 1281 1056; x_wconf 79' lang='lat' dir='ltr'><strong>gubernatores</strong></span> <span class='ocrx_word' id='word_1_164' title='bbox 1293 1014 1400 1054; x_wconf 77' lang='lat' dir='ltr'><strong>eligat,</strong></span> <span class='ocrx_word' id='word_1_165' title='bbox 1412 1023 1578 1054; x_wconf 86' lang='lat' dir='ltr'><strong>pauperem</strong></span> <span class='ocrx_word' id='word_1_166' title='bbox 1592 1023 1678 1052; x_wconf 84' lang='lat' dir='ltr'><strong>vero,</strong></span> 
     </span>
     <span class='ocr_line' id='line_1_16' title="bbox 214 1068 1678 1111; baseline -0.003 -10"><span class='ocrx_word' id='word_1_167' title='bbox 214 1071 288 1102; x_wconf 76' lang='lat' dir='ltr'><strong>licet</strong></span> <span class='ocrx_word' id='word_1_168' title='bbox 314 1071 509 1111; x_wconf 84' lang='lat' dir='ltr'><strong>gubernandi</strong></span> <span class='ocrx_word' id='word_1_169' title='bbox 524 1070 713 1111; x_wconf 87' lang='lat' dir='ltr'><strong>peritiorem,</strong></span> <span class='ocrx_word' id='word_1_170' title='bbox 735 1070 977 1110; x_wconf 83' lang='lat' dir='ltr'><strong>haudquaquam</strong></span> <span class='ocrx_word' id='word_1_171' title='bbox 1003 1069 1159 1105; x_wconf 86' lang='lat' dir='ltr'><strong>admittat,</strong></span> <span class='ocrx_word' id='word_1_172' title='bbox 1182 1069 1258 1110; x_wconf 89' lang='lat' dir='ltr'><strong>quid</strong></span> <span class='ocrx_word' id='word_1_173' title='bbox 1275 1079 1310 1099; x_wconf 84' lang='lat' dir='ltr'><strong>ex</strong></span> <span class='ocrx_word' id='word_1_174' title='bbox 1329 1068 1386 1098; x_wconf 87' lang='lat' dir='ltr'><strong>hoc</strong></span> <span class='ocrx_word' id='word_1_175' title='bbox 1403 1072 1579 1098; x_wconf 84' lang='lat' dir='ltr'><strong>secuturum</strong></span> <span class='ocrx_word' id='word_1_176' title='bbox 1602 1077 1678 1097; x_wconf 90' lang='lat' dir='ltr'><strong>cen-</strong></span> 
     </span>
     <span class='ocr_line' id='line_1_17' title="bbox 213 1120 1678 1163; baseline -0.004 -7"><span class='ocrx_word' id='word_1_177' title='bbox 213 1125 285 1156; x_wconf 79' lang='lat' dir='ltr'><strong>ses?</strong></span> <span class='ocrx_word' id='word_1_178' title='bbox 331 1125 412 1155; x_wconf 81' lang='lat' dir='ltr'><strong>Am.</strong></span> <span class='ocrx_word' id='word_1_179' title='bbox 436 1124 481 1155; x_wconf 88' lang='lat' dir='ltr'><strong>Ut</strong></span> <span class='ocrx_word' id='word_1_180' title='bbox 505 1123 585 1154; x_wconf 87' lang='lat' dir='ltr'><strong>male</strong></span> <span class='ocrx_word' id='word_1_181' title='bbox 610 1134 720 1155; x_wconf 89' lang='lat' dir='ltr'><strong>navem</strong></span> <span class='ocrx_word' id='word_1_182' title='bbox 749 1124 877 1155; x_wconf 86' lang='lat' dir='ltr'><strong>ducant.</strong></span> <span class='ocrx_word' id='word_1_183' title='bbox 923 1123 979 1154; x_wconf 88' lang='lat' dir='ltr'><strong>So.</strong></span> <span class='ocrx_word' id='word_1_184' title='bbox 1003 1123 1053 1153; x_wconf 90' lang='lat' dir='ltr'><strong>An</strong></span> <span class='ocrx_word' id='word_1_185' title='bbox 1079 1133 1141 1153; x_wconf 91' lang='lat' dir='ltr'><strong>non</strong></span> <span class='ocrx_word' id='word_1_186' title='bbox 1167 1123 1278 1153; x_wconf 91' lang='lat' dir='ltr'><strong>eodem</strong></span> <span class='ocrx_word' id='word_1_187' title='bbox 1306 1128 1400 1163; x_wconf 85' lang='lat' dir='ltr'><strong>pacto</strong></span> <span class='ocrx_word' id='word_1_188' title='bbox 1428 1121 1459 1151; x_wconf 89' lang='lat' dir='ltr'><strong>in</strong></span> <span class='ocrx_word' id='word_1_189' title='bbox 1483 1121 1593 1162; x_wconf 83' lang='lat' dir='ltr'><strong>quovis</strong></span> <span class='ocrx_word' id='word_1_190' title='bbox 1615 1120 1678 1151; x_wconf 87' lang='lat' dir='ltr'><strong>alio</strong></span> 
     </span>
     <span class='ocr_line' id='line_1_18' title="bbox 213 1174 1679 1223; baseline -0.005 -12"><span class='ocrx_word' id='word_1_191' title='bbox 213 1179 412 1223; x_wconf 88' lang='lat' dir='ltr'><strong>principatu?</strong></span> <span class='ocrx_word' id='word_1_192' title='bbox 459 1178 542 1222; x_wconf 74' lang='grc' dir='ltr'><strong>ᾼοῐ.</strong></span> <span class='ocrx_word' id='word_1_193' title='bbox 566 1178 617 1209; x_wconf 90' lang='lat' dir='ltr'><strong>Sic</strong></span> <span class='ocrx_word' id='word_1_194' title='bbox 644 1179 789 1219; x_wconf 82' lang='lat' dir='ltr'><strong>equidem</strong></span> <span class='ocrx_word' id='word_1_195' title='bbox 816 1178 954 1208; x_wconf 83' lang='lat' dir='ltr'><strong>arbitror.</strong></span> <span class='ocrx_word' id='word_1_196' title='bbox 1001 1177 1058 1208; x_wconf 87' lang='lat' dir='ltr'><strong>So.</strong></span> <span class='ocrx_word' id='word_1_197' title='bbox 1081 1177 1175 1207; x_wconf 87' lang='lat' dir='ltr'><strong>Sicne</strong></span> <span class='ocrx_word' id='word_1_198' title='bbox 1199 1176 1229 1206; x_wconf 87' lang='lat' dir='ltr'><strong>in</strong></span> <span class='ocrx_word' id='word_1_199' title='bbox 1253 1176 1396 1207; x_wconf 89' lang='lat' dir='ltr'><strong>omnibus</strong></span> <span class='ocrx_word' id='word_1_200' title='bbox 1421 1180 1624 1216; x_wconf 86' lang='lat' dir='ltr'><strong>praeterquam</strong></span> <span class='ocrx_word' id='word_1_201' title='bbox 1643 1174 1679 1204; x_wconf 88' lang='lat' dir='ltr'><strong>in</strong></span> 
     </span>
     <span class='ocr_line' id='line_1_19' title="bbox 214 1227 1679 1273; baseline -0.005 -8"><span class='ocrx_word' id='word_1_202' title='bbox 214 1233 364 1265; x_wconf 87' lang='lat' dir='ltr'><strong>civitate?</strong></span> <span class='ocrx_word' id='word_1_203' title='bbox 389 1243 427 1263; x_wconf 92' lang='lat' dir='ltr'><strong>an</strong></span> <span class='ocrx_word' id='word_1_204' title='bbox 454 1237 486 1263; x_wconf 92' lang='lat' dir='ltr'><strong>et</strong></span> <span class='ocrx_word' id='word_1_205' title='bbox 510 1233 541 1262; x_wconf 90' lang='lat' dir='ltr'><strong>in</strong></span> <span class='ocrx_word' id='word_1_206' title='bbox 569 1232 695 1263; x_wconf 85' lang='lat' dir='ltr'><strong>civitate</strong></span> <span class='ocrx_word' id='word_1_207' title='bbox 723 1232 897 1273; x_wconf 73' lang='lat' dir='ltr'><strong>praeterea?</strong></span> <span class='ocrx_word' id='word_1_208' title='bbox 943 1230 1024 1261; x_wconf 79' lang='lat' dir='ltr'><strong>Ant.</strong></span> <span class='ocrx_word' id='word_1_209' title='bbox 1048 1230 1153 1260; x_wconf 86' lang='lat' dir='ltr'><strong>Multo</strong></span> <span class='ocrx_word' id='word_1_210' title='bbox 1178 1230 1271 1260; x_wconf 88' lang='lat' dir='ltr'><strong>etiam</strong></span> <span class='ocrx_word' id='word_1_211' title='bbox 1299 1229 1407 1270; x_wconf 85' lang='lat' dir='ltr'><strong>magis,</strong></span> <span class='ocrx_word' id='word_1_212' title='bbox 1432 1227 1580 1269; x_wconf 86' lang='lat' dir='ltr'><strong>quoniam</strong></span> <span class='ocrx_word' id='word_1_213' title='bbox 1610 1227 1679 1258; x_wconf 86' lang='lat' dir='ltr'><strong>haec</strong></span> 
     </span>
     <span class='ocr_line' id='line_1_20' title="bbox 214 1283 1680 1329; baseline -0.005 -11"><span class='ocrx_word' id='word_1_214' title='bbox 214 1287 394 1329; x_wconf 84' lang='lat' dir='ltr'><strong>gravissima</strong></span> <span class='ocrx_word' id='word_1_215' title='bbox 408 1291 501 1317; x_wconf 83' lang='lat' dir='ltr'><strong>estet</strong></span> <span class='ocrx_word' id='word_1_216' title='bbox 517 1286 649 1316; x_wconf 83' lang='lat' dir='ltr'><strong>maxima</strong></span> <span class='ocrx_word' id='word_1_217' title='bbox 664 1285 860 1326; x_wconf 76' lang='lat' dir='ltr'><strong>gubernatio,</strong></span> <span class='ocrx_word' id='word_1_218' title='bbox 906 1284 962 1315; x_wconf 87' lang='lat' dir='ltr'><strong>So.</strong></span> <span class='ocrx_word' id='word_1_219' title='bbox 986 1283 1092 1314; x_wconf 89' lang='lat' dir='ltr'><strong>Unum</strong></span> <span class='ocrx_word' id='word_1_220' title='bbox 1117 1283 1243 1324; x_wconf 88' lang='lat' dir='ltr'><strong>quidem</strong></span> <span class='ocrx_word' id='word_1_221' title='bbox 1271 1283 1353 1313; x_wconf 90' lang='lat' dir='ltr'><strong>huuc</strong></span> <span class='ocrx_word' id='word_1_222' title='bbox 1377 1286 1408 1312; x_wconf 85' lang='lat' dir='ltr'><strong>et</strong></span> <span class='ocrx_word' id='word_1_223' title='bbox 1426 1286 1544 1311; x_wconf 84' lang='lat' dir='ltr'><strong>tantum</strong></span> <span class='ocrx_word' id='word_1_224' title='bbox 1561 1290 1680 1322; x_wconf 88' lang='lat' dir='ltr'><strong>pauco·</strong></span> 
     </span>
     <span class='ocr_line' id='line_1_21' title="bbox 213 1332 1680 1382; baseline -0.006 -10"><span class='ocrx_word' id='word_1_225' title='bbox 213 1353 281 1372; x_wconf 89' lang='lat' dir='ltr'><strong>rum</strong></span> <span class='ocrx_word' id='word_1_226' title='bbox 299 1341 438 1382; x_wconf 88' lang='lat' dir='ltr'><strong>potentia</strong></span> <span class='ocrx_word' id='word_1_227' title='bbox 454 1340 610 1371; x_wconf 84' lang='lat' dir='ltr'><strong>defectum</strong></span> <span class='ocrx_word' id='word_1_228' title='bbox 629 1339 755 1379; x_wconf 85' lang='lat' dir='ltr'><strong>patitur.</strong></span> <span class='ocrx_word' id='word_1_229' title='bbox 798 1336 882 1368; x_wconf 81' lang='lat' dir='ltr'><strong>Aur.</strong></span> <span class='ocrx_word' id='word_1_230' title='bbox 909 1336 1064 1378; x_wconf 86' lang='lat' dir='ltr'><strong>Apparet.</strong></span> <span class='ocrx_word' id='word_1_231' title='bbox 1108 1336 1164 1366; x_wconf 86' lang='lat' dir='ltr'><strong>So.</strong></span> <span class='ocrx_word' id='word_1_232' title='bbox 1187 1335 1273 1372; x_wconf 85' lang='lat' dir='ltr'><strong>Quid</strong></span> <span class='ocrx_word' id='word_1_233' title='bbox 1302 1340 1403 1365; x_wconf 86' lang='lat' dir='ltr'><strong>autem</strong></span> <span class='ocrx_word' id='word_1_234' title='bbox 1429 1334 1513 1365; x_wconf 89' lang='lat' dir='ltr'><strong>hoc?</strong></span> <span class='ocrx_word' id='word_1_235' title='bbox 1537 1332 1680 1374; x_wconf 84' lang='lat' dir='ltr'><strong>nunquid</strong></span> 
     </span>
     <span class='ocr_line' id='line_1_22' title="bbox 215 1387 1680 1430; baseline -0.006 -4"><span class='ocrx_word' id='word_1_236' title='bbox 215 1396 336 1426; x_wconf 84' lang='lat' dir='ltr'><strong>levius?</strong></span> <span class='ocrx_word' id='word_1_237' title='bbox 382 1394 464 1425; x_wconf 83' lang='lat' dir='ltr'><strong>Am.</strong></span> <span class='ocrx_word' id='word_1_238' title='bbox 490 1393 592 1430; x_wconf 86' lang='lat' dir='ltr'><strong>Quale</strong></span> <span class='ocrx_word' id='word_1_239' title='bbox 610 1392 717 1422; x_wconf 89' lang='lat' dir='ltr'><strong>istud?</strong></span> <span class='ocrx_word' id='word_1_240' title='bbox 763 1391 818 1422; x_wconf 86' lang='lat' dir='ltr'><strong>So.</strong></span> <span class='ocrx_word' id='word_1_241' title='bbox 845 1391 940 1428; x_wconf 86' lang='lat' dir='ltr'><strong>Quod</strong></span> <span class='ocrx_word' id='word_1_242' title='bbox 957 1401 1083 1421; x_wconf 86' lang='lat' dir='ltr'><strong>necesse</strong></span> <span class='ocrx_word' id='word_1_243' title='bbox 1100 1395 1148 1420; x_wconf 88' lang='lat' dir='ltr'><strong>est</strong></span> <span class='ocrx_word' id='word_1_244' title='bbox 1163 1400 1224 1419; x_wconf 91' lang='lat' dir='ltr'><strong>non</strong></span> <span class='ocrx_word' id='word_1_245' title='bbox 1243 1399 1334 1419; x_wconf 89' lang='lat' dir='ltr'><strong>unam</strong></span> <span class='ocrx_word' id='word_1_246' title='bbox 1350 1389 1443 1424; x_wconf 86' lang='lat' dir='ltr'><strong>hanc,</strong></span> <span class='ocrx_word' id='word_1_247' title='bbox 1457 1388 1509 1418; x_wconf 86' lang='lat' dir='ltr'><strong>sed</strong></span> <span class='ocrx_word' id='word_1_248' title='bbox 1526 1387 1680 1418; x_wconf 85' lang='lat' dir='ltr'><strong>duasesse</strong></span> 
     </span>
     <span class='ocr_line' id='line_1_23' title="bbox 214 1440 1683 1491; baseline -0.007 -10"><span class='ocrx_word' id='word_1_249' title='bbox 214 1461 261 1481; x_wconf 87' lang='lat' dir='ltr'><strong>res</strong></span> <span class='ocrx_word' id='word_1_250' title='bbox 278 1449 437 1491; x_wconf 86' lang='lat' dir='ltr'><strong>publicas:</strong></span> <span class='ocrx_word' id='word_1_251' title='bbox 464 1458 555 1478; x_wconf 88' lang='lat' dir='ltr'><strong>unam</strong></span> <span class='ocrx_word' id='word_1_252' title='bbox 572 1447 699 1487; x_wconf 86' lang='lat' dir='ltr'><strong>quidem</strong></span> <span class='ocrx_word' id='word_1_253' title='bbox 725 1455 910 1486; x_wconf 89' lang='lat' dir='ltr'><strong>pauperum,</strong></span> <span class='ocrx_word' id='word_1_254' title='bbox 928 1443 1058 1474; x_wconf 77' lang='lat' dir='ltr'><strong>divitum</strong></span> <span class='ocrx_word' id='word_1_255' title='bbox 1083 1443 1209 1473; x_wconf 89' lang='lat' dir='ltr'><strong>alteram</strong></span> <span class='ocrx_word' id='word_1_256' title='bbox 1228 1455 1235 1473; x_wconf 87' lang='lat'><strong>:</strong></span> <span class='ocrx_word' id='word_1_257' title='bbox 1260 1447 1292 1474; x_wconf 90' lang='lat' dir='ltr'><strong>et</strong></span> <span class='ocrx_word' id='word_1_258' title='bbox 1315 1442 1456 1472; x_wconf 87' lang='lat' dir='ltr'><strong>homines</strong></span> <span class='ocrx_word' id='word_1_259' title='bbox 1471 1442 1553 1472; x_wconf 85' lang='lat' dir='ltr'><strong>intra</strong></span> <span class='ocrx_word' id='word_1_260' title='bbox 1569 1440 1683 1471; x_wconf 81' lang='lat' dir='ltr'><strong>moenia</strong></span> 
     </span>
     <span class='ocr_line' id='line_1_24' title="bbox 214 1494 1682 1539; baseline -0.006 -5"><span class='ocrx_word' id='word_1_261' title='bbox 214 1504 324 1535; x_wconf 85' lang='lat' dir='ltr'><strong>eadem</strong></span> <span class='ocrx_word' id='word_1_262' title='bbox 351 1503 526 1533; x_wconf 85' lang='lat' dir='ltr'><strong>habitantes</strong></span> <span class='ocrx_word' id='word_1_263' title='bbox 553 1501 609 1531; x_wconf 86' lang='lat' dir='ltr'><strong>sibi</strong></span> <span class='ocrx_word' id='word_1_264' title='bbox 635 1500 767 1530; x_wconf 88' lang='lat' dir='ltr'><strong>invicem</strong></span> <span class='ocrx_word' id='word_1_265' title='bbox 800 1509 920 1539; x_wconf 86' lang='lat' dir='ltr'><strong>semper</strong></span> <span class='ocrx_word' id='word_1_266' title='bbox 952 1497 1099 1528; x_wconf 86' lang='lat' dir='ltr'><strong>insidiari.</strong></span> <span class='ocrx_word' id='word_1_267' title='bbox 1145 1497 1229 1528; x_wconf 79' lang='lat' dir='ltr'><strong>Aur.</strong></span> <span class='ocrx_word' id='word_1_268' title='bbox 1255 1496 1347 1528; x_wconf 84' lang='lat' dir='ltr'><strong>Certe</strong></span> <span class='ocrx_word' id='word_1_269' title='bbox 1374 1506 1437 1526; x_wconf 90' lang='lat' dir='ltr'><strong>non</strong></span> <span class='ocrx_word' id='word_1_270' title='bbox 1463 1494 1682 1526; x_wconf 52' lang='lat' dir='ltr'><strong>levius‘istud.</strong></span> 
     </span>
     <span class='ocr_line' id='line_1_25' title="bbox 215 1547 1680 1596; baseline -0.007 -8"><span class='ocrx_word' id='word_1_271' title='bbox 215 1557 268 1589; x_wconf 84' lang='lat' dir='ltr'><strong>So.</strong></span> <span class='ocrx_word' id='word_1_272' title='bbox 293 1557 355 1587; x_wconf 85' lang='lat' dir='ltr'><strong>Sed</strong></span> <span class='ocrx_word' id='word_1_273' title='bbox 372 1566 473 1596; x_wconf 90' lang='lat' dir='ltr'><strong>neque</strong></span> <span class='ocrx_word' id='word_1_274' title='bbox 489 1556 548 1586; x_wconf 87' lang='lat' dir='ltr'><strong>hoc</strong></span> <span class='ocrx_word' id='word_1_275' title='bbox 565 1555 728 1584; x_wconf 79' lang='lat' dir='ltr'><strong>honestum</strong></span> <span class='ocrx_word' id='word_1_276' title='bbox 746 1558 806 1588; x_wconf 89' lang='lat' dir='ltr'><strong>est,</strong></span> <span class='ocrx_word' id='word_1_277' title='bbox 824 1557 858 1582; x_wconf 90' lang='lat' dir='ltr'><strong>ut</strong></span> <span class='ocrx_word' id='word_1_278' title='bbox 874 1551 989 1582; x_wconf 86' lang='lat' dir='ltr'><strong>bellurn</strong></span> <span class='ocrx_word' id='word_1_279' title='bbox 1008 1561 1111 1592; x_wconf 84' lang='lat' dir='ltr'><strong>gerere</strong></span> <span class='ocrx_word' id='word_1_280' title='bbox 1128 1556 1284 1591; x_wconf 78' lang='lat' dir='ltr'><strong>nequeant</strong></span> <span class='ocrx_word' id='word_1_281' title='bbox 1300 1562 1307 1580; x_wconf 72' lang='grc' dir='ltr'><em>ι</em></span> <span class='ocrx_word' id='word_1_282' title='bbox 1333 1550 1407 1591; x_wconf 88' lang='lat' dir='ltr'><strong>quia</strong></span> <span class='ocrx_word' id='word_1_283' title='bbox 1432 1553 1598 1590; x_wconf 83' lang='lat' dir='ltr'><strong>coguntur,</strong></span> <span class='ocrx_word' id='word_1_284' title='bbox 1616 1547 1680 1578; x_wconf 85' lang='lat' dir='ltr'><strong>sive</strong></span> 
     </span>
     <span class='ocr_line' id='line_1_26' title="bbox 215 1603 1684 1652; baseline -0.006 -11"><span class='ocrx_word' id='word_1_285' title='bbox 215 1610 335 1652; x_wconf 88' lang='lat' dir='ltr'><strong>populo</strong></span> <span class='ocrx_word' id='word_1_286' title='bbox 352 1614 477 1640; x_wconf 85' lang='lat' dir='ltr'><strong>utantur</strong></span> <span class='ocrx_word' id='word_1_287' title='bbox 493 1613 623 1644; x_wconf 86' lang='lat' dir='ltr'><strong>armato,</strong></span> <span class='ocrx_word' id='word_1_288' title='bbox 638 1618 709 1638; x_wconf 91' lang='lat' dir='ltr'><strong>eum</strong></span> <span class='ocrx_word' id='word_1_289' title='bbox 739 1606 902 1636; x_wconf 84' lang='lat' dir='ltr'><strong>formidare</strong></span> <span class='ocrx_word' id='word_1_290' title='bbox 928 1604 1023 1645; x_wconf 77' lang='lat' dir='ltr'><strong>inagis</strong></span> <span class='ocrx_word' id='word_1_291' title='bbox 1047 1615 1140 1645; x_wconf 87' lang='lat' dir='ltr'><strong>quam</strong></span> <span class='ocrx_word' id='word_1_292' title='bbox 1166 1605 1285 1639; x_wconf 85' lang='lat' dir='ltr'><strong>hostes,</strong></span> <span class='ocrx_word' id='word_1_293' title='bbox 1311 1603 1375 1634; x_wconf 84' lang='lat' dir='ltr'><strong>sive</strong></span> <span class='ocrx_word' id='word_1_294' title='bbox 1402 1613 1465 1633; x_wconf 90' lang='lat' dir='ltr'><strong>non</strong></span> <span class='ocrx_word' id='word_1_295' title='bbox 1493 1607 1629 1638; x_wconf 88' lang='lat' dir='ltr'><strong>utantur,</strong></span> <span class='ocrx_word' id='word_1_296' title='bbox 1651 1612 1684 1632; x_wconf 86' lang='lat' dir='ltr'><strong>re</strong></span> 
     </span>
     <span class='ocr_line' id='line_1_27' title="bbox 214 1656 1679 1704; baseline -0.007 -9"><span class='ocrx_word' id='word_1_297' title='bbox 214 1675 286 1695; x_wconf 86' lang='lat' dir='ltr'><strong>vera</strong></span> <span class='ocrx_word' id='word_1_298' title='bbox 300 1665 332 1695; x_wconf 92' lang='lat' dir='ltr'><strong>in</strong></span> <span class='ocrx_word' id='word_1_299' title='bbox 350 1664 418 1704; x_wconf 86' lang='lat' dir='ltr'><strong>ipso</strong></span> <span class='ocrx_word' id='word_1_300' title='bbox 443 1663 549 1704; x_wconf 81' lang='lat' dir='ltr'><strong>proelio</strong></span> <span class='ocrx_word' id='word_1_301' title='bbox 569 1671 736 1702; x_wconf 86' lang='lat' dir='ltr'><strong>paucorum</strong></span> <span class='ocrx_word' id='word_1_302' title='bbox 763 1659 913 1700; x_wconf 65' lang='lat' dir='ltr'><strong>potentia}</strong></span> <span class='ocrx_word' id='word_1_303' title='bbox 930 1659 1059 1689; x_wconf 85' lang='lat' dir='ltr'><strong>studiosi</strong></span> <span class='ocrx_word' id='word_1_304' title='bbox 1084 1658 1181 1688; x_wconf 80' lang='lat' dir='ltr'><strong>videri</strong></span> <span class='ocrx_word' id='word_1_305' title='bbox 1198 1670 1204 1688; x_wconf 89' lang='lat'>:</span> <span class='ocrx_word' id='word_1_306' title='bbox 1231 1668 1267 1688; x_wconf 89' lang='lat' dir='ltr'><strong>ac</strong></span> <span class='ocrx_word' id='word_1_307' title='bbox 1284 1658 1377 1687; x_wconf 89' lang='lat' dir='ltr'><strong>etiam</strong></span> <span class='ocrx_word' id='word_1_308' title='bbox 1397 1656 1545 1698; x_wconf 79' lang='lat' dir='ltr'><strong>pecunias</strong></span> <span class='ocrx_word' id='word_1_309' title='bbox 1560 1665 1679 1696; x_wconf 86' lang='lat' dir='ltr'><strong>expen-</strong></span> 
     </span>
     <span class='ocr_line' id='line_1_28' title="bbox 216 1705 1681 1756; baseline -0.005 -7"><span class='ocrx_word' id='word_1_310' title='bbox 216 1719 289 1749; x_wconf 85' lang='lat' dir='ltr'><strong>dere</strong></span> <span class='ocrx_word' id='word_1_311' title='bbox 316 1718 399 1748; x_wconf 89' lang='lat' dir='ltr'><strong>nolle</strong></span> <span class='ocrx_word' id='word_1_312' title='bbox 423 1728 475 1747; x_wconf 89' lang='lat' dir='ltr'><strong>eos</strong></span> <span class='ocrx_word' id='word_1_313' title='bbox 503 1722 650 1756; x_wconf 85' lang='lat' dir='ltr'><strong>tanquam</strong></span> <span class='ocrx_word' id='word_1_314' title='bbox 679 1705 785 1744; x_wconf 76' lang='lat' dir='ltr'><strong>avaros</strong></span> <span class='ocrx_word' id='word_1_315' title='bbox 816 1713 969 1748; x_wconf 82' lang='lat' dir='ltr'><strong>homines,</strong></span> <span class='ocrx_word' id='word_1_316' title='bbox 986 1713 1067 1742; x_wconf 87' lang='lat' dir='ltr'><strong>haud</strong></span> <span class='ocrx_word' id='word_1_317' title='bbox 1093 1712 1240 1742; x_wconf 88' lang='lat' dir='ltr'><strong>decorum</strong></span> <span class='ocrx_word' id='word_1_318' title='bbox 1257 1711 1330 1741; x_wconf 89' lang='lat' dir='ltr'><strong>est?</strong></span> <span class='ocrx_word' id='word_1_319' title='bbox 1377 1710 1459 1740; x_wconf 79' lang='lat' dir='ltr'><strong>Ant.</strong></span> <span class='ocrx_word' id='word_1_320' title='bbox 1482 1709 1557 1740; x_wconf 87' lang='lat' dir='ltr'><strong>Non</strong></span> <span class='ocrx_word' id='word_1_321' title='bbox 1584 1714 1681 1741; x_wconf 89' lang='lat' dir='ltr'><strong>certe.</strong></span> 
     </span>
     <span class='ocr_line' id='line_1_29' title="bbox 217 1763 1681 1811; baseline -0.008 -8"><span class='ocrx_word' id='word_1_322' title='bbox 217 1772 274 1804; x_wconf 90' lang='lat' dir='ltr'><strong>So.</strong></span> <span class='ocrx_word' id='word_1_323' title='bbox 298 1771 450 1811; x_wconf 86' lang='lat' dir='ltr'><strong>Nunquid</strong></span> <span class='ocrx_word' id='word_1_324' title='bbox 483 1776 566 1801; x_wconf 82' lang='lat' dir='ltr'><strong>recte</strong></span> <span class='ocrx_word' id='word_1_325' title='bbox 597 1769 662 1799; x_wconf 78' lang='lat' dir='ltr'><strong>sieri</strong></span> <span class='ocrx_word' id='word_1_326' title='bbox 693 1768 770 1798; x_wconf 89' lang='lat' dir='ltr'><strong>illud</strong></span> <span class='ocrx_word' id='word_1_327' title='bbox 795 1767 965 1805; x_wconf 78' lang='lat' dir='ltr'><strong>existimas,</strong></span> <span class='ocrx_word' id='word_1_328' title='bbox 995 1767 1079 1807; x_wconf 88' lang='lat' dir='ltr'><strong>quod</strong></span> <span class='ocrx_word' id='word_1_329' title='bbox 1110 1776 1203 1807; x_wconf 90' lang='lat' dir='ltr'><strong>supra</strong></span> <span class='ocrx_word' id='word_1_330' title='bbox 1233 1764 1487 1805; x_wconf 80' lang='lat' dir='ltr'><strong>vituperavimus,</strong></span> <span class='ocrx_word' id='word_1_331' title='bbox 1519 1768 1553 1793; x_wconf 88' lang='lat' dir='ltr'><strong>ut</strong></span> <span class='ocrx_word' id='word_1_332' title='bbox 1574 1763 1681 1793; x_wconf 88' lang='lat' dir='ltr'><strong>inhu-</strong></span> 
     </span>
     <span class='ocr_line' id='line_1_30' title="bbox 213 1817 1685 1868; baseline -0.007 -12"><span class='ocrx_word' id='word_1_333' title='bbox 213 1826 352 1868; x_wconf 83' lang='lat' dir='ltr'><strong>jusmodi</strong></span> <span class='ocrx_word' id='word_1_334' title='bbox 380 1825 506 1856; x_wconf 89' lang='lat' dir='ltr'><strong>civitate</strong></span> <span class='ocrx_word' id='word_1_335' title='bbox 533 1823 627 1853; x_wconf 86' lang='lat' dir='ltr'><strong>iidem</strong></span> <span class='ocrx_word' id='word_1_336' title='bbox 656 1822 796 1852; x_wconf 88' lang='lat' dir='ltr'><strong>homiues</strong></span> <span class='ocrx_word' id='word_1_337' title='bbox 821 1822 852 1851; x_wconf 90' lang='lat' dir='ltr'><strong>in</strong></span> <span class='ocrx_word' id='word_1_338' title='bbox 882 1820 971 1851; x_wconf 83' lang='lat' dir='ltr'><strong>variis</strong></span> <span class='ocrx_word' id='word_1_339' title='bbox 990 1819 1086 1861; x_wconf 82' lang='lat'>[552]</span> <span class='ocrx_word' id='word_1_340' title='bbox 1108 1825 1265 1850; x_wconf 86' lang='lat' dir='ltr'><strong>versentur</strong></span> <span class='ocrx_word' id='word_1_341' title='bbox 1293 1818 1414 1857; x_wconf 79' lang='lat' dir='ltr'><strong>officiis,</strong></span> <span class='ocrx_word' id='word_1_342' title='bbox 1436 1823 1545 1848; x_wconf 87' lang='lat' dir='ltr'><strong>terram</strong></span> <span class='ocrx_word' id='word_1_343' title='bbox 1567 1817 1685 1852; x_wconf 79' lang='lat' dir='ltr'><strong>colant,</strong></span> 
     </span>
     <span class='ocr_line' id='line_1_31' title="bbox 219 1871 1686 1920; baseline -0.007 -10"><span class='ocrx_word' id='word_1_344' title='bbox 219 1879 367 1920; x_wconf 83' lang='lat' dir='ltr'><strong>pecunias</strong></span> <span class='ocrx_word' id='word_1_345' title='bbox 395 1877 568 1917; x_wconf 87' lang='lat' dir='ltr'><strong>cumulent,</strong></span> <span class='ocrx_word' id='word_1_346' title='bbox 595 1876 752 1907; x_wconf 85' lang='lat' dir='ltr'><strong>militent?</strong></span> <span class='ocrx_word' id='word_1_347' title='bbox 810 1874 890 1905; x_wconf 80' lang='lat' dir='ltr'><strong>Aur.</strong></span> <span class='ocrx_word' id='word_1_348' title='bbox 916 1874 1013 1904; x_wconf 91' lang='lat' dir='ltr'><strong>Nullo</strong></span> <span class='ocrx_word' id='word_1_349' title='bbox 1044 1875 1136 1904; x_wconf 81' lang='lat' dir='ltr'><strong>modo</strong></span> <span class='ocrx_word' id='word_1_350' title='bbox 1166 1878 1263 1904; x_wconf 83' lang='lat' dir='ltr'><strong>certe.</strong></span> <span class='ocrx_word' id='word_1_351' title='bbox 1318 1873 1372 1903; x_wconf 88' lang='lat' dir='ltr'><strong>So.</strong></span> <span class='ocrx_word' id='word_1_352' title='bbox 1397 1872 1478 1902; x_wconf 76' lang='lat' dir='ltr'><strong>Vide</strong></span> <span class='ocrx_word' id='word_1_353' title='bbox 1509 1871 1629 1912; x_wconf 84' lang='lat' dir='ltr'><strong>utique,</strong></span> <span class='ocrx_word' id='word_1_354' title='bbox 1660 1871 1686 1900; x_wconf 77' lang='lat' dir='ltr'><strong>si</strong></span> 
     </span>
     <span class='ocr_line' id='line_1_32' title="bbox 218 1924 1684 1970; baseline -0.005 -7"><span class='ocrx_word' id='word_1_355' title='bbox 218 1934 327 1963; x_wconf 89' lang='lat' dir='ltr'><strong>horum</strong></span> <span class='ocrx_word' id='word_1_356' title='bbox 343 1932 490 1962; x_wconf 87' lang='lat' dir='ltr'><strong>malorum</strong></span> <span class='ocrx_word' id='word_1_357' title='bbox 508 1931 644 1962; x_wconf 89' lang='lat' dir='ltr'><strong>omnium</strong></span> <span class='ocrx_word' id='word_1_358' title='bbox 661 1931 728 1961; x_wconf 77' lang='lat' dir='ltr'><strong>haec</strong></span> <span class='ocrx_word' id='word_1_359' title='bbox 745 1929 841 1970; x_wconf 88' lang='lat' dir='ltr'><strong>prima</strong></span> <span class='ocrx_word' id='word_1_360' title='bbox 857 1929 887 1959; x_wconf 80' lang='lat' dir='ltr'><strong>id</strong></span> <span class='ocrx_word' id='word_1_361' title='bbox 906 1928 1115 1969; x_wconf 83' lang='lat' dir='ltr'><strong>gravissimum</strong></span> <span class='ocrx_word' id='word_1_362' title='bbox 1134 1927 1260 1968; x_wconf 85' lang='lat' dir='ltr'><strong>patitur.</strong></span> <span class='ocrx_word' id='word_1_363' title='bbox 1308 1926 1388 1957; x_wconf 81' lang='lat' dir='ltr'><strong>Ant.</strong></span> <span class='ocrx_word' id='word_1_364' title='bbox 1411 1926 1514 1963; x_wconf 85' lang='lat' dir='ltr'><strong>Quale</strong></span> <span class='ocrx_word' id='word_1_365' title='bbox 1531 1925 1562 1956; x_wconf 84' lang='lat' dir='ltr'><strong>id</strong></span> <span class='ocrx_word' id='word_1_366' title='bbox 1577 1925 1587 1955; x_wconf 75' lang='grc' dir='ltr'><strong><em>ἓ</em></strong></span> <span class='ocrx_word' id='word_1_367' title='bbox 1627 1924 1684 1956; x_wconf 90' lang='lat' dir='ltr'><strong>So.</strong></span> 
     </span>
     <span class='ocr_line' id='line_1_33' title="bbox 220 1979 1686 2026; baseline -0.005 -10"><span class='ocrx_word' id='word_1_368' title='bbox 220 1985 266 2017; x_wconf 89' lang='lat' dir='ltr'><strong>Ut</strong></span> <span class='ocrx_word' id='word_1_369' title='bbox 281 1986 371 2016; x_wconf 83' lang='lat' dir='ltr'><strong>liceat</strong></span> <span class='ocrx_word' id='word_1_370' title='bbox 387 1986 532 2026; x_wconf 90' lang='lat' dir='ltr'><strong>cuiquam</strong></span> <span class='ocrx_word' id='word_1_371' title='bbox 549 1995 603 2014; x_wconf 88' lang='lat' dir='ltr'><strong>sua</strong></span> <span class='ocrx_word' id='word_1_372' title='bbox 619 1984 724 2014; x_wconf 84' lang='lat' dir='ltr'><strong>omnia</strong></span> <span class='ocrx_word' id='word_1_373' title='bbox 747 1983 893 2020; x_wconf 83' lang='lat' dir='ltr'><strong>alienare,</strong></span> <span class='ocrx_word' id='word_1_374' title='bbox 910 1983 997 2013; x_wconf 89' lang='lat' dir='ltr'><strong>alteri</strong></span> <span class='ocrx_word' id='word_1_375' title='bbox 1026 1992 1096 2012; x_wconf 80' lang='lat' dir='ltr'><strong>vero</strong></span> <span class='ocrx_word' id='word_1_376' title='bbox 1113 1981 1195 2011; x_wconf 90' lang='lat' dir='ltr'><strong>illius</strong></span> <span class='ocrx_word' id='word_1_377' title='bbox 1211 1980 1316 2011; x_wconf 88' lang='lat' dir='ltr'><strong>omnia</strong></span> <span class='ocrx_word' id='word_1_378' title='bbox 1333 1980 1489 2021; x_wconf 87' lang='lat' dir='ltr'><strong>possidere</strong></span> <span class='ocrx_word' id='word_1_379' title='bbox 1504 1991 1510 2009; x_wconf 93' lang='lat'><strong>:</strong></span> <span class='ocrx_word' id='word_1_380' title='bbox 1535 1984 1628 2021; x_wconf 88' lang='lat' dir='ltr'><strong>atque</strong></span> <span class='ocrx_word' id='word_1_381' title='bbox 1644 1979 1686 2016; x_wconf 84' lang='lat' dir='ltr'><strong>ei,</strong></span> 
     </span>
     <span class='ocr_line' id='line_1_34' title="bbox 221 2035 1687 2081; baseline -0.005 -11"><span class='ocrx_word' id='word_1_382' title='bbox 221 2040 274 2081; x_wconf 90' lang='lat' dir='ltr'><strong>qui</strong></span> <span class='ocrx_word' id='word_1_383' title='bbox 289 2039 447 2075; x_wconf 87' lang='lat' dir='ltr'><strong>alienavit,</strong></span> <span class='ocrx_word' id='word_1_384' title='bbox 463 2039 601 2068; x_wconf 88' lang='lat' dir='ltr'><strong>habitare</strong></span> <span class='ocrx_word' id='word_1_385' title='bbox 615 2038 648 2068; x_wconf 89' lang='lat' dir='ltr'><strong>in</strong></span> <span class='ocrx_word' id='word_1_386' title='bbox 664 2038 801 2072; x_wconf 88' lang='lat' dir='ltr'><strong>civitate,</strong></span> <span class='ocrx_word' id='word_1_387' title='bbox 817 2037 891 2067; x_wconf 88' lang='lat' dir='ltr'><strong>dum</strong></span> <span class='ocrx_word' id='word_1_388' title='bbox 909 2036 994 2066; x_wconf 84' lang='lat' dir='ltr'><strong>nulla</strong></span> <span class='ocrx_word' id='word_1_389' title='bbox 1011 2035 1144 2066; x_wconf 85' lang='lat' dir='ltr'><strong>civitatis</strong></span> <span class='ocrx_word' id='word_1_390' title='bbox 1170 2045 1239 2076; x_wconf 86' lang='lat' dir='ltr'><strong>pars</strong></span> <span class='ocrx_word' id='word_1_391' title='bbox 1255 2035 1400 2065; x_wconf 80' lang='lat' dir='ltr'><strong>exsistat:</strong></span> <span class='ocrx_word' id='word_1_392' title='bbox 1426 2043 1528 2075; x_wconf 90' lang='lat' dir='ltr'><strong>neque</strong></span> <span class='ocrx_word' id='word_1_393' title='bbox 1543 2043 1687 2063; x_wconf 88' lang='lat' dir='ltr'><strong>nummu-</strong></span> 
     </span>
     <span class='ocr_line' id='line_1_35' title="bbox 221 2087 1687 2133; baseline -0.005 -10"><span class='ocrx_word' id='word_1_394' title='bbox 221 2093 325 2128; x_wconf 86' lang='lat' dir='ltr'><strong>larius,</strong></span> <span class='ocrx_word' id='word_1_395' title='bbox 342 2103 444 2133; x_wconf 88' lang='lat' dir='ltr'><strong>neque</strong></span> <span class='ocrx_word' id='word_1_396' title='bbox 460 2092 576 2132; x_wconf 81' lang='lat' dir='ltr'><strong>opifex,</strong></span> <span class='ocrx_word' id='word_1_397' title='bbox 594 2101 696 2132; x_wconf 84' lang='lat' dir='ltr'><strong>neque</strong></span> <span class='ocrx_word' id='word_1_398' title='bbox 713 2101 820 2131; x_wconf 92' lang='lat' dir='ltr'><strong>eques,</strong></span> <span class='ocrx_word' id='word_1_399' title='bbox 838 2101 939 2131; x_wconf 81' lang='lat' dir='ltr'><strong>neque</strong></span> <span class='ocrx_word' id='word_1_400' title='bbox 955 2090 1097 2130; x_wconf 81' lang='lat' dir='ltr'><strong>armiger,</strong></span> <span class='ocrx_word' id='word_1_401' title='bbox 1114 2090 1165 2119; x_wconf 81' lang='lat' dir='ltr'><strong>sed</strong></span> <span class='ocrx_word' id='word_1_402' title='bbox 1182 2098 1298 2129; x_wconf 84' lang='lat' dir='ltr'><strong>pauper</strong></span> <span class='ocrx_word' id='word_1_403' title='bbox 1314 2093 1345 2118; x_wconf 88' lang='lat' dir='ltr'><strong>et</strong></span> <span class='ocrx_word' id='word_1_404' title='bbox 1355 2097 1472 2128; x_wconf 81' lang='lat' dir='ltr'><strong>egenus</strong></span> <span class='ocrx_word' id='word_1_405' title='bbox 1487 2087 1599 2128; x_wconf 89' lang='lat' dir='ltr'><strong>passim</strong></span> <span class='ocrx_word' id='word_1_406' title='bbox 1611 2095 1687 2126; x_wconf 80' lang='lat' dir='ltr'><strong>cog-</strong></span> 
     </span>
     <span class='ocr_line' id='line_1_36' title="bbox 210 2140 1686 2183; baseline -0.006 -6"><span class='ocrx_word' id='word_1_407' title='bbox 210 2147 410 2183; x_wconf 43' lang='lat' dir='ltr'><strong>,nominatum</strong></span> <span class='ocrx_word' id='word_1_408' title='bbox 455 2145 538 2176; x_wconf 80' lang='lat' dir='ltr'><strong>Aur.</strong></span> <span class='ocrx_word' id='word_1_409' title='bbox 565 2145 667 2175; x_wconf 88' lang='lat' dir='ltr'><strong>Prima</strong></span> <span class='ocrx_word' id='word_1_410' title='bbox 685 2145 751 2174; x_wconf 78' lang='lat' dir='ltr'><strong>haec</strong></span> <span class='ocrx_word' id='word_1_411' title='bbox 769 2149 863 2174; x_wconf 77' lang='lat' dir='ltr'><strong>certe.</strong></span> <span class='ocrx_word' id='word_1_412' title='bbox 908 2143 964 2173; x_wconf 80' lang='lat' dir='ltr'><strong>So.</strong></span> <span class='ocrx_word' id='word_1_413' title='bbox 988 2143 1059 2173; x_wconf 86' lang='lat' dir='ltr'><strong>Hoc</strong></span> <span class='ocrx_word' id='word_1_414' title='bbox 1077 2142 1214 2182; x_wconf 80' lang='lat' dir='ltr'><strong>profecto</strong></span> <span class='ocrx_word' id='word_1_415' title='bbox 1232 2142 1261 2171; x_wconf 86' lang='lat' dir='ltr'><strong>iu</strong></span> <span class='ocrx_word' id='word_1_416' title='bbox 1279 2140 1468 2176; x_wconf 82' lang='lat' dir='ltr'><strong>civitatibus,</strong></span> <span class='ocrx_word' id='word_1_417' title='bbox 1483 2150 1553 2180; x_wconf 78' lang='lat' dir='ltr'><strong>qua:</strong></span> <span class='ocrx_word' id='word_1_418' title='bbox 1571 2149 1686 2180; x_wconf 85' lang='lat' dir='ltr'><strong>pauco-</strong></span> 
     </span>
     <span class='ocr_line' id='line_1_37' title="bbox 223 2193 1688 2240; baseline -0.006 -9"><span class='ocrx_word' id='word_1_419' title='bbox 223 2212 289 2232; x_wconf 89' lang='lat' dir='ltr'><strong>rum</strong></span> <span class='ocrx_word' id='word_1_420' title='bbox 317 2199 525 2240; x_wconf 87' lang='lat' dir='ltr'><strong>subjiciuntur</strong></span> <span class='ocrx_word' id='word_1_421' title='bbox 548 2199 691 2239; x_wconf 89' lang='lat' dir='ltr'><strong>imperio,</strong></span> <span class='ocrx_word' id='word_1_422' title='bbox 709 2198 834 2228; x_wconf 88' lang='lat' dir='ltr'><strong>minime</strong></span> <span class='ocrx_word' id='word_1_423' title='bbox 860 2196 1049 2237; x_wconf 80' lang='lat' dir='ltr'><strong>prohibetur.</strong></span> <span class='ocrx_word' id='word_1_424' title='bbox 1073 2205 1176 2235; x_wconf 85' lang='lat' dir='ltr'><strong>neque</strong></span> <span class='ocrx_word' id='word_1_425' title='bbox 1191 2195 1272 2225; x_wconf 87' lang='lat' dir='ltr'><strong>euim</strong></span> <span class='ocrx_word' id='word_1_426' title='bbox 1289 2194 1341 2224; x_wconf 85' lang='lat' dir='ltr'><strong>alii</strong></span> <span class='ocrx_word' id='word_1_427' title='bbox 1358 2193 1569 2234; x_wconf 86' lang='lat' dir='ltr'><strong>opulentiores</strong></span> <span class='ocrx_word' id='word_1_428' title='bbox 1585 2198 1688 2223; x_wconf 89' lang='lat' dir='ltr'><strong>essent</strong></span> 
     </span>
     <span class='ocr_line' id='line_1_38' title="bbox 225 2246 1689 2296; baseline -0.006 -11"><span class='ocrx_word' id='word_1_429' title='bbox 225 2265 318 2296; x_wconf 89' lang='lat' dir='ltr'><strong>quam</strong></span> <span class='ocrx_word' id='word_1_430' title='bbox 337 2255 439 2290; x_wconf 87' lang='lat' dir='ltr'><strong>decet,</strong></span> <span class='ocrx_word' id='word_1_431' title='bbox 456 2253 508 2283; x_wconf 87' lang='lat' dir='ltr'><strong>alii</strong></span> <span class='ocrx_word' id='word_1_432' title='bbox 533 2262 654 2293; x_wconf 85' lang='lat' dir='ltr'><strong>prorsus</strong></span> <span class='ocrx_word' id='word_1_433' title='bbox 679 2251 826 2282; x_wconf 75' lang='lat' dir='ltr'><strong>mendici.</strong></span> <span class='ocrx_word' id='word_1_434' title='bbox 871 2250 952 2280; x_wconf 85' lang='lat' dir='ltr'><strong>Am.</strong></span> <span class='ocrx_word' id='word_1_435' title='bbox 977 2250 1078 2280; x_wconf 77' lang='lat' dir='ltr'><strong>Recte</strong></span> <span class='ocrx_word' id='word_1_436' title='bbox 1106 2248 1250 2290; x_wconf 78' lang='lat' dir='ltr'><strong>loqueris,</strong></span> <span class='ocrx_word' id='word_1_437' title='bbox 1295 2247 1351 2278; x_wconf 89' lang='lat' dir='ltr'><strong>So.</strong></span> <span class='ocrx_word' id='word_1_438' title='bbox 1374 2247 1446 2278; x_wconf 79' lang='lat' dir='ltr'><strong>Hoc</strong></span> <span class='ocrx_word' id='word_1_439' title='bbox 1466 2251 1570 2276; x_wconf 89' lang='lat' dir='ltr'><strong>autem</strong></span> <span class='ocrx_word' id='word_1_440' title='bbox 1586 2246 1689 2277; x_wconf 85' lang='lat' dir='ltr'><strong>consi-</strong></span> 
     </span>
     <span class='ocr_line' id='line_1_39' title="bbox 226 2300 1690 2348; baseline -0.007 -9"><span class='ocrx_word' id='word_1_441' title='bbox 226 2309 322 2339; x_wconf 86' lang='lat' dir='ltr'><strong>dera:</strong></span> <span class='ocrx_word' id='word_1_442' title='bbox 348 2307 488 2348; x_wconf 84' lang='lat' dir='ltr'><strong>nunquid</strong></span> <span class='ocrx_word' id='word_1_443' title='bbox 516 2307 642 2348; x_wconf 88' lang='lat' dir='ltr'><strong>quando</strong></span> <span class='ocrx_word' id='word_1_444' title='bbox 669 2305 756 2336; x_wconf 80' lang='lat' dir='ltr'><strong>dives</strong></span> <span class='ocrx_word' id='word_1_445' title='bbox 780 2303 960 2345; x_wconf 83' lang='lat' dir='ltr'><strong>hujusmodi</strong></span> <span class='ocrx_word' id='word_1_446' title='bbox 990 2304 1149 2344; x_wconf 84' lang='lat' dir='ltr'><strong>erogabat,</strong></span> <span class='ocrx_word' id='word_1_447' title='bbox 1178 2307 1284 2333; x_wconf 85' lang='lat' dir='ltr'><strong>eratne</strong></span> <span class='ocrx_word' id='word_1_448' title='bbox 1311 2301 1408 2342; x_wconf 81' lang='lat' dir='ltr'><strong>magis</strong></span> <span class='ocrx_word' id='word_1_449' title='bbox 1436 2301 1541 2341; x_wconf 80' lang='lat' dir='ltr'><strong>aliqua</strong></span> <span class='ocrx_word' id='word_1_450' title='bbox 1573 2300 1690 2330; x_wconf 76' lang='lat' dir='ltr'><strong>utilitas</strong></span> 
     </span>
     <span class='ocr_line' id='line_1_40' title="bbox 226 2355 1690 2402; baseline -0.005 -10"><span class='ocrx_word' id='word_1_451' title='bbox 226 2362 344 2393; x_wconf 85' lang='lat' dir='ltr'><strong>civitati</strong></span> <span class='ocrx_word' id='word_1_452' title='bbox 361 2363 400 2392; x_wconf 82' lang='lat' dir='ltr'><strong>ad</strong></span> <span class='ocrx_word' id='word_1_453' title='bbox 416 2371 485 2402; x_wconf 75' lang='lat' dir='ltr'><strong>quze</strong></span> <span class='ocrx_word' id='word_1_454' title='bbox 507 2360 599 2401; x_wconf 90' lang='lat' dir='ltr'><strong>paulo</strong></span> <span class='ocrx_word' id='word_1_455' title='bbox 615 2365 687 2390; x_wconf 87' lang='lat' dir='ltr'><strong>ante</strong></span> <span class='ocrx_word' id='word_1_456' title='bbox 705 2359 909 2390; x_wconf 83' lang='lat' dir='ltr'><strong>dicebamus?</strong></span> <span class='ocrx_word' id='word_1_457' title='bbox 945 2368 982 2387; x_wconf 88' lang='lat' dir='ltr'><strong>au</strong></span> <span class='ocrx_word' id='word_1_458' title='bbox 1001 2357 1164 2387; x_wconf 84' lang='lat' dir='ltr'><strong>videbatur</strong></span> <span class='ocrx_word' id='word_1_459' title='bbox 1179 2357 1305 2398; x_wconf 86' lang='lat' dir='ltr'><strong>quidem</strong></span> <span class='ocrx_word' id='word_1_460' title='bbox 1323 2367 1339 2386; x_wconf 91' lang='lat' dir='ltr'><strong>e</strong></span> <span class='ocrx_word' id='word_1_461' title='bbox 1359 2355 1534 2397; x_wconf 83' lang='lat' dir='ltr'><strong>principum</strong></span> <span class='ocrx_word' id='word_1_462' title='bbox 1561 2365 1690 2386; x_wconf 89' lang='lat' dir='ltr'><strong>numero</strong></span> 
     </span>
     <span class='ocr_line' id='line_1_41' title="bbox 225 2408 1690 2454; baseline -0.006 -7"><span class='ocrx_word' id='word_1_463' title='bbox 225 2426 304 2452; x_wconf 87' lang='lat' dir='ltr'><strong>esse,</strong></span> <span class='ocrx_word' id='word_1_464' title='bbox 321 2426 352 2446; x_wconf 88' lang='lat' dir='ltr'><strong>re</strong></span> <span class='ocrx_word' id='word_1_465' title='bbox 378 2425 449 2445; x_wconf 80' lang='lat' dir='ltr'><strong>vera</strong></span> <span class='ocrx_word' id='word_1_466' title='bbox 464 2419 567 2444; x_wconf 88' lang='lat' dir='ltr'><strong>autem</strong></span> <span class='ocrx_word' id='word_1_467' title='bbox 585 2424 686 2454; x_wconf 88' lang='lat' dir='ltr'><strong>neque</strong></span> <span class='ocrx_word' id='word_1_468' title='bbox 704 2413 850 2454; x_wconf 87' lang='lat' dir='ltr'><strong>princeps</strong></span> <span class='ocrx_word' id='word_1_469' title='bbox 867 2422 969 2452; x_wconf 86' lang='lat' dir='ltr'><strong>neque</strong></span> <span class='ocrx_word' id='word_1_470' title='bbox 987 2411 1124 2441; x_wconf 75' lang='lat' dir='ltr'><strong>minister</strong></span> <span class='ocrx_word' id='word_1_471' title='bbox 1140 2417 1215 2445; x_wconf 78' lang='lat' dir='ltr'><strong>erat,</strong></span> <span class='ocrx_word' id='word_1_472' title='bbox 1233 2411 1285 2440; x_wconf 89' lang='lat' dir='ltr'><strong>sed</strong></span> <span class='ocrx_word' id='word_1_473' title='bbox 1304 2408 1493 2450; x_wconf 84' lang='lat' dir='ltr'><strong>propriorum</strong></span> <span class='ocrx_word' id='word_1_474' title='bbox 1510 2409 1690 2440; x_wconf 88' lang='lat' dir='ltr'><strong>commodo-</strong></span> 
     </span>
     <span class='ocr_line' id='line_1_42' title="bbox 224 2463 1690 2509; baseline -0.005 -10"><span class='ocrx_word' id='word_1_475' title='bbox 224 2481 288 2500; x_wconf 90' lang='lat' dir='ltr'><strong>rum</strong></span> <span class='ocrx_word' id='word_1_476' title='bbox 306 2474 507 2509; x_wconf 84' lang='lat' dir='ltr'><strong>consumptor</strong></span> <span class='ocrx_word' id='word_1_477' title='bbox 525 2468 535 2498; x_wconf 89' lang='lat'>?</span> <span class='ocrx_word' id='word_1_478' title='bbox 586 2466 673 2498; x_wconf 70' lang='lat' dir='ltr'><strong>Aor-</strong></span> <span class='ocrx_word' id='word_1_479' title='bbox 696 2467 748 2498; x_wconf 84' lang='lat' dir='ltr'><strong>Sic</strong></span> <span class='ocrx_word' id='word_1_480' title='bbox 766 2467 873 2507; x_wconf 90' lang='lat' dir='ltr'><strong>utique</strong></span> <span class='ocrx_word' id='word_1_481' title='bbox 897 2466 995 2496; x_wconf 83' lang='lat' dir='ltr'><strong>visum</strong></span> <span class='ocrx_word' id='word_1_482' title='bbox 1019 2472 1077 2495; x_wconf 81' lang='lat' dir='ltr'><strong>est.</strong></span> <span class='ocrx_word' id='word_1_483' title='bbox 1101 2470 1166 2495; x_wconf 78' lang='lat' dir='ltr'><strong>erat</strong></span> <span class='ocrx_word' id='word_1_484' title='bbox 1182 2470 1285 2494; x_wconf 88' lang='lat' dir='ltr'><strong>autem</strong></span> <span class='ocrx_word' id='word_1_485' title='bbox 1302 2463 1378 2493; x_wconf 87' lang='lat' dir='ltr'><strong>nihil</strong></span> <span class='ocrx_word' id='word_1_486' title='bbox 1394 2463 1480 2494; x_wconf 80' lang='lat' dir='ltr'><strong>aliud</strong></span> <span class='ocrx_word' id='word_1_487' title='bbox 1505 2473 1597 2504; x_wconf 87' lang='lat' dir='ltr'><strong>quam</strong></span> <span class='ocrx_word' id='word_1_488' title='bbox 1614 2472 1690 2493; x_wconf 89' lang='lat' dir='ltr'><strong>con-</strong></span> 
     </span>
     <span class='ocr_line' id='line_1_43' title="bbox 227 2517 1689 2564; baseline -0.005 -11"><span class='ocrx_word' id='word_1_489' title='bbox 227 2529 377 2564; x_wconf 85' lang='lat' dir='ltr'><strong>sumptor.</strong></span> <span class='ocrx_word' id='word_1_490' title='bbox 422 2522 477 2552; x_wconf 89' lang='lat' dir='ltr'><strong>So.</strong></span> <span class='ocrx_word' id='word_1_491' title='bbox 503 2521 554 2552; x_wconf 89' lang='lat' dir='ltr'><strong>An</strong></span> <span class='ocrx_word' id='word_1_492' title='bbox 572 2521 616 2551; x_wconf 89' lang='lat' dir='ltr'><strong>vis</strong></span> <span class='ocrx_word' id='word_1_493' title='bbox 629 2521 783 2560; x_wconf 84' lang='lat' dir='ltr'><strong>dicamus,</strong></span> <span class='ocrx_word' id='word_1_494' title='bbox 799 2519 1061 2561; x_wconf 82' lang='lat' dir='ltr'><strong>quemadmodum</strong></span> <span class='ocrx_word' id='word_1_495' title='bbox 1088 2519 1119 2549; x_wconf 91' lang='lat' dir='ltr'><strong>in</strong></span> <span class='ocrx_word' id='word_1_496' title='bbox 1137 2519 1206 2549; x_wconf 81' lang='lat' dir='ltr'><strong>favo</strong></span> <span class='ocrx_word' id='word_1_497' title='bbox 1222 2518 1311 2549; x_wconf 86' lang='lat' dir='ltr'><strong>fucus</strong></span> <span class='ocrx_word' id='word_1_498' title='bbox 1326 2522 1410 2548; x_wconf 87' lang='lat' dir='ltr'><strong>ortus</strong></span> <span class='ocrx_word' id='word_1_499' title='bbox 1424 2517 1572 2548; x_wconf 79' lang='lat' dir='ltr'><strong>examinis</strong></span> <span class='ocrx_word' id='word_1_500' title='bbox 1594 2526 1689 2557; x_wconf 78' lang='lat' dir='ltr'><strong>apum</strong></span> 
     </span>
     <span class='ocr_line' id='line_1_44' title="bbox 228 2569 1691 2614; baseline -0.005 -8"><span class='ocrx_word' id='word_1_501' title='bbox 228 2577 352 2606; x_wconf 86' lang='lat' dir='ltr'><strong>morbus</strong></span> <span class='ocrx_word' id='word_1_502' title='bbox 379 2581 437 2611; x_wconf 89' lang='lat' dir='ltr'><strong>est,</strong></span> <span class='ocrx_word' id='word_1_503' title='bbox 464 2576 507 2606; x_wconf 86' lang='lat' dir='ltr'><strong>ita</strong></span> <span class='ocrx_word' id='word_1_504' title='bbox 533 2580 565 2605; x_wconf 86' lang='lat' dir='ltr'><strong>et</strong></span> <span class='ocrx_word' id='word_1_505' title='bbox 589 2576 746 2605; x_wconf 89' lang='lat' dir='ltr'><strong>homiuem</strong></span> <span class='ocrx_word' id='word_1_506' title='bbox 774 2573 990 2614; x_wconf 84' lang='lat' dir='ltr'><strong>hujuscemodi</strong></span> <span class='ocrx_word' id='word_1_507' title='bbox 1015 2573 1098 2602; x_wconf 83' lang='lat' dir='ltr'><strong>domi</strong></span> <span class='ocrx_word' id='word_1_508' title='bbox 1125 2578 1231 2603; x_wconf 82' lang='lat' dir='ltr'><strong>natum</strong></span> <span class='ocrx_word' id='word_1_509' title='bbox 1257 2576 1375 2612; x_wconf 88' lang='lat' dir='ltr'><strong>pestem</strong></span> <span class='ocrx_word' id='word_1_510' title='bbox 1397 2570 1439 2601; x_wconf 83' lang='lat' dir='ltr'><strong>rei</strong></span> <span class='ocrx_word' id='word_1_511' title='bbox 1456 2569 1587 2611; x_wconf 82' lang='lat' dir='ltr'><strong>publicoe</strong></span> <span class='ocrx_word' id='word_1_512' title='bbox 1603 2569 1691 2600; x_wconf 87' lang='lat' dir='ltr'><strong>fore?</strong></span> 
     </span>
     <span class='ocr_line' id='line_1_45' title="bbox 229 2621 1692 2664; baseline -0.005 -4"><span class='ocrx_word' id='word_1_513' title='bbox 229 2629 310 2660; x_wconf 82' lang='lat' dir='ltr'><strong>Ant.</strong></span> <span class='ocrx_word' id='word_1_514' title='bbox 337 2630 478 2664; x_wconf 86' lang='lat' dir='ltr'><strong>Prorsus,</strong></span> <span class='ocrx_word' id='word_1_515' title='bbox 494 2629 680 2660; x_wconf 82' lang='lat' dir='ltr'><strong>oSocratcs.</strong></span> <span class='ocrx_word' id='word_1_516' title='bbox 725 2628 782 2660; x_wconf 85' lang='lat' dir='ltr'><strong>So.</strong></span> <span class='ocrx_word' id='word_1_517' title='bbox 807 2627 922 2658; x_wconf 87' lang='lat' dir='ltr'><strong>Nonne</strong></span> <span class='ocrx_word' id='word_1_518' title='bbox 949 2626 1088 2656; x_wconf 83' lang='lat' dir='ltr'><strong>volatiles</strong></span> <span class='ocrx_word' id='word_1_519' title='bbox 1110 2626 1198 2657; x_wconf 76' lang='lat' dir='ltr'><strong>fucos</strong></span> <span class='ocrx_word' id='word_1_520' title='bbox 1223 2635 1330 2656; x_wconf 88' lang='lat' dir='ltr'><strong>omnes</strong></span> <span class='ocrx_word' id='word_1_521' title='bbox 1356 2624 1423 2654; x_wconf 83' lang='lat' dir='ltr'><strong>sine</strong></span> <span class='ocrx_word' id='word_1_522' title='bbox 1449 2622 1580 2653; x_wconf 88' lang='lat' dir='ltr'><strong>stimulis</strong></span> <span class='ocrx_word' id='word_1_523' title='bbox 1604 2621 1692 2653; x_wconf 86' lang='lat' dir='ltr'><strong>Deus</strong></span> 
     </span>
     <span class='ocr_line' id='line_1_46' title="bbox 227 2675 1693 2723; baseline -0.006 -9"><span class='ocrx_word' id='word_1_524' title='bbox 227 2683 302 2714; x_wconf 78' lang='lat' dir='ltr'><strong>fecit</strong></span> <span class='ocrx_word' id='word_1_525' title='bbox 317 2683 326 2712; x_wconf 87' lang='lat'>?</span> <span class='ocrx_word' id='word_1_526' title='bbox 354 2683 410 2713; x_wconf 83' lang='lat' dir='ltr'><strong>lios</strong></span> <span class='ocrx_word' id='word_1_527' title='bbox 427 2688 528 2713; x_wconf 89' lang='lat' dir='ltr'><strong>autem</strong></span> <span class='ocrx_word' id='word_1_528' title='bbox 549 2688 703 2713; x_wconf 84' lang='lat' dir='ltr'><strong>terrestres</strong></span> <span class='ocrx_word' id='word_1_529' title='bbox 730 2682 839 2723; x_wconf 83' lang='lat' dir='ltr'><strong>partim</strong></span> <span class='ocrx_word' id='word_1_530' title='bbox 856 2681 984 2722; x_wconf 77' lang='lat' dir='ltr'><strong>quidem</strong></span> <span class='ocrx_word' id='word_1_531' title='bbox 1012 2681 1077 2710; x_wconf 80' lang='lat' dir='ltr'><strong>siue</strong></span> <span class='ocrx_word' id='word_1_532' title='bbox 1102 2679 1246 2716; x_wconf 84' lang='lat' dir='ltr'><strong>stimulis,</strong></span> <span class='ocrx_word' id='word_1_533' title='bbox 1262 2678 1373 2720; x_wconf 86' lang='lat' dir='ltr'><strong>partim</strong></span> <span class='ocrx_word' id='word_1_534' title='bbox 1389 2676 1462 2707; x_wconf 83' lang='lat' dir='ltr'><strong>diris</strong></span> <span class='ocrx_word' id='word_1_535' title='bbox 1489 2681 1622 2706; x_wconf 79' lang='lat' dir='ltr'><strong>armatos</strong></span> <span class='ocrx_word' id='word_1_536' title='bbox 1637 2675 1693 2706; x_wconf 83' lang='lat' dir='ltr'><strong>sti-</strong></span> 
     </span>
     <span class='ocr_line' id='line_1_47' title="bbox 230 2730 1692 2777; baseline -0.005 -11"><span class='ocrx_word' id='word_1_537' title='bbox 230 2736 320 2766; x_wconf 75' lang='lat' dir='ltr'><strong>mulis</strong></span> <span class='ocrx_word' id='word_1_538' title='bbox 335 2736 513 2767; x_wconf 86' lang='lat' dir='ltr'><strong>ceruimus?</strong></span> <span class='ocrx_word' id='word_1_539' title='bbox 538 2742 620 2766; x_wconf 82' lang='lat' dir='ltr'><strong>etex</strong></span> <span class='ocrx_word' id='word_1_540' title='bbox 638 2736 697 2772; x_wconf 89' lang='lat' dir='ltr'><strong>his,</strong></span> <span class='ocrx_word' id='word_1_541' title='bbox 723 2736 778 2777; x_wconf 88' lang='lat' dir='ltr'><strong>qui</strong></span> <span class='ocrx_word' id='word_1_542' title='bbox 800 2735 940 2765; x_wconf 88' lang='lat' dir='ltr'><strong>stimulos</strong></span> <span class='ocrx_word' id='word_1_543' title='bbox 964 2745 1026 2764; x_wconf 89' lang='lat' dir='ltr'><strong>non</strong></span> <span class='ocrx_word' id='word_1_544' title='bbox 1051 2735 1176 2768; x_wconf 82' lang='lat' dir='ltr'><strong>hahent,</strong></span> <span class='ocrx_word' id='word_1_545' title='bbox 1201 2733 1310 2773; x_wconf 84' lang='lat' dir='ltr'><strong>inopes</strong></span> <span class='ocrx_word' id='word_1_546' title='bbox 1334 2731 1458 2761; x_wconf 77' lang='lat' dir='ltr'><strong>tandem</strong></span> <span class='ocrx_word' id='word_1_547' title='bbox 1483 2730 1514 2760; x_wconf 89' lang='lat' dir='ltr'><strong>in</strong></span> <span class='ocrx_word' id='word_1_548' title='bbox 1530 2734 1692 2760; x_wconf 83' lang='lat' dir='ltr'><strong>senectute</strong></span> 
     </span>
     <span class='ocr_line' id='line_1_48' title="bbox 231 2782 1689 2829; baseline -0.005 -9"><span class='ocrx_word' id='word_1_549' title='bbox 231 2790 328 2820; x_wconf 83' lang='lat' dir='ltr'><strong>fiunt:</strong></span> <span class='ocrx_word' id='word_1_550' title='bbox 354 2789 470 2820; x_wconf 81' lang='lat' dir='ltr'><strong>aculeis</strong></span> <span class='ocrx_word' id='word_1_551' title='bbox 487 2794 589 2820; x_wconf 88' lang='lat' dir='ltr'><strong>autem</strong></span> <span class='ocrx_word' id='word_1_552' title='bbox 609 2790 749 2820; x_wconf 81' lang='lat' dir='ltr'><strong>instructi</strong></span> <span class='ocrx_word' id='word_1_553' title='bbox 765 2795 837 2820; x_wconf 86' lang='lat' dir='ltr'><strong>sunt</strong></span> <span class='ocrx_word' id='word_1_554' title='bbox 853 2788 896 2825; x_wconf 90' lang='lat' dir='ltr'><strong>hi,</strong></span> <span class='ocrx_word' id='word_1_555' title='bbox 912 2788 966 2829; x_wconf 86' lang='lat' dir='ltr'><strong>qui</strong></span> <span class='ocrx_word' id='word_1_556' title='bbox 983 2794 1131 2818; x_wconf 82' lang='lat' dir='ltr'><strong>vocantur</strong></span> <span class='ocrx_word' id='word_1_557' title='bbox 1149 2786 1291 2817; x_wconf 80' lang='lat' dir='ltr'><strong>malefici.</strong></span> <span class='ocrx_word' id='word_1_558' title='bbox 1337 2785 1419 2815; x_wconf 83' lang='lat' dir='ltr'><strong>Am.</strong></span> <span class='ocrx_word' id='word_1_559' title='bbox 1444 2783 1527 2814; x_wconf 77' lang='lat' dir='ltr'><strong>Vera</strong></span> <span class='ocrx_word' id='word_1_560' title='bbox 1544 2782 1689 2823; x_wconf 88' lang='lat' dir='ltr'><strong>loqueris.</strong></span> 
     </span>
     <span class='ocr_line' id='line_1_49' title="bbox 230 2835 1690 2884; baseline -0.005 -11"><span class='ocrx_word' id='word_1_561' title='bbox 230 2844 288 2874; x_wconf 84' lang='lat' dir='ltr'><strong>So·</strong></span> <span class='ocrx_word' id='word_1_562' title='bbox 313 2842 445 2873; x_wconf 85' lang='lat' dir='ltr'><strong>Constat</strong></span> <span class='ocrx_word' id='word_1_563' title='bbox 461 2853 546 2884; x_wconf 83' lang='lat' dir='ltr'><strong>erg0,</strong></span> <span class='ocrx_word' id='word_1_564' title='bbox 562 2844 594 2873; x_wconf 90' lang='lat' dir='ltr'><strong>in</strong></span> <span class='ocrx_word' id='word_1_565' title='bbox 611 2843 749 2879; x_wconf 80' lang='lat' dir='ltr'><strong>civitate,</strong></span> <span class='ocrx_word' id='word_1_566' title='bbox 778 2843 832 2874; x_wconf 87' lang='lat' dir='ltr'><strong>ubi</strong></span> <span class='ocrx_word' id='word_1_567' title='bbox 849 2842 1007 2873; x_wconf 80' lang='lat' dir='ltr'><strong>mendicos</strong></span> <span class='ocrx_word' id='word_1_568' title='bbox 1032 2842 1128 2877; x_wconf 80' lang='lat' dir='ltr'><strong>vides,</strong></span> <span class='ocrx_word' id='word_1_569' title='bbox 1153 2841 1253 2871; x_wconf 85' lang='lat' dir='ltr'><strong>inesse</strong></span> <span class='ocrx_word' id='word_1_570' title='bbox 1279 2839 1411 2869; x_wconf 83' lang='lat' dir='ltr'><strong>latentes</strong></span> <span class='ocrx_word' id='word_1_571' title='bbox 1434 2837 1527 2876; x_wconf 74' lang='lat' dir='ltr'><strong>fures,</strong></span> <span class='ocrx_word' id='word_1_572' title='bbox 1542 2835 1690 2872; x_wconf 79' lang='lat' dir='ltr'><strong>latrones,</strong></span> 
     </span>
     <span class='ocr_line' id='line_1_50' title="bbox 235 2888 1691 2938; baseline -0.005 -11"><span class='ocrx_word' id='word_1_573' title='bbox 235 2897 410 2938; x_wconf 74' lang='lat' dir='ltr'><strong>sacrilegos,</strong></span> <span class='ocrx_word' id='word_1_574' title='bbox 428 2904 458 2927; x_wconf 81' lang='lat' dir='ltr'><strong>et</strong></span> <span class='ocrx_word' id='word_1_575' title='bbox 475 2897 581 2926; x_wconf 80' lang='lat' dir='ltr'><strong>horum</strong></span> <span class='ocrx_word' id='word_1_576' title='bbox 599 2896 736 2927; x_wconf 85' lang='lat' dir='ltr'><strong>omnium</strong></span> <span class='ocrx_word' id='word_1_577' title='bbox 751 2897 899 2928; x_wconf 79' lang='lat' dir='ltr'><strong>scelerum</strong></span> <span class='ocrx_word' id='word_1_578' title='bbox 917 2902 1068 2927; x_wconf 73' lang='lat' dir='ltr'><strong>auctores.</strong></span> <span class='ocrx_word' id='word_1_579' title='bbox 1115 2895 1193 2926; x_wconf 79' lang='lat' dir='ltr'><strong>Ani.</strong></span> <span class='ocrx_word' id='word_1_580' title='bbox 1219 2892 1350 2924; x_wconf 72' lang='lat' dir='ltr'><strong>Constat</strong></span> <span class='ocrx_word' id='word_1_581' title='bbox 1361 2896 1454 2922; x_wconf 83' lang='lat' dir='ltr'><strong>certe.</strong></span> <span class='ocrx_word' id='word_1_582' title='bbox 1498 2890 1553 2920; x_wconf 84' lang='lat' dir='ltr'><strong>So.</strong></span> <span class='ocrx_word' id='word_1_583' title='bbox 1576 2888 1691 2920; x_wconf 86' lang='lat' dir='ltr'><strong>Nonne</strong></span> 
     </span>
    </p>
   </div>
  </div>
 </body>
</html>
