1840 3225
243 229 322 267 210
842 227 1107 266 PLATONIS
1608 228 1701 277 [571

247 330 434 361 sufficienter
451 340 586 362 narrasse
603 340 825 366 asseveremus,
840 340 902 371 quo
919 337 1013 372 pacto
1031 330 1171 371 tyrannis
1187 341 1222 361 cx
1241 330 1384 371 populari
1401 330 1624 372 gubernatione
1638 341 1710 362 nas-

244 388 344 425 catur,
359 390 401 421 et,
417 390 490 415 nata
505 395 575 416 cum
592 389 650 421 est,
662 384 762 427 qualis
778 382 841 415 sit?
886 384 968 416 Ani.
994 384 1095 415 Valde
1111 384 1237 426 quidem
1251 383 1450 416 sufficienter.

802 561 1028 611 LIBER
1068 561 1146 611 lX

250 692 346 736 [571]
373 692 555 725 ΖΟῙ-’,ικεερε
571 694 830 725 considerandum
844 699 951 735 restat,
963 705 1026 735 qua
1040 694 1159 725 ratione
1175 695 1221 725 vir
1236 695 1418 737 tyrannicus
1432 707 1469 726 ex
1484 695 1630 737 populari
1646 695 1714 736 fiat,

249 736 411 789 qualisque
427 749 477 784 sit,
492 754 524 779 et
541 749 683 789 nunquid
699 748 793 778 vitam
809 748 905 778 ducat
922 748 1074 784 miseram,
1091 759 1130 778 an
1146 749 1282 780 beatam.
1305 749 1387 782 Am.
1404 749 1497 781 Certe
1513 749 1545 780 id
1562 749 1713 790 reliquum

249 807 307 832 est·
352 803 408 832 So.
433 802 512 838 Scis,
537 802 612 843 quid
628 803 731 832 adhuc
758 802 956 832 desiderem?
1002 802 1086 833 Am.
1109 803 1218 840 Quid?
1265 803 1322 834 So.
1346 803 1496 834 Nondum
1527 802 1716 834 sufficienter

250 854 428 886 distinxisse
445 855 606 894 videmur3
631 860 708 896 quot
723 855 783 885 sint
799 860 831 885 et
854 855 962 896 quales
979 856 1180 898 cupiditates.
1205 867 1241 888 ac
1265 857 1325 888 nisi
1352 857 1383 887 id
1408 861 1542 894 constet,
1558 855 1716 887 obscurior

249 909 308 940 erit
328 909 409 952 ejus,
437 910 522 951 quod
545 910 723 950 quaerimus,
741 909 913 951 inquisitio.
959 910 1040 942 Ani.
1065 910 1287 952 Opportunum
1316 921 1387 941 vero
1412 912 1515 942 adhuc
1541 910 1610 941 erit.
1655 910 1714 942 So-

250 962 378 994 Prorsus
396 964 534 1004 quidem.
558 969 652 1004 atque
667 964 805 1000 adverte,
834 963 909 1004 quid
926 964 956 994 in
981 963 1026 994 eis
1054 975 1144 994 nosse
1169 964 1274 995 velim.
1298 969 1345 995 est
1356 970 1460 994 autem
1477 964 1550 996 tale.
1598 963 1712 994 Earum

251 1017 447 1058 voluptatum
465 1022 496 1048 et
509 1017 732 1058 cupiditatum,
746 1027 816 1058 quae
832 1028 894 1047 non
916 1019 1098 1048 necessariae
1121 1023 1204 1054 sunt,
1220 1018 1362 1049 videntur
1386 1018 1460 1048 mihi
1476 1017 1620 1059 quaedam
1646 1027 1715 1048 esse

248 1071 370 1112 iegibus
397 1076 619 1112 repugnantes,
643 1081 713 1112 quae
740 1071 884 1101 omnibus
909 1071 1037 1113 quidem
1064 1071 1184 1108 insunt,
1213 1082 1230 1102 a
1248 1071 1368 1113 legibus
1393 1077 1496 1102 autem
1521 1077 1554 1102 et
1581 1070 1717 1102 meliori-

251 1125 308 1155 bus
320 1125 545 1166 cupiditatibus
561 1135 631 1155 cum
646 1124 764 1155 ratione
780 1124 894 1166 pariter
908 1125 1068 1166 castigatae
1085 1125 1116 1155 in
1132 1125 1317 1166 quibusdam
1334 1125 1510 1159 hominibus
1526 1125 1574 1156 vel
1587 1125 1715 1156 omnino

251 1179 457 1214 obsolescere,
473 1178 519 1209 vel
537 1179 615 1209 adeo
631 1178 766 1219 reprimi,
781 1185 816 1209 ut
826 1189 900 1209 rarae
914 1179 1083 1210 admodum
1100 1171 1265 1221 exilesque*
1273 1180 1462 1210 reddantur:
1487 1179 1519 1209 in
1536 1178 1604 1210 aliis
1613 1183 1717 1209 autem

250 1232 496 1263 vehementiores
511 1232 798 1274 frequentioresque
814 1233 959 1265 evadere.
998 1233 1082 1264 Ani.
1101 1233 1188 1271 Quas
1205 1233 1401 1275 potissimum
1418 1233 1491 1264 istas
1507 1233 1623 1264 vocas?
1660 1232 1718 1263 So.

251 1286 332 1322 Quae
360 1286 390 1316 in
414 1286 541 1317 somniis
570 1286 684 1328 saepius
711 1287 897 1324 excitantur,
913 1288 1040 1328 quando
1068 1287 1164 1318 animi
1185 1297 1254 1328 pars
1278 1287 1331 1318 illa
1355 1285 1459 1328 sopita
1482 1286 1623 1328 languet,
1646 1295 1717 1328 quae

251 1339 379 1370 rationis
394 1345 442 1371 est
458 1340 614 1382 particeps
636 1347 669 1371 et
693 1346 854 1372 mansueta
879 1341 1010 1382 ejusque
1034 1341 1172 1374 domina.
1195 1342 1257 1372 alia
1279 1352 1350 1372 vero
1376 1341 1409 1372 in
1424 1351 1486 1382 qua
1501 1341 1606 1372 feritas
1625 1345 1674 1371 eat
1687 1343 1721 1369 et

251 1392 379 1434 agrestis
395 1393 581 1431 immanitas,
598 1405 667 1425 cum
685 1394 724 1425 sit
738 1395 942 1426 immoderato
956 1395 1073 1437 repleta
1090 1400 1167 1438 potu
1183 1401 1277 1437 atque
1292 1402 1395 1436 pastu,
1408 1395 1541 1426 exsultat
1555 1399 1719 1436 tentatque

252 1451 394 1477 excutere
408 1457 550 1478 somnum
567 1453 598 1478 et
614 1448 712 1479 solitis
735 1449 918 1479 libidinibus
942 1449 1115 1491 indulgere.
1140 1456 1214 1480 tunc
1237 1449 1357 1492 quippe
1380 1449 1456 1480 nihil
1471 1454 1519 1480 est
1544 1449 1629 1491 quod
1654 1458 1719 1479 non

253 1501 380 1537 audeat,
398 1501 492 1531 veluti
510 1501 611 1532 soluta
626 1508 658 1533 et
675 1503 769 1533 libera
785 1503 932 1534 omnibus
948 1503 1145 1534 verecundiae
1162 1504 1400 1545 prudentiaeque
1411 1503 1574 1546 praeceptis
1588 1514 1595 1532 ε
1621 1507 1655 1533 ut
1666 1507 1722 1533 aut

252 1564 323 1584 cum
340 1560 435 1585 matre
449 1565 561 1597 corpus
578 1556 704 1587 miscere
721 1556 871 1593 videatur,
892 1562 946 1588 aut
968 1568 1039 1588 cum
1063 1557 1174 1598 quovis
1188 1557 1249 1587 alio
1273 1557 1399 1588 homine
1415 1557 1462 1588 vel
1479 1556 1564 1593 Deo.
1581 1566 1664 1598 saepe
1688 1561 1721 1587 et

254 1607 357 1638 bellua
372 1620 380 1647 3
403 1614 496 1650 atque
513 1610 606 1639 etiam
624 1610 777 1641 trucidare
794 1611 944 1653 aliquem,
960 1617 991 1642 et
1008 1611 1102 1653 impie
1126 1611 1290 1647 cruentari,
1307 1618 1338 1642 et
1353 1622 1370 1641 a
1395 1610 1480 1641 nulla
1496 1621 1618 1652 prorsus
1632 1620 1722 1642 vora-

253 1661 326 1701 gine
342 1662 506 1698 abstinere,
522 1673 593 1704 nec,
609 1669 644 1694 ut
659 1664 743 1695 brevi
761 1664 965 1705 complectar,
983 1666 1021 1695 ab
1046 1665 1108 1695 ulla
1126 1664 1246 1695 insania
1263 1665 1309 1696 vel
1325 1664 1524 1707 impudentia
1538 1669 1723 1706 temperare.

253 1714 336 1750 Am.
361 1716 444 1747 Vera
459 1716 587 1747 nimium
605 1718 749 1758 loqueris.
795 1718 852 1749 So.
875 1719 920 1749 At
942 1729 1012 1749 cum
1038 1719 1107 1759 quis
1131 1718 1246 1749 salubri
1273 1723 1305 1749 et
1331 1719 1491 1750 moderato
1515 1717 1602 1750 cultu
1626 1723 1721 1760 atque

256 1767 339 1800 victu
348 1769 453 1811 quieti
469 1781 500 1801 se
518 1771 692 1809 tradiderit,
708 1777 739 1802 et
755 1783 791 1803 ea
810 1778 895 1813 parte
913 1772 1020 1809 animi,
1035 1772 1067 1803 in
1083 1782 1146 1814 qua
1161 1777 1210 1803 est
1225 1772 1315 1809 ratio,
1330 1772 1464 1803 excitata
1479 1776 1512 1803 et
1527 1777 1623 1809 recta,
1637 1776 1724 1802 satu·

255 1827 382 1864 rataque
399 1824 546 1855 bonarum
573 1825 799 1866 cogitationum
825 1826 926 1867 epulis
949 1831 981 1857 ct
1004 1826 1044 1857 ad
1068 1837 1100 1858 se
1125 1827 1222 1867 ipsam
1249 1825 1495 1867 contemplando
1509 1835 1668 1862 conversa,
1685 1835 1724 1856 ea

254 1887 325 1908 vero
341 1882 428 1919 parte
452 1878 560 1915 animi,
575 1889 646 1921 quae
661 1879 822 1920 voluptate
840 1879 944 1917 alitur,
961 1890 1019 1911 nec
1042 1880 1149 1922 inopia
1172 1890 1276 1921 pressa
1291 1890 1348 1911 nec
1364 1879 1505 1910 satietate
1521 1878 1673 1920 affluenti,
1688 1883 1724 1909 ut

251 1931 393 1973 quiescat
407 1932 538 1964 maxime
563 1943 664 1975 neque
688 1933 840 1975 optimam
867 1933 965 1976 [572]
993 1939 1111 1976 partem
1135 1933 1221 1965 illam
1246 1940 1301 1964 aut
1314 1934 1477 1975 gestiendo
1494 1938 1549 1964 aut
1573 1932 1720 1964 merendo

255 1987 424 2026 perturbet,
441 1987 493 2017 sed
512 1986 594 2018 sinat
608 1998 675 2018 eam
695 1998 749 2029 per
764 1998 797 2018 se
821 1988 920 2028 ipsam
944 1988 1041 2018 solam
1058 1998 1094 2019 ac
1111 1998 1220 2029 puram
1244 1988 1451 2027 considerare,
1465 1986 1613 2029 indagare
1627 1991 1722 2028 atque

255 2040 414 2081 percipere
431 2040 597 2082 quicquam
617 2041 757 2082 ignotum
775 2042 926 2072 hactenus
943 2041 990 2072 vel
1008 2042 1208 2083 praesentium
1226 2041 1272 2072 vel
1293 2041 1513 2083 praeteritorum
1538 2040 1586 2071 vel
1601 2040 1722 2071 futuro-

255 2103 345 2123 rum:
372 2093 424 2123 illa
439 2093 532 2124 etiam
552 2094 640 2125 tertia
657 2100 743 2135 parte
760 2094 869 2131 animi,
894 2095 925 2125 in
949 2105 1012 2136 qua
1038 2097 1149 2126 irarum
1174 2101 1285 2126 aestuat
1308 2096 1409 2132 ardor,
1425 2095 1533 2126 sedata
1558 2100 1652 2136 atque
1675 2104 1724 2125 re-

255 2146 367 2177 stincta
390 2157 486 2188 usque
503 2148 594 2184 adeo,
622 2153 655 2178 ut
679 2149 755 2178 nulli
780 2149 903 2179 infensa
926 2149 1079 2190 quiescat,
1103 2155 1196 2192 atque
1214 2150 1269 2186 ita,
1285 2150 1424 2191 inquam,
1442 2149 1580 2190 partibus
1592 2148 1721 2190 quidem

255 2200 376 2231 duabus
389 2201 518 2241 pacatis,
529 2208 633 2233 mente
647 2213 716 2233 vero
730 2208 846 2239 erecta,
861 2213 971 2233 somno
987 2214 1020 2234 se
1035 2208 1207 2245 comparet,
1223 2209 1297 2234 tunc
1313 2204 1438 2234 demum
1454 2213 1540 2234 mens
1553 2213 1630 2244 pura
1643 2203 1724 2233 veri-

257 2257 350 2284 tatem
367 2253 504 2296 attingit,
523 2265 623 2297 neque
651 2256 681 2286 in
698 2256 885 2287 somniorum
914 2257 978 2287 visa
992 2257 1109 2287 nefaria
1134 2267 1199 2288 sese
1214 2257 1380 2298 objiciunt.
1425 2257 1509 2288 Am.
1532 2256 1583 2288 Sic
1601 2266 1724 2297 prorsus

255 2306 409 2338 existimo.
452 2308 507 2339 So.
531 2309 616 2346 Quid
635 2309 745 2350 plura?
787 2311 816 2340 id
833 2311 1007 2341 summatim
1042 2311 1195 2342 volumus.
1248 2310 1426 2353 Unicuique
1455 2310 1556 2342 inesse
1584 2310 1722 2352 speciem

256 2362 412 2402 quandam
437 2363 659 2404 cupiditatum.
683 2365 793 2400 diram,
819 2370 968 2406 agrestem
993 2369 1088 2405 atque
1112 2365 1272 2406 iniquam:
1298 2370 1392 2406 atque
1415 2365 1508 2396 etiarn
1537 2365 1567 2395 in
1584 2365 1647 2402 his,
1670 2365 1727 2406 qui

256 2415 336 2446 inter
366 2416 505 2447 homines
535 2419 666 2448 maxlme
699 2418 847 2455 moderati
878 2418 1033 2449 videntur.
1056 2419 1140 2459 quod
1170 2418 1202 2448 in
1237 2419 1354 2449 somnis
1389 2418 1422 2448 tit
1455 2418 1665 2451 manifestum.
1698 2419 1726 2450 si

256 2468 331 2508 quid
361 2480 433 2510 ergo
463 2470 566 2501 dicere
595 2471 700 2501 videor
729 2476 760 2502 et
791 2472 961 2507 consentis,
992 2472 1216 2503 animadverte.
1261 2472 1341 2503 Am.
1365 2472 1537 2504 Consentio
1566 2472 1724 2514 equidem.

258 2522 313 2552 So.
352 2521 543 2559 Recordare,
573 2524 696 2565 qualem
721 2525 817 2555 virum
850 2535 916 2556 esse
940 2525 1073 2556 diximus
1099 2526 1292 2568 popularem.
1324 2532 1388 2557 crat
1418 2531 1522 2558 autem
1545 2525 1582 2566 is,
1605 2525 1659 2566 qui
1682 2525 1722 2556 ab

256 2575 382 2607 incunte
409 2582 500 2607 aetate
527 2579 584 2608 sub
613 2589 704 2619 parco
733 2579 865 2609 nutritus
887 2585 935 2610 est
957 2585 1055 2619 patre,
1076 2581 1129 2622 qui
1158 2580 1233 2611 lucri
1259 2580 1425 2622 cupiditati
1454 2578 1585 2610 indulsit
1610 2578 1722 2614 solum.

258 2635 376 2660 ceteras
393 2641 465 2661 vero
484 2642 545 2662 non
563 2633 761 2668 necessarias,
778 2634 830 2664 sed
849 2633 915 2664 ludi
932 2639 1120 2674 ornatusque
1136 2635 1265 2665 comites
1281 2633 1409 2675 sprevit.
1432 2642 1536 2663 nonne
1553 2632 1617 2662 ita?
1641 2631 1724 2663 Am.

256 2682 305 2722 Ita
316 2693 447 2724 prorsus.
491 2685 548 2715 So.
574 2685 782 2718 Conversatus
793 2687 907 2718 deinde
919 2698 988 2718 cum
1005 2688 1184 2719 elatioribus
1199 2688 1270 2718 viris
1289 2687 1451 2728 plenisque
1464 2685 1647 2717 libidinibus
1657 2686 1720 2721 his,

253 2746 330 2777 quas
347 2738 439 2768 modo
457 2739 654 2779 narravimus,
682 2741 838 2772 declinare
861 2742 956 2784 coepit
983 2743 1021 2772 ad
1048 2743 1250 2783 petulantiam
1275 2751 1397 2772 omnem
1420 2749 1590 2780 eorumque
1606 2749 1720 2776 mores,

254 2795 393 2831 paternae
412 2792 608 2832 parsi-unnim
623 2794 706 2825 odio.
731 2806 801 2826 cum
818 2806 889 2827 vero
905 2796 1032 2838 ingenio
1049 2796 1175 2827 meliore
1192 2801 1273 2827 esset
1289 2805 1381 2837 quam
1403 2798 1609 2834 corruptores,
1624 2793 1723 2824 utrin-

253 2855 313 2885 que
336 2845 511 2882 distractus,
529 2848 661 2877 mediam
679 2854 788 2880 nactus
803 2855 849 2880 est
867 2849 1024 2890 utriusque
1039 2850 1129 2880 moris
1143 2850 1340 2880 affectionem
1358 2859 1363 2877 :
1390 2847 1546 2878 moderate
1560 2852 1722 2888 utrumque

248 2904 392 2936 secutus,
411 2905 441 2929 ut
459 2899 524 2940 ipsc
546 2906 647 2942 putat,
664 2911 765 2943 neque
790 2902 970 2934 illiberalem
995 2913 1095 2943 neque
1112 2902 1292 2933 dissolutam
1318 2901 1410 2931 vitam
1427 2910 1534 2941 agens,
1549 2910 1583 2931 ex
1602 2910 1721 2942 pauco·
