1840 3225
216 219 295 261 4-22
781 222 1045 263 PLATONrs
1578 223 1674 276 [910

215 325 388 368 impietatis
402 326 530 359 crimine
545 326 816 365 condemnabitur,
830 333 928 359 morte
947 328 1116 370 plectatur.
1138 326 1195 358 sed
1218 332 1290 358 sunt
1304 327 1459 364 nonnulli,
1472 327 1527 369 qui
1540 326 1583 359 ad
1598 336 1670 358 eam

218 381 410 422 opinionem,
438 382 522 423 quod
550 382 607 412 Dii
625 382 698 418 sint,
725 382 996 423 vel‘negligentes
1020 381 1070 411 vel
1095 381 1270 422 placabiles
1295 382 1367 418 sint,
1382 382 1534 412 immanes
1548 391 1674 423 quoque

217 435 297 465 fiunt
313 436 516 478 hominesque
532 437 724 478 despiciunt,
739 441 773 467 et
784 437 926 467 viventes
941 436 982 466 ad
997 447 1029 467 se
1051 437 1166 466 multos
1184 436 1327 467 alliciunt
1351 427 1588 477 attrahuntque:
1612 444 1673 466 nec

216 494 279 520 ‘non
295 490 460 521 defunctos
474 501 507 521 se
521 491 643 522 trahere
653 491 870 532 consolarique
880 489 1001 526 dicunt,
1012 490 1259 532 profitenturque
1274 500 1308 521 se
1321 490 1411 521 Deos
1419 490 1505 531 ipsos
1517 489 1674 525 cantibus,

216 543 376 575 sacrificiis
389 545 533 586 votisque
547 545 698 576 mulcere.
720 549 753 576 et
766 545 826 575 hoc
842 544 1000 575 lenocinio
1015 550 1178 581 conantur,
1195 543 1305 575 domos
1315 549 1348 575 et
1357 544 1501 576 civitates
1511 544 1676 575 universas

215 598 418 638 pecuniarum
433 599 533 640 gratia
546 599 689 640 perdere.
713 609 821 630 eorum
832 600 884 640 qui
899 599 1064 630 damnatus
1078 599 1183 636 fuerit,
1200 600 1233 630 in
1248 599 1484 630 mediterraneis
1497 597 1671 629 carceribus

214 652 377 688 vinciatur,
399 663 459 685 nec
481 654 564 684 ullus
588 654 669 684 liber
691 664 830 694 unquam
856 653 897 684 ad
925 664 994 684 eum
1020 653 1150 685 accedat
1168 665 1176 684 z
1199 653 1256 684 sed
1277 659 1426 685 statutum
1448 653 1510 694 ipsi
1531 663 1550 684 a
1565 651 1671 693 legum

217 709 399 740 custodibus
414 708 517 739 cibum
533 708 613 738 servi
627 708 759 739 afferant
774 721 782 748 ;
805 707 872 739 vita
888 708 1026 750 denique
1041 708 1181 739 functum
1196 713 1282 739 extra
1298 708 1431 749 regionis
1443 707 1521 737 fines
1535 706 1676 748 insepul-

217 769 281 793 tum
297 763 435 805 ejiciant.
454 772 548 804 quem
570 763 597 792 si
620 763 689 803 quis
711 762 790 793 liber
812 762 982 803 sepelierit,
995 772 1015 793 a
1031 763 1154 794 volente
1168 762 1340 805 impietatis
1355 762 1486 793 crimine
1501 766 1677 792 accusetur.

216 818 301 859 quod
326 818 352 848 si
375 817 456 848 filios
478 816 640 858 reliquerit
662 817 784 847 civitati
798 817 997 853 sufficientes,
1014 818 1221 858 orphanorum
1237 822 1355 847 tutores
1371 817 1477 847 horum
1492 826 1556 846 non
1573 815 1674 846 minus

216 882 310 913 quam
322 872 513 913 reliquorum
528 871 566 901 ab
583 881 623 901 eo
640 870 703 906 die,
719 881 781 911 quo
798 870 965 901 damnatus
980 871 1073 901 fuerit
1087 876 1189 912 pater,
1212 881 1319 902 curam
1340 870 1487 901 habeant.
1508 870 1565 900 sed
1589 879 1674 900 com-

214 926 318 957 munis
343 927 382 957 de
406 925 548 956 omnibus
570 925 618 955 his
643 925 693 955 lex
720 925 779 955 ista
801 929 946 966 ponatur,
973 935 1042 965 quae
1056 924 1152 955 faciet
1168 930 1202 955 ut
1215 925 1309 955 multi
1321 925 1425 955 minus
1439 924 1534 955 verbo
1546 928 1580 954 et
1595 933 1626 954 re
1642 915 1674 953 in

214 981 303 1011 Deos
314 985 459 1021 peccent,
481 985 514 1010 et
529 984 564 1009 ut
585 978 624 1009 ab
645 979 782 1009 amentia
806 984 1011 1010 revocentur:
1037 989 1076 1009 ex
1099 989 1136 1009 eo
1163 980 1248 1020 quod
1273 989 1336 1010 non
1361 978 1471 1009 licebit
1495 977 1586 1008 Deos
1613 977 1674 1008 sibi

213 1033 415 1075 Deorumque
441 1043 531 1064 sacra
554 1039 668 1074 praeter
690 1034 779 1074 leges
805 1033 960 1075 effingere.
998 1033 1038 1065 sit
1072 1038 1178 1064 autem
1203 1034 1254 1064 lex
1284 1031 1461 1075 hujusmodi
1488 1031 1674 1073 simpliciter

213 1089 335 1120 cunctis
347 1088 493 1129 imposita
507 1099 514 1118 :
539 1087 662 1118 Sacella
676 1098 770 1119 nemo
786 1087 818 1118 in
835 1088 957 1129 privata
972 1088 1066 1118 domo
1081 1088 1206 1118 habeat.
1228 1098 1297 1118 cum
1314 1097 1388 1118 vero
1397 1086 1535 1117 animum
1549 1085 1620 1127 quis
1632 1084 1673 1116 ad

211 1143 452 1177 sacrificandum
474 1142 644 1176 induxerit,
666 1142 705 1172 ad
731 1142 859 1183 publica
883 1142 1106 1173 sacrificaturus
1122 1142 1264 1179 accedat,
1280 1147 1314 1172 et
1326 1140 1540 1173 sacerdotibus
1554 1140 1674 1171 hostias

210 1197 358 1238 praebeat,
373 1197 427 1238 qui
442 1207 548 1227 curam
562 1197 672 1227 harum
686 1206 792 1227 rerum
806 1197 979 1227 castissime
993 1201 1117 1238 gerunt.
1139 1196 1324 1237 quibuscum
1339 1200 1373 1227 et
1386 1196 1455 1237 ipse
1468 1200 1548 1230 oret,
1559 1198 1594 1224 et
1602 1193 1672 1236 qui·

211 1262 334 1293 cunque
349 1261 419 1282 cum
434 1261 473 1282 eo
488 1251 580 1282 simul
596 1261 683 1282 orare
699 1251 786 1282 velit.
811 1252 877 1282 haec
893 1250 966 1282 ideo
979 1251 1022 1281 ita
1034 1251 1121 1287 fiant,
1138 1251 1211 1292 quia
1227 1251 1343 1282 sacella
1355 1255 1388 1282 et
1402 1250 1491 1281 Deos
1504 1249 1670 1280 instituere

208 1316 273 1337 non
297 1306 390 1337 facile
420 1310 478 1336 est.
500 1306 618 1347 quippe
645 1306 751 1347 magni
778 1305 896 1347 ingenii
920 1311 978 1342 est,
1000 1310 1084 1337 recte
1107 1316 1174 1336 rem
1194 1306 1284 1336 istam
1300 1305 1413 1336 facere.
1435 1305 1537 1335 solent
1565 1307 1672 1334 autem

210 1361 359 1392 mulieres
372 1360 540 1402 praecipue,
554 1370 591 1391 ac
605 1359 838 1397 imbecilliores,
856 1365 888 1390 et
901 1360 934 1390 in
947 1360 1088 1401 periculo
1104 1360 1278 1396 constituti,
1294 1365 1327 1391 et
1336 1359 1526 1400 indigentes,
1536 1357 1671 1388 ubicun-

209 1426 271 1456 que
296 1415 452 1456 quispiam
473 1414 627 1455 indigeat,
653 1420 686 1444 et
709 1421 819 1446 contra
841 1414 969 1456 quando
984 1415 1117 1446 facultas
1128 1415 1175 1445 rei
1190 1414 1322 1455 alicujus
1337 1413 1446 1449 affluit,
1462 1411 1546 1454 quod
1558 1412 1669 1442 adesse

208 1468 333 1500 videtur
355 1478 476 1510 semper
498 1478 691 1504 consecrare,
717 1468 814 1510 [910]
839 1469 1019 1510 hostiasque
1034 1479 1159 1505 vovere,
1174 1473 1206 1499 et
1220 1474 1338 1499 statuas
1354 1466 1426 1497 Diis
1442 1472 1536 1507 atque
1550 1465 1671 1496 daemo-

161 1558 167 1562 ¹
207 1523 301 1554 nibus
323 1527 355 1553 et
377 1523 518 1554 Deorum
540 1522 610 1552 filiis
626 1522 781 1563 polliceri.
805 1523 1075 1564 phantasmatibus
1090 1522 1237 1554 commoti
1250 1522 1429 1563 vigilantes,
1447 1522 1528 1551 etin
1542 1520 1671 1550 somniis

207 1578 351 1609 similiter
375 1578 473 1607 multa
499 1587 532 1607 se
559 1575 675 1607 vidisse
702 1587 766 1617 prae
792 1576 962 1607 formidine
983 1577 1152 1613 recordati,
1178 1577 1230 1607 ubi
1255 1575 1395 1607 remedia
1417 1574 1548 1615 sing-ulis
1562 1574 1670 1604 afferre

207 1637 370 1667 conantur,
387 1631 446 1661 aris
462 1630 648 1670 sacellisque
664 1640 773 1660 omnes
788 1631 897 1661 domos
912 1631 1059 1671 vicosque
1074 1631 1247 1670 replerunt.
1270 1640 1403 1671 quorum
1416 1629 1556 1660 omnium
1571 1628 1670 1669 gratia

202 1685 254 1716 lex
267 1686 326 1716 ista
342 1684 492 1727 ponenda
506 1689 563 1720 est,
580 1694 617 1714 ac
633 1688 786 1725 praeterea
800 1684 966 1726 impiorum
988 1694 1093 1720 causa,
1117 1694 1168 1720 ne,
1184 1684 1245 1714 ista
1260 1683 1317 1714 sibi
1333 1682 1567 1724 operationibus
1577 1693 1666 1713 usur-

205 1746 330 1782 pantes,
360 1739 477 1770 sacella
505 1743 537 1769 et
567 1747 634 1769 aras
663 1738 726 1769 suis
755 1738 789 1769 in
820 1738 964 1770 domibus
988 1743 1136 1775 statuant,
1168 1743 1344 1780 putentque
1374 1737 1461 1769 Deos
1485 1737 1566 1768 clam
1588 1737 1669 1768 votis

204 1793 430 1834 sacrificiisque
455 1793 579 1834 placare
595 1804 602 1822 z
627 1798 721 1834 atque
745 1793 789 1824 ita
813 1794 847 1823 in
869 1794 1028 1824 infinitum
1043 1803 1130 1824 suam
1142 1792 1327 1835 injustitiam
1342 1797 1488 1833 augeant,
1503 1790 1588 1822 unde
1601 1796 1668 1822 tam

206 1848 248 1879 ad
262 1859 295 1879 se
305 1843 406 1889 'quam
421 1846 462 1877 ad
478 1857 542 1882 eOS,
558 1848 612 1888 qui
628 1847 685 1878 sibi
700 1848 762 1878 ista
775 1848 971 1889 permittunt,
986 1848 1128 1889 quamvis
1151 1847 1200 1878 illi
1219 1847 1364 1878 meliores
1389 1846 1461 1882 sint,
1476 1845 1668 1887 indignatio-

204 1913 280 1934 nem
303 1902 442 1932 Deorum
464 1906 655 1943 provocent:
692 1912 754 1943 quo
786 1907 880 1943 pacto
906 1907 974 1933 tota
999 1901 1110 1933 civitas
1134 1901 1207 1943 jure
1235 1901 1465 1943 quodammodo
1492 1899 1668 1941 impietatis

204 1956 334 1988 crimine
349 1961 504 1987 teneatur.
527 1956 629 1997 legum
647 1955 776 1997 quidem
790 1956 880 1987 latori
895 1956 986 1987 Deus
1001 1956 1129 1988 minime
1140 1956 1298 1988 irascetur.
1322 1956 1373 1987 lex
1388 1956 1474 1986 enim
1486 1955 1537 1992 sit,
1549 1955 1667 1986 sacella

203 2010 345 2041 Deorum
361 2010 517 2041 neminem
534 2010 564 2039 in
580 2010 710 2050 privatis
725 2010 869 2041 domibus
880 2010 1051 2051 possidere.
1075 2010 1102 2041 si
1118 2021 1193 2042 vero
1205 2010 1361 2052 quispiam
1374 2009 1532 2046 habuisse,
1544 2008 1664 2040 sacrifi-

202 2074 351 2104 casseque
379 2063 454 2094 alibi
479 2073 573 2104 quam
599 2063 630 2094 in
658 2064 790 2105 publicis
820 2063 1098 2105 deprehendatur:
1123 2064 1176 2106 qui
1199 2064 1309 2101 sensit,
1335 2064 1376 2095 ad
1398 2064 1502 2104 legum
1519 2061 1665 2094 custodes

202 2118 332 2149 deferat.
354 2117 416 2158 ipsi
445 2122 559 2153 autem,
586 2118 612 2148 si
636 2118 714 2148 nihil
737 2119 845 2159 magni
872 2119 998 2150 sceleris
1024 2129 1043 2149 a
1068 2118 1183 2150 semina
1208 2119 1275 2150 sive
1300 2128 1320 2149 a
1344 2118 1408 2149 viro
1423 2118 1540 2149 sactum
1552 2117 1604 2154 sit,
1619 2116 1661 2147 ad

203 2171 330 2213 publica
352 2171 470 2212 templa
492 2171 623 2212 jubeant
653 2171 772 2212 privata
793 2181 881 2203 sacra
896 2172 1035 2203 deferri:
1067 2178 1100 2203 et
1131 2173 1157 2203 si
1196 2183 1261 2203 non
1286 2172 1372 2203 illico
1409 2173 1516 2203 delata
1537 2171 1665 2207 fuerint,

202 2226 367 2262 mulctent,
393 2225 496 2256 donec
522 2225 711 2257 deserantur.
734 2226 760 2256 si
784 2226 852 2268 quis
870 2231 972 2256 autem
987 2237 1051 2257 non
1066 2227 1221 2268 puerilem
1235 2226 1291 2257 sed
1307 2226 1454 2256 nefariam
1470 2224 1664 2267 impietatem

202 2280 402 2316 commiserit,
429 2280 495 2310 sive
517 2279 551 2310 in
576 2280 640 2311 suis
662 2281 809 2322 privatim
833 2281 897 2312 sive
911 2281 943 2311 in
960 2281 1087 2322 publico
1102 2281 1246 2312 Deorum
1261 2281 1348 2311 cultu
1359 2279 1566 2311 sacrificando
1581 2279 1663 2310 deli-

200 2335 312 2377 querit,
341 2339 454 2375 morte,
477 2338 512 2364 ut
535 2334 655 2376 impure
682 2336 872 2373 sacrificans,
896 2335 1136 2367 condemnetur.
1170 2335 1291 2377 puerile
1315 2345 1390 2365 vero
1418 2344 1486 2365 esse
1512 2334 1564 2364 vel
1585 2343 1663 2370 non,
1693 2337 1698 2342 ’

200 2389 345 2422 custodes
371 2390 476 2431 legum
493 2389 647 2431 judicent,
674 2394 852 2432 tractosque
876 2391 920 2422 ita
940 2391 1057 2433 impios
1083 2392 1114 2422 in
1131 2389 1289 2432 judicium
1304 2388 1476 2430 impietatis
1497 2397 1569 2420 reos
1589 2397 1659 2419 esse

199 2444 372 2476 declarent.

802 2683 939 2735 LIB.
980 2682 1080 2732 XI.

190 2814 291 2857 [913]
316 2815 506 2851 Seoumun,
531 2821 566 2847 ut
589 2817 728 2849 dicamus
752 2817 791 2848 de
808 2818 920 2859 pactis,
938 2817 1239 2857 convenientemque
1261 2813 1300 2845 iis
1315 2813 1454 2844 ordinem
1469 2811 1654 2844 tribuamus.

194 2869 326 2910 simplex
353 2874 459 2900 autem
485 2870 563 2901 illud
592 2872 654 2902 sit:
679 2878 714 2902 ut
733 2882 792 2903 nec
819 2882 890 2902 mea
912 2872 1076 2913 quisquam
1100 2881 1157 2912 pro
1181 2869 1297 2900 viribus
1318 2873 1438 2909 tangat,
1455 2877 1515 2898 nec
1529 2872 1655 2898 moveat

194 2933 330 2954 nieorum
356 2923 523 2964 quicquam
547 2925 641 2956 eliam
666 2926 840 2963 minimum,
867 2926 925 2956 nisi
954 2926 1030 2956 mihi
1060 2923 1259 2966 persuaserit.
1284 2927 1378 2964 atque
1390 2931 1448 2962 ego
1468 2920 1563 2957 idem,
1579 2920 1655 2955 dum
