1840 3225
242 209 319 247 346
834 201 1103 243 PLATONIS
1608 205 1706 256 [747

246 312 339 341 finem
355 310 524 351 imponere.
551 320 613 351 quo
630 309 714 340 facto
728 309 935 340 communiter
950 319 1018 340 cum
1035 309 1091 339 illo
1105 306 1293 343 consideret,
1308 306 1386 348 quid
1399 317 1440 338 ex
1453 305 1548 338 dictis
1561 306 1714 341 conferat,

241 365 358 406 quidve
374 364 509 395 ferendis
527 364 647 405 legibus
661 363 852 395 adversetur.
874 373 946 395 nam
971 374 1051 405 opus
1079 362 1218 403 undique
1233 361 1293 392 sibi
1308 361 1368 403 ipsi
1382 360 1592 396 consentiens,
1607 360 1716 391 artifex

244 419 345 449 omnis
363 419 479 460 ubique
495 429 586 461 agere
603 417 825 455 debet,'etiam
850 418 883 448 in
899 429 932 449 re
949 418 1076 448 minima
1095 429 1101 447 2
1127 417 1153 448 si
1169 415 1262 448 modo
1277 416 1316 447 sit
1330 415 1455 447 laudem
1481 420 1716 447 consecuturus.

246 472 341 503 Nunc
352 474 418 517 jam
430 478 503 514 post
515 473 683 504 duodecim
697 473 830 515 partium
856 473 1104 503 distributionem
1129 470 1441 503 animadvertendum
1457 475 1515 507 est,
1530 468 1626 512 quod,
1641 478 1714 500 cum

243 527 414 558 duodecim
430 533 534 569 partes
560 528 629 558 istae
644 527 794 570 plurimas
809 527 842 558 in
859 538 893 557 se
922 527 1080 568 portiones
1106 525 1364 567 portionibusque
1380 533 1524 556 connexa
1537 529 1572 556 et
1583 523 1717 556 orientia

245 591 282 611 ex
302 582 452 613 connexis
475 582 622 618 habeant,
638 592 737 624 usque
767 581 807 613 ad
822 582 960 624 quinque
987 581 1088 612 millia
1104 586 1136 611 et
1165 580 1383 622 quadraginta.
1406 580 1490 611 unde
1505 584 1540 610 et
1569 578 1669 609 tribus
1684 582 1718 608 et

243 640 354 677 gentes
370 641 402 666 et
416 636 502 667 vicos
516 637 643 673 habent,
660 642 691 667 et
709 636 749 667 ad
763 647 827 667 rem
845 637 992 667 bellicam
1015 636 1142 667 ordines
1157 641 1251 677 atque
1267 634 1390 672 ductus,
1403 643 1548 665 nummos
1561 638 1716 675 praeterea

243 695 276 720 et
290 700 452 721 mensuras
465 690 618 722 siccorum
635 695 730 732 atque
747 691 955 727 humidorum,
972 697 1006 721 et
1029 691 1169 732 pondera
1184 689 1338 726 similiter,
1354 690 1422 720 haec
1437 687 1544 719 omnia
1555 696 1717 718 commen-

244 751 352 775 surata
364 749 397 774 et
413 755 550 776 consona
576 745 658 776 inter
674 755 708 776 se
736 755 755 776 a
778 745 955 786 legislatore
979 745 1115 776 ordinari
1143 745 1272 775 debent.
1295 749 1448 785 praeterea
1464 742 1637 773 timendum
1652 751 1717 772 non

244 803 292 829 est
306 798 574 840 pusillanimitatis
602 799 722 841 opinio,
739 799 828 841 quasi
856 809 953 841 parva
981 799 1114 830 nimium
1145 797 1393 834 considerentur,
1409 798 1436 828 si
1450 798 1521 839 quis
1544 797 1667 839 jubeat,
1682 803 1720 826 ut

244 863 320 883 vasa
332 858 364 883 et
377 854 588 894 supellectilia
603 853 719 885 civium
745 853 850 884 omnia
879 863 1054 884 mensuram
1082 854 1219 884 habeant
1234 863 1331 890 suam,
1347 853 1533 894 nullumque
1549 851 1617 882 sine
1631 855 1719 882 certa

242 917 385 938 mensura
399 907 596 948 possideatur
614 919 620 937 :
648 907 745 950 [747]
761 912 794 938 et
818 908 974 938 communi
998 907 1119 938 ratione
1144 912 1273 938 censeat
1295 906 1336 938 ad
1364 906 1469 938 omnia
1482 905 1636 948 perutiles
1648 915 1717 936 esse

245 971 443 992 numerorum
474 961 660 1002 partitiones
684 962 927 1003 varietatesque,
952 961 1125 993 secundum
1150 972 1229 1003 quas
1257 966 1290 992 et
1317 960 1379 1003 ipsi
1394 961 1525 992 interse
1539 960 1627 1002 ipsos
1641 959 1719 990 varii

243 1021 328 1051 sunt,
345 1016 422 1046 etin
439 1016 639 1058 longitudine
655 1021 688 1047 et
703 1016 917 1058 profunditate
933 1027 969 1048 ac
985 1017 1114 1048 vocibus
1130 1017 1311 1047 varietatem
1326 1015 1497 1058 accipiunt,
1524 1014 1560 1045 in
1585 1013 1722 1045 motibus

243 1080 381 1111 qnoque,
410 1075 475 1101 tam
504 1076 588 1102 recto
616 1075 704 1102 motu
730 1070 933 1102 ascendendo
961 1072 1013 1102 vel
1041 1070 1277 1108 descendendo,
1299 1080 1393 1112 quarn
1423 1069 1566 1102 circuitu.
1582 1067 1629 1100 ad
1651 1069 1721 1099 haec

245 1124 351 1155 omnia
368 1125 412 1155 ita
426 1125 582 1166 respicere
609 1125 705 1156 debet
728 1125 899 1166 legislator,
915 1131 951 1156 ut
980 1125 1103 1157 civibus
1127 1126 1271 1157 omnibus
1297 1124 1472 1167 praecipiat,
1485 1134 1529 1156 ne
1557 1123 1597 1155 ab
1610 1122 1720 1164 hujus-

245 1177 331 1209 modi
361 1189 556 1210 numerorum
583 1179 706 1216 ordine,
733 1179 839 1221 quoad
862 1185 1005 1222 possunt,
1021 1180 1199 1211 discedant.
1221 1180 1309 1211 nulla
1324 1179 1407 1211 enim
1422 1179 1484 1210 alia
1497 1189 1561 1211 una
1576 1176 1720 1220 pueritia:

245 1232 425 1274 disciplina,
454 1233 495 1264 ad
523 1234 570 1264 rei
595 1233 754 1265 familiaris
785 1234 1055 1276 gubernationem,
1084 1235 1122 1266 ad
1152 1235 1392 1276 rempublicam,
1407 1233 1449 1266 ad
1472 1238 1555 1265 artes
1584 1232 1723 1274 denique

243 1287 403 1318 universas
415 1292 535 1318 tantam
547 1289 643 1319 habet
657 1288 731 1324 vim,
745 1293 894 1330 quantam
906 1288 1084 1330 hujusmodi
1099 1299 1300 1320 numerorum
1313 1289 1462 1331 cognitio.
1472 1287 1620 1330 quodque
1636 1297 1722 1318 max·

244 1341 340 1371 imum
372 1347 430 1378 est,
447 1343 658 1373 somnolentos
689 1343 785 1373 etiam
811 1349 844 1374 et
876 1349 988 1375 natura
1016 1344 1112 1375 rudes
1135 1344 1316 1379 exsuscitat,
1341 1348 1375 1374 et
1401 1343 1532 1379 dociles,
1551 1351 1719 1378 memore8‚

243 1396 452 1436 sollertesque
476 1395 563 1432 facit,
578 1402 692 1437 praeter
721 1401 863 1428 naturam
887 1408 974 1428 suam
1006 1398 1114 1429 divina
1142 1403 1208 1429 arte
1231 1397 1441 1439 proficientes.
1487 1397 1568 1434 Quae
1589 1395 1719 1439 quidem

244 1449 362 1486 onmia,
378 1450 406 1480 si
419 1450 512 1481 modo
528 1450 651 1492 legibus
667 1451 735 1482 aliis
762 1456 856 1492 atque
877 1451 986 1482 officiis
1012 1451 1207 1483 illiberalitas
1233 1457 1265 1482 et
1279 1452 1412 1483 avaritia
1426 1461 1466 1483 ex
1482 1461 1590 1483 eorum
1604 1450 1717 1482 animis

245 1504 416 1545 exstirpata
431 1504 482 1541 sit,
498 1505 553 1546 qui
569 1515 607 1535 ea
622 1505 814 1536 sufficienter
828 1510 861 1536 et
875 1505 994 1537 utiliter
1009 1507 1182 1547 suscepturi
1198 1505 1275 1543 sint,
1291 1507 1375 1538 bona
1388 1505 1567 1537 rudimenta
1582 1509 1616 1536 et
1628 1515 1715 1536 corn·

244 1557 338 1589 moda
351 1563 432 1590 sunt.
457 1559 506 1589 sin
521 1559 635 1595 minus,
651 1558 774 1590 malitia
801 1560 873 1591 hine.
889 1561 993 1601 potius
1008 1571 1100 1602 quam
1129 1560 1286 1602 sapientia
1311 1561 1392 1592 clam
1420 1560 1576 1602 originem
1589 1559 1695 1591 nabet
1709 1570 1717 1588 ε

244 1612 328 1654 quod
356 1612 514 1655 AEgyptiis
529 1619 563 1644 et
592 1614 795 1645 Phoenicibus
817 1614 986 1656 multisque
1011 1614 1081 1645 aliis
1104 1615 1250 1656 gentibus
1269 1625 1353 1646 nunc
1379 1614 1520 1646 videmus
1535 1613 1720 1656 contingere

245 1672 374 1708 propter
388 1673 561 1698 ceterarum
576 1668 687 1698 artium
705 1667 953 1709 facultatumque
969 1669 1214 1700 illiberalitatem
1233 1681 1240 1700 ε
1266 1669 1332 1701 sive
1347 1669 1419 1712 quis
1432 1669 1519 1700 rudis
1532 1668 1720 1711 legumlator

244 1721 276 1751 id
294 1721 416 1757 fecerit,
433 1722 499 1752 sive
512 1722 636 1752 fortuna
649 1722 781 1758 infensa,
797 1723 863 1753 sivo
880 1723 942 1754 alia
958 1723 1134 1765 hujusmodi
1149 1723 1294 1765 quaedam
1309 1729 1431 1756 natura.
1453 1734 1513 1755 nec
1527 1723 1614 1755 enim
1627 1722 1722 1759 illud,

244 1786 262 1806 o
287 1775 393 1808 Cli'nia
420 1781 454 1807 et
481 1776 627 1818 Megille,
657 1787 715 1808 nos
741 1777 852 1819 fugiat,
880 1788 1028 1819 magnam
1058 1788 1126 1809 esse
1155 1779 1292 1810 locorum
1323 1778 1365 1809 ad
1394 1778 1541 1810 ferendos
1574 1777 1720 1808 meliores

243 1830 432 1872 pejoresque
450 1831 592 1862 homines
607 1831 819 1862 differentiam
838 1844 844 1861 :
871 1832 982 1874 quibus
1005 1832 1141 1870 diversa,
1153 1838 1246 1875 prout
1261 1833 1398 1875 expedit,
1413 1832 1535 1874 legibus
1547 1831 1721 1863 sancienda

243 1890 326 1917 sunt.
349 1884 467 1926 qnippe
498 1885 550 1915 alii
580 1886 732 1917 varietate
762 1891 923 1917 ventorum
954 1892 988 1917 et
1011 1887 1132 1919 turbine
1163 1887 1308 1919 difficiles
1336 1893 1368 1919 et
1396 1887 1532 1929 protervi
1543 1892 1617 1918 sunt
1633 1897 1640 1916 :
1666 1883 1723 1916 alii

244 1944 370 1980 propter
386 1949 481 1979 aquas
497 1951 505 1977 3
529 1939 582 1970 alii
598 1946 725 1981 propter
740 1940 836 1977 cibos,
865 1941 917 1982 qni
949 1952 988 1972 ex
1004 1947 1086 1973 terra
1100 1953 1165 1973 non
1181 1942 1283 1973 solum
1295 1942 1475 1984 corporibus
1490 1939 1648 1974 commodi
1662 1945 1718 1971 aut

243 1993 434 2024 incommodi
451 1994 601 2030 oriuntur,
628 2005 735 2025 verum
757 1994 869 2025 animis
894 2006 1019 2037 quoque
1044 2007 1106 2027 non
1134 1997 1248 2028 minus.
1269 1996 1406 2028 maxime
1430 1999 1536 2027 autem
1550 1995 1621 2026 loca
1637 1994 1720 2036 regi-

243 2047 313 2077 onis
339 2046 499 2084 differunt,
516 2048 548 2078 in
577 2049 688 2089 quibus
716 2049 880 2090 inspiratio
896 2051 1041 2091 quaedam
1072 2051 1181 2082 divina
1208 2057 1267 2088 est,
1284 2057 1317 2082 et
1343 2061 1414 2093 quae
1440 2051 1600 2082 daemones
1617 2049 1720 2080 sortiti

245 2106 326 2137 sunt,
342 2101 395 2142 qui
426 2102 605 2132 habitantes
634 2103 759 2144 propitii
785 2104 835 2133 vel
867 2110 974 2134 contra
1003 2105 1186 2146 suscipiunt.
1210 2106 1325 2147 quibus
1353 2115 1411 2146 pro
1437 2105 1575 2135 humano
1590 2103 1721 2146 ingenio

245 2155 464 2191 consideratis,
480 2156 591 2186 mentis
615 2167 745 2198 compos
760 2157 866 2198 legum
882 2158 1037 2196 conditor,
1051 2170 1084 2189 se
1111 2159 1152 2190 ad
1175 2160 1262 2201 leges
1276 2159 1423 2190 serendas
1437 2163 1611 2190 convertet.
1633 2157 1718 2199 quod

245 2214 273 2239 et
293 2209 349 2239 tibi
365 2214 423 2245 est,
439 2220 458 2240 0
482 2210 598 2246 Clinia,
615 2210 806 2241 faciendum.
830 2212 915 2252 prius
941 2213 1025 2243 enim
1053 2215 1120 2244 inec
1148 2213 1205 2244 tibi
1222 2213 1503 2244 animadvertenda
1518 2217 1604 2248 sunt,
1621 2221 1719 2253 quam

248 2263 377 2294 habitari
394 2263 491 2295 facias
514 2265 687 2306 regionem.
733 2264 810 2296 CLr.
834 2265 980 2307 Egregie,
1008 2278 1027 2298 ο
1055 2267 1257 2299 Atheniensis
1280 2268 1406 2310 hospes,
1434 2268 1501 2299 liaec
1517 2267 1574 2298 abs
1588 2271 1619 2298 te
1635 2265 1722 2298 dicta

245 2323 326 2349 sunt.
351 2329 444 2359 quare
461 2324 491 2349 et
509 2319 583 2350 mihi
599 2320 643 2350 ita
659 2325 706 2350 est
722 2319 918 2353 faciendum.

877 2523 1015 2573 LIB.
1055 2524 1148 2574 Vl.

247 2633 344 2675 [751]
370 2634 459 2665 Ροετ
484 2637 602 2673 omnia,
629 2647 698 2678 quan
729 2638 880 2669 hactenus
909 2637 1055 2673 diximus,
1085 2638 1181 2669 ferme
1205 2638 1270 2680 jam
1301 2636 1500 2678 magistratus
1527 2634 1561 2667 in
1585 2635 1714 2667 civitate

244 2688 455 2719 constituendi
485 2690 640 2721 videntur.
687 2692 764 2724 Cm.
786 2691 836 2723 lta
864 2698 959 2724 certe.
1006 2692 1146 2724 Arni-:su
1170 2691 1252 2723 Duae
1281 2691 1422 2733 profecto
1451 2691 1501 2721 hae
1530 2689 1653 2732 species
1681 2690 1713 2721 in

243 2746 353 2773 ornatu
367 2742 548 2784 reipublicae
564 2751 647 2777 sunt.
671 2747 773 2787 prima
788 2746 1025 2789 magistratuum
1042 2747 1224 2779 constitutio
1238 2758 1244 2777 τ
1269 2751 1345 2788 quot
1364 2755 1435 2776 esse
1450 2748 1637 2787 oporteatet
1650 2754 1720 2786 quo

246 2801 339 2836 paeto
354 2798 514 2831 constitui.
537 2800 633 2831 altera
649 2801 752 2842 legum
767 2801 905 2833 redditio
918 2802 1150 2843 magistratibus
1166 2813 1172 2831 :
1199 2811 1282 2843 quoe,
1297 2805 1374 2843 quot
1388 2799 1559 2842 qualesque
1573 2799 1639 2831 sint
1648 2799 1713 2830 sin-

245 2851 326 2891 gulis
356 2858 587 2884 consentaneae.
619 2854 672 2885 sed
702 2867 881 2898 parumper,
912 2863 1082 2898 antequam
1112 2857 1306 2897 magistratus
1332 2854 1498 2896 eligamus.
1519 2853 1715 2889 commorati,

244 2907 394 2938 nonnulla
418 2907 458 2939 ad
485 2908 621 2949 ipsorum
646 2910 832 2944 electionem
858 2911 1047 2954 pertinentia
1074 2912 1279 2945 declaremus.
1336 2910 1411 2942 Cu.
1436 2911 1592 2948 Qua-nam
1615 2908 1715 2942 haec?
