1840 3225
179 226 278 276 609]
604 228 678 266 DE
708 228 1014 267 REPUBLICA
1048 228 1145 268 LIB.
1169 231 1218 267 X.
1562 231 1640 269 229

177 339 267 360 aures
300 329 434 362 dominae
460 331 576 362 latrans
611 331 645 361 id
674 331 849 371 significat:
885 336 929 366 et,
963 341 1096 371 magnus
1129 332 1184 362 illc
1221 333 1253 362 in
1290 332 1480 364 dementium
1519 334 1638 364 vanilo—

177 384 281 424 quiis:
312 391 356 421 et,
378 385 468 416 turbu
483 385 767 426 superstitiosorum
791 385 969 425 sapientum
996 395 1207 426 exsuperans:
1237 387 1324 422 item,
1339 387 1422 428 quod
1446 388 1564 419 dictum
1580 394 1640 421 est.

179 439 235 479 qui
250 439 372 470 minuta
384 445 416 470 et
429 440 537 470 tenuia
551 439 753 475 meditantur,
770 444 955 480 paupertate
983 446 1183 480 premuntur:
1209 447 1302 481 atque
1319 442 1381 472 alia
1401 442 1641 472 innumerabilia

176 492 264 533 signa
279 493 387 524 harum
403 493 631 524 contrarietatis
646 499 809 534 apparent.
832 499 1037 523 veruntamen
1054 494 1085 523 id
1103 505 1227 535 quoque
1241 494 1372 531 dicatur,
1390 496 1473 536 quod
1488 497 1514 526 si
1528 497 1637 537 volup-

176 547 250 576 tatis
263 547 405 577 ministra
420 547 526 587 poiisis
541 547 737 588 imitatioque
754 547 922 588 quicquam
947 549 986 578 ad
1004 557 1075 578 eam
1100 549 1256 579 rationem
1282 549 1394 580 afferre
1422 551 1531 590 possit,
1554 556 1589 580 ut
1604 551 1637 580 in

177 600 305 631 civitate
320 606 405 631 recte
420 601 566 631 instituta
588 601 689 641 accipi
705 601 830 637 debeat,
852 601 987 632 libenter
1009 602 1209 642 accipiemus,
1228 608 1262 633 ut
1282 603 1350 644 ejus
1374 604 1510 634 fruamur
1531 605 1637 634 oblec-

176 655 342 687 tamentis:
365 655 411 685 ita
427 655 512 684 enim
527 655 616 685 nobis
631 655 692 695 ipsi
709 655 826 686 conscii
842 666 959 686 sumus.
981 656 1152 692 enimvero,
1169 658 1252 697 quod
1268 667 1377 687 verum
1404 657 1538 694 videtur,
1566 668 1637 699 pro—

175 707 250 738 dere
265 707 355 739 nefas
369 714 428 739 est.
472 709 558 740 Nam
570 715 602 739 et
616 716 661 745 tu,
677 719 696 740 o
711 709 823 745 amice,
839 720 944 740 nonne
962 711 1000 740 ab
1016 720 1055 741 ea
1069 711 1228 746 mulcens,
1244 711 1416 751 praesertim
1444 712 1636 743 Homerica?

174 760 289 793 GLAu.
313 762 427 793 Valde.
471 763 527 794 So.
550 763 602 793 An
617 774 681 794 non
693 774 814 804 {equum
832 770 881 795 est
892 775 963 794 eam
979 765 1103 805 prodire
1118 765 1152 795 in
1170 765 1307 796 medium
1315 775 1386 796 sese
1399 766 1637 802 defendentem,

172 816 223 846 vel
250 816 410 847 cantilena
424 817 474 847 vel
486 822 587 848 metro
603 817 713 858 quovis
736 817 821 848 alio'.
869 818 986 849 GLAL'.
1009 819 1160 849 Omnino.
1205 819 1257 849 So.
1282 820 1502 850 Concedamus
1527 821 1636 862 utique

170 869 268 911 ipsius
283 871 509 907 defensoribus,
530 871 707 913 quicunque
732 872 836 913 poetae
860 873 989 913 quidem
1013 884 1077 903 non
1101 878 1184 909 sunt,
1208 874 1262 903 sed
1292 874 1457 914 poctarum
1484 875 1588 914 amici,
1603 882 1638 906 ut

171 924 288 966 absque
304 924 441 955 carmine
454 935 526 956 eam
541 925 726 962 defendant,
743 932 920 957 asserentes
935 937 1007 957 eam
1021 937 1085 958 non
1100 927 1194 958 modo
1204 927 1388 968 jucundam,
1404 928 1461 958 sed
1478 934 1511 959 et
1524 929 1635 959 utilem

170 988 238 1009 esse
255 979 294 1009 ad
310 979 536 1020 rempublicam
551 986 584 1011 et
599 980 760 1010 hominum
776 980 873 1011 vitam
887 981 1124 1011 instituendam.
1146 990 1241 1022 quam
1265 981 1392 1022 quidem
1418 982 1637 1013 defensionem

172 1043 262 1074 aequo
277 1033 382 1064 animo
398 1035 651 1065 auscultabimus.
672 1035 759 1066 lucro
782 1036 867 1065 enim
890 1035 924 1065 id
950 1035 1040 1066 nobis
1060 1035 1126 1066 fore
1153 1035 1377 1072 existimamus,
1401 1036 1429 1066 si
1443 1046 1505 1067 non
1530 1038 1636 1068 suavis

170 1092 304 1123 tantum,
323 1097 427 1118 verum
453 1088 546 1119 etiam
575 1089 662 1119 utilis
685 1089 775 1119 nobis
803 1094 962 1129 appareat.
1009 1089 1125 1120 Gtau.
1148 1089 1235 1127 Quid
1261 1090 1374 1126 obstat,
1401 1091 1476 1131 quin
1500 1092 1585 1122 lucro
1600 1092 1634 1123 id

170 1141 304 1172 futurum
320 1141 381 1172 sit!
425 1142 481 1173 So.
505 1142 666 1184 Alioquin,
682 1153 701 1173 o
717 1143 821 1173 dulcis
836 1143 948 1179 amice,
965 1143 1230 1185 quemadmodum
1245 1145 1299 1184 qui
1310 1145 1498 1186 quandoque
1514 1146 1634 1188 aliquid

172 1201 366 1232 amaverunt,
383 1196 410 1226 si
426 1196 542 1227 deinde
559 1203 711 1228 censeant
725 1207 863 1228 amorem
879 1198 938 1228 sibi
953 1198 1043 1228 illurn
1058 1198 1204 1228 inutilem
1226 1198 1302 1234 fore,
1328 1199 1404 1229 licet
1430 1209 1512 1240 aegre
1528 1209 1635 1231 amare

171 1249 336 1287 desistant,
349 1251 497 1281 desinunt
510 1258 616 1281 tamen
629 1262 635 1280 z
660 1252 705 1282 ita
720 1257 751 1282 et
768 1262 835 1287 nos,
851 1257 978 1292 propter
993 1252 1166 1292 ingenitum
1183 1252 1274 1282 nobis
1289 1253 1362 1282 talis
1374 1253 1479 1293 po'e'sis
1495 1264 1632 1284 amorem

170 1315 208 1335 ex
225 1305 422 1346 pulchrarum
438 1316 541 1335 rerum
565 1305 758 1346 publicarum
783 1306 981 1342 educatione,
1007 1306 1105 1347 [608]
1129 1306 1264 1347 benig-ne
1293 1306 1421 1347 quidem
1437 1308 1633 1348 exspectabi-

170 1369 248 1395 mus,
264 1366 299 1390 ut
312 1359 432 1400 optima
447 1359 671 1400 verissimaque
689 1365 850 1400 appareat,
863 1370 1024 1401 quousque
1040 1365 1147 1390 tamen
1162 1360 1313 1390 rationem
1326 1371 1383 1400 pro
1392 1371 1424 1390 se
1439 1361 1506 1401 ipsa
1521 1362 1634 1393 afferre

168 1423 232 1445 non
255 1414 381 1454 poterit,
398 1413 443 1444 ita
469 1423 541 1444 eam
565 1414 739 1450 audiemus,
763 1419 798 1444 ut
821 1414 961 1445 oratione
986 1424 1080 1455 supra
1096 1424 1115 1444 a
1130 1414 1219 1444 nobis
1246 1414 1389 1454 exposita
1412 1416 1634 1457 nosmetipsos,

168 1467 267 1498 veluti
281 1468 418 1509 quadam
433 1467 648 1498 incantatione
665 1469 814 1498 adversus
828 1468 968 1509 pericula
993 1468 1191 1499 imminentia
1213 1469 1401 1505 muniamus,
1429 1476 1578 1500 caventes
1592 1481 1634 1501 ne

167 1521 291 1553 deliciis
301 1522 459 1553 amatoriis
474 1522 622 1563 vulgique
639 1522 828 1552 amatoribus
843 1533 946 1553 rursus
970 1522 1156 1553 irretiamur.
1199 1523 1284 1553 Illud
1301 1533 1424 1564 quoque
1451 1525 1634 1562 sentiemus,

167 1586 231 1607 non
245 1577 292 1607 ita
306 1587 375 1607 esse
391 1576 568 1618 hujusmodi
582 1576 673 1618 poesi
685 1577 886 1612 studendum,
898 1577 988 1618 quasi
1002 1586 1076 1607 vera
1091 1577 1132 1607 sit
1143 1581 1197 1607 aut
1211 1577 1308 1607 seria:
1335 1587 1438 1608 verum
1456 1580 1633 1610 cavendum

166 1629 205 1661 ab
221 1640 261 1661 ea
274 1630 414 1661 audienti
429 1631 542 1671 cuique
558 1635 607 1661 est
621 1630 823 1671 interiorique
848 1631 946 1661 animi
962 1631 1009 1661 sui
1025 1631 1072 1661 rei
1094 1631 1227 1672 publicae
1256 1632 1408 1662 metuenti
1423 1643 1430 1662 z
1455 1638 1488 1662 et
1503 1643 1572 1674 qua:
1588 1635 1630 1665 de

166 1684 255 1725 potis}
270 1685 474 1721 narravimus,
491 1684 530 1715 de
546 1685 604 1715 hac
626 1695 748 1725 prorsus
772 1684 991 1715 existimanda.
1037 1684 1153 1716 GLAU.
1177 1685 1350 1716 Consentio
1375 1687 1534 1727 equidem.
1577 1688 1631 1719 So.

164 1739 286 1780 Ingens
308 1749 409 1780 porro,
425 1749 444 1770 0
460 1739 559 1769 amice
585 1738 743 1775 Glaucon,
771 1739 896 1780 ingens,
919 1749 1023 1780 neque
1051 1744 1203 1780 quantum
1226 1740 1359 1776 videtur,
1386 1746 1435 1771 est
1460 1747 1632 1777 certamen,

165 1793 279 1825 bonum
295 1793 377 1824 effici
392 1799 446 1824 aut
460 1792 588 1824 malum.
612 1793 815 1834 quamobrem
830 1804 935 1834 neque
945 1794 1149 1834 pecuniarum
1162 1794 1261 1835 gratia
1274 1804 1378 1834 neque
1391 1795 1515 1825 honoris
1527 1805 1630 1837 neque

164 1848 315 1889 potentiae
330 1858 433 1890 neque
444 1848 564 1889 poetici
578 1848 673 1878 ullius
687 1847 912 1878 oblectamenti
922 1847 1074 1889 justitiam
1104 1853 1288 1888 ceterasque
1313 1848 1445 1878 virtutes
1470 1849 1631 1889 negligere

162 1902 259 1933 dicet.
304 1901 418 1934 GLAU.
453 1902 614 1933 Assentior
641 1901 786 1943 equidem
816 1912 854 1932 ex
881 1902 930 1932 his
955 1901 1138 1937 rationibus,
1167 1912 1236 1942 quae
1261 1902 1454 1932 narravimus
1468 1913 1474 1932 :
1499 1903 1630 1935 arbitror

163 1962 280 1992 autem,
294 1962 326 1987 et
339 1956 481 1997 quemvis
496 1956 593 1986 alium
609 1955 720 1986 eadem
736 1956 960 1986 confessurum.
1004 1956 1061 1985 So.
1087 1956 1183 1996 Atqui
1198 1955 1342 1996 ingentia
1355 1956 1478 1986 virtutis
1498 1958 1628 1997 prwmia

162 2011 386 2051 mercedesque
402 2010 450 2040 illi
461 2010 635 2051 propositas
648 2020 849 2051 nequaquam
869 2009 1072 2040 narravimus.
1117 2010 1233 2040 (imo.
1256 2009 1415 2040 lmmensa
1440 2011 1520 2041 dicis
1545 2022 1584 2052 pr
1593 2023 1625 2039 r-

163 2065 236 2100 mia,
253 2064 278 2094 si
294 2074 358 2105 qua
373 2064 488 2106 majora
502 2070 575 2094 sunt
591 2064 638 2095 his
654 2074 724 2105 quae
744 2064 918 2094 retulimus.
963 2064 1019 2094 So.
1043 2063 1129 2100 Quid
1157 2073 1302 2103 magnum
1324 2063 1410 2094 brevi
1424 2064 1457 2095 in
1484 2069 1626 2107 tempore

162 2129 231 2149 esse
248 2119 377 2160 potest?
398 2128 513 2159 nempe
530 2128 622 2149 omne
639 2120 698 2149 hoc
714 2124 839 2160 tempus
854 2129 872 2148 a
887 2118 1024 2159 pueritia
1039 2117 1079 2148 ad
1095 2118 1266 2148 senectutis
1281 2124 1464 2155 extremum,
1481 2120 1628 2161 exiguum

160 2173 308 2214 quiddam
326 2178 374 2204 est
389 2173 429 2203 ad
445 2173 634 2203 universum.
679 2172 795 2203 Gmu.
819 2173 920 2203 Immo
935 2183 1009 2203 vero
1024 2172 1117 2202 nihil.
1159 2172 1214 2203 So.
1238 2171 1453 2203 Immortalem
1467 2183 1540 2204 vero
1560 2184 1628 2205 rem

160 2238 272 2259 censes
286 2227 372 2258 brevi
390 2229 448 2258 hoc
464 2237 520 2268 pro
534 2233 675 2268 tempore
691 2226 832 2268 quidem,
849 2237 906 2267 pro
920 2227 1064 2257 universo
1087 2236 1162 2256 vero
1187 2236 1396 2267 nequaquam,
1422 2226 1538 2258 debere
1555 2238 1625 2259 esse

158 2282 350 2314 sollicitam?
395 2281 510 2312 Grau.
533 2281 594 2312 Pro
608 2281 694 2311 omni
709 2287 805 2312 certe.
827 2281 885 2312 sed
900 2290 1044 2321 quorsum
1062 2281 1154 2311 inec?
1198 2280 1254 2310 So.
1278 2281 1329 2310 An
1352 2281 1478 2321 ignoras
1503 2282 1625 2313 immor-

158 2335 252 2366 talem
269 2345 338 2366 esse
351 2336 484 2367 bominis
497 2335 634 2366 annnam
650 2341 684 2366 et
698 2336 737 2366 ab
753 2335 883 2366 interitu
897 2335 1053 2366 liberam?
1097 2334 1177 2365 Tum
1193 2340 1325 2375 repente
1340 2345 1507 2366 conversus
1522 2337 1554 2366 in
1571 2347 1623 2368 me

159 2388 304 2433 Glaucon
319 2389 550 2430 admiratusque
565 2390 682 2425 intulit,
701 2390 763 2421 Per
777 2389 900 2426 Jovem,
916 2390 1026 2430 ignoro
1051 2389 1199 2430 equidem
1215 2400 1222 2418 ε
1247 2394 1282 2419 tu
1307 2398 1381 2419 vero
1402 2389 1546 2430 nunquid
1573 2401 1622 2421 os-

155 2443 287 2474 tendere
298 2444 413 2483 potes‘!
456 2444 512 2474 80.
535 2443 642 2479 Certe,
657 2444 718 2474 nisi
741 2444 872 2486 injurius
897 2453 967 2474 esse
984 2443 1090 2474 velim.
1115 2447 1191 2483 puto
1218 2451 1325 2473 autem
1351 2448 1385 2473 et
1400 2449 1432 2474 te
1456 2443 1487 2473 id
1505 2454 1619 2484 posse:

157 2507 261 2539 neque
277 2498 360 2528 enim
377 2497 517 2528 difficile.
561 2497 678 2529 Grau.
699 2498 784 2529 Mihi
800 2498 928 2539 quidem
943 2497 1071 2528 difficile
1084 2496 1179 2528 istud.
1191 2501 1222 2527 te
1237 2506 1312 2527 vero
1326 2496 1460 2527 libenter
1470 2498 1622 2535 audirem,

160 2551 204 2588 id,
221 2551 307 2593 qnod
323 2561 420 2592 negas
435 2561 506 2581 esse
527 2550 666 2588 difficile,
693 2553 920 2584 declarantem.
965 2552 1021 2583 So.
1045 2551 1168 2581 Audies
1189 2550 1267 2592 jam.
1311 2550 1427 2581 Gmu.
1450 2550 1525 2582 Dic.
1567 2553 1625 2585 So.

155 2607 281 2638 Bonum
303 2606 421 2647 aliquid
443 2615 549 2641 vocae,
575 2611 607 2636 et
626 2607 744 2637 malum
764 2606 909 2648 aliquid!
955 2605 1070 2637 GtAu.
1105 2604 1206 2635 Voco.
1251 2604 1308 2635 So.
1331 2603 1484 2645 Nunquid
1508 2605 1549 2637 de
1573 2607 1624 2638 his

157 2659 244 2691 idem
266 2660 334 2696 tibi,
362 2659 447 2701 quod
479 2666 512 2690 et
551 2659 640 2695 mihi,
671 2659 816 2690 videtur?
861 2659 976 2691 Gtiu.
1000 2658 1085 2695 Quid
1100 2658 1112 2688 ἒ
1156 2658 1211 2688 So.
1242 2657 1369 2688 Malum
1405 2663 1482 2699 puto
1517 2670 1624 2697 omne,

154 2714 238 2756 quod
263 2714 407 2745 dissolvit
433 2719 528 2755 atque
552 2713 743 2755 corrumpit:
767 2715 851 2756 quod
868 2723 943 2745 vero
968 2717 1074 2744 servat
1098 2719 1132 2742 et
1148 2711 1249 2754 juvat,
1271 2711 1397 2743 bonum.
1443 2712 1558 2745 GLAu.
1580 2714 1623 2745 Et

156 2778 226 2809 ego.
270 2769 325 2800 So.
352 2769 516 2800 Bonumne
539 2768 652 2809 cuique
680 2768 808 2810 aliquod
822 2774 856 2799 et
878 2767 1005 2809 aliquod
1034 2766 1152 2797 malum
1175 2775 1246 2797 esse
1272 2765 1375 2797 dicis!
1397 2767 1497 2797 veluti
1521 2769 1623 2799 oculis

157 2821 257 2863 [609]
271 2823 493 2864 lippitudinem
510 2834 516 2851 :
542 2828 575 2853 et
589 2822 647 2853 toti
663 2822 785 2863 corpori
800 2823 940 2853 morbum
956 2833 962 2850 :
987 2820 1127 2862 frugibus
1153 2819 1294 2862 cibisque
1321 2820 1479 2862 aeruginen
1495 2833 1502 2850 :
1528 2822 1622 2862 liguis

157 2875 271 2906 cariem
287 2881 319 2906 et
334 2877 550 2917 putredinem:
576 2877 628 2907 aeri
644 2876 788 2918 ferroque
803 2876 978 2918 rubiginem
992 2886 997 2904 :
1023 2880 1129 2916 atque,
1145 2880 1179 2906 ut
1194 2874 1277 2911 dico,
1302 2874 1400 2905 ferme
1427 2875 1460 2905 in
1477 2875 1623 2906 omnibus

156 2929 326 2960 secuudum
343 2937 484 2961 naturam
507 2931 665 2972 proprium
693 2931 805 2972 cuique
826 2931 944 2962 malum
961 2941 998 2961 ac
1012 2929 1164 2961 morbum.
1208 2928 1323 2961 GLAU.
1340 2928 1522 2969 Equidem?
1566 2930 1620 2962 So.

159 2983 314 3019 Quotiens
329 2984 504 3026 hujusmodi
521 2986 687 3029 quicquam
704 2986 798 3018 alicui
813 2985 938 3023 accidit,
954 2985 1093 3018 deterius
1103 2984 1186 3022 illud
1193 2983 1299 3019 efficit,
1317 2993 1353 3020 ac
1367 2982 1503 3023 denique
1519 2988 1617 3016 totum
