1840 3225
247 239 325 279 126
857 235 1123 283 PLATONIS
1611 236 1709 289 [406

246 355 310 375 non
326 343 419 375 modo
436 340 528 374 omne
544 342 616 373 vitae
632 346 753 382 tempus
768 340 800 372 in
812 341 954 383 judiciis,
970 346 1035 371 tum
1051 336 1228 371 accusando
1244 345 1309 371 tum
1335 339 1537 372 defendendo
1563 341 1708 378 conterit,

249 399 302 429 sed
317 403 349 428 et
363 397 432 429 rudi
448 398 583 439 quadam
596 396 696 427 elatus
706 395 860 436 jactantia
876 396 907 426 in
924 396 970 426 his
986 395 1061 437 ipsis
1077 395 1212 436 negotiis
1238 394 1397 436 gloriatur,
1412 395 1501 436 quasi
1528 395 1568 426 sit
1595 402 1708 436 potens

248 453 287 483 ad
304 452 448 493 injuriam
464 451 672 489 inferendam,
688 450 814 492 suisque
834 449 975 481 versutiis
1004 460 1102 491 usque
1130 450 1210 480 adeo
1234 449 1426 491 tergiversari
1451 449 1564 490 valeat,
1577 455 1613 480 ut
1635 449 1708 479 nul-

249 505 293 537 las
309 506 487 548 injuriarum
504 505 604 536 solvat
629 515 758 546 poeuas3
781 504 834 546 qui
861 515 945 546 saepe
969 503 1164 534 minimarum
1190 503 1467 545 vilissimarumque
1491 513 1590 534 rerum
1615 513 1708 534 causa

248 566 311 591 tam
326 560 450 590 anxium
468 560 553 591 subit
573 559 756 601 negotium:
783 559 927 600 ignorans
955 564 1073 600 quanto
1100 557 1278 599 praeclarius
1304 568 1341 589 ac
1365 557 1475 588 melius
1499 563 1592 593 esset,
1607 557 1652 588 ita
1675 567 1709 588 se

247 625 435 656 comparare,
453 619 486 644 ut
503 614 599 644 nihilo
616 613 770 654 indigeret
791 613 900 654 judice
923 612 1123 643 dormiente?
1170 611 1284 643 Gne.
1309 611 1402 643 Certe
1427 612 1487 643 hoc
1514 611 1567 642 illo
1589 611 1710 653 turpius

247 675 305 703 est.
350 670 406 701 So.
431 669 611 700 Absurdum
628 674 775 710 praeterea
799 668 1037 698 existimandum
1064 673 1123 704 est,
1139 667 1281 698 homines
1307 667 1435 698 medicis
1459 677 1550 708 egere
1577 677 1642 698 non
1667 667 1708 698 ad

245 724 373 755 vulnera
388 724 527 755 sananda
542 724 704 754 dumtaxat
718 723 902 763 morbosque
918 722 1072 753 curandos
1086 721 1271 763 intemperie
1287 721 1367 753 aeris
1383 727 1414 752 et
1435 722 1557 753 casibus
1584 721 1709 752 contiu-

246 784 366 819 gentes,
383 779 437 809 sed
454 778 619 819 plurimum
635 777 675 808 ad
692 776 917 807 destillationes
930 781 962 807 et
978 777 1102 817 spiritus
1118 776 1270 807 interioris
1296 777 1530 808 intumescentis
1555 776 1708 817 impetum

246 834 286 864 ob
302 832 463 864 mollitiem
479 837 574 873 atque
589 831 753 868 desidiam,
769 836 800 862 et
817 841 908 872 quem
933 831 965 861 in
992 831 1076 862 victu
1102 841 1194 872 supra
1218 830 1433 862 damnavimus
1457 830 1574 861 luxum.
1596 830 1709 872 quibus

247 887 394 918 effectum
409 891 467 926 est,
483 891 517 917 ut
531 885 685 926 homines,
702 885 879 916 lacunarum
894 885 990 915 instar
1006 895 1088 927 aqua
1110 885 1250 926 flatuque
1274 885 1520 921 exuberantium,
1534 883 1627 915 nimis
1651 895 1709 925 op-

245 941 321 982 pleti
336 940 497 981 coe‘gerint
513 939 628 981 peritos
645 938 822 980 AEsculapii
838 949 1029 970 successores
1047 939 1169 970 morbos
1185 939 1336 980 quosdam
1353 949 1435 969 novo
1452 938 1579 969 nornine
1602 937 1710 969 destil-

247 995 390 1031 lationes,
406 994 594 1035 inflationes,
611 993 760 1024 viscerum
776 993 911 1034 crepitus
927 993 1099 1034 appellare.
1145 992 1262 1025 GLAU.
1285 992 1378 1024 Nova
1394 1003 1467 1023 sane
1491 993 1558 1023 baec
1585 992 1709 1022 morbo-

247 1061 311 1080 rum
329 1049 466 1085 nomina,
483 1049 676 1089 nimiumque
692 1048 835 1078 absurda.
880 1047 936 1079 So.
961 1047 1053 1083 Haec,
1071 1051 1104 1077 ut
1119 1047 1260 1084 arbitror,
1279 1045 1455 1087 AEsculapii
1480 1051 1619 1087 tempore
1642 1055 1707 1076 non

247 1110 346 1135 erant.
369 1104 453 1145 quod
472 1103 543 1133 hinc
557 1103 648 1144 plane
663 1101 812 1142 conjicio,
829 1102 913 1142 quod
929 1101 997 1142 ejus
1013 1101 1069 1131 filii
1084 1101 1170 1142 apud
1184 1100 1311 1142 Trojam
1328 1100 1475 1142 poculum
1491 1099 1626 1130 Patrocli
1638 1098 1708 1140 jus-

244 1170 280 1190 su
297 1158 435 1189 oblatum
451 1157 556 1188 saucio
574 1156 740 1198 Eurypylo
756 1166 819 1186 non
835 1156 1034 1196 damnarunt,
1048 1165 1118 1186 cum
1135 1160 1239 1186 tamen
1256 1155 1288 1185 in
1303 1166 1341 1186 eo
1358 1155 1454 1186 mixta
1477 1158 1559 1186 esset
1573 1153 1711 1184 Prandio

247 1215 320 1244 vino
333 1214 442 1254 farina,
457 1217 489 1243 et
504 1211 630 1253 insuper
645 1211 766 1242 attritus
782 1220 901 1245 caseus,
928 1209 1025 1252 [406]
1051 1220 1122 1251 quae
1149 1209 1293 1251 pituitam
1320 1214 1448 1250 augent.
1493 1208 1609 1240 GLAU.
1632 1207 1710 1238 Pro-

247 1269 332 1299 fecto
360 1267 527 1298 absurdum
551 1266 582 1296 id
615 1265 774 1307 poculum,
802 1264 992 1305 minimeque
1020 1264 1062 1294 ita
1088 1264 1202 1295 affecto
1230 1263 1432 1296 conveniens.
1477 1263 1533 1294 So.
1555 1261 1654 1293 Non:
1684 1261 1710 1291 si

246 1322 381 1354 advertis
397 1323 456 1352 liae
470 1325 576 1352 nostra
590 1319 790 1350 medicinaria
806 1318 953 1349 facultate
970 1319 1143 1349 morborum
1162 1318 1348 1360 pedissequa
1376 1316 1551 1358 AEsculapii
1575 1320 1711 1347 sectato-

247 1388 294 1408 res
312 1382 384 1408 ante
400 1375 604 1412 Herodicum,
621 1379 656 1404 ut
671 1374 776 1409 fertur,
794 1373 920 1403 minime
945 1383 1017 1403 usos
1041 1372 1148 1405 fuisse.
1194 1372 1371 1403 Herodicus
1398 1377 1514 1408 autem,
1533 1381 1604 1402 cum
1629 1374 1712 1401 esset

247 1431 513 1462 exercitandorum
530 1427 847 1470 magisterjurenum,
864 1426 1057 1468 effectusque
1082 1431 1163 1457 esset
1189 1425 1444 1462 valetudinarius,
1461 1425 1594 1456 miscens
1619 1435 1712 1466 gym-

247 1485 397 1516 nasticam
414 1484 588 1520 medicinae,
605 1483 703 1524 primo
719 1481 845 1524 quidem
861 1492 893 1512 se
910 1481 1025 1522 ipsum,
1041 1479 1156 1511 deinde
1173 1485 1204 1511 et
1219 1485 1358 1521 posteros
1375 1479 1489 1510 multos
1504 1479 1599 1510 taedio
1615 1478 1711 1520 longo

247 1541 365 1572 affecit.
411 1538 526 1570 GLAu.
542 1538 694 1575 ,Quonam
709 1536 824 1578 pacto?
871 1536 926 1567 So.
951 1535 1091 1576 Longam
1108 1534 1226 1576 quippe
1242 1534 1300 1565 sibi
1317 1539 1445 1565 mortem
1463 1533 1616 1575 praestitit.
1638 1543 1711 1563 nam

249 1595 324 1625 dum
341 1593 480 1624 morbum
495 1593 732 1633 subsequeretur
746 1591 785 1621 ad
804 1595 930 1620 mortem
953 1589 1199 1625 terminaturum,
1216 1599 1320 1631 neque
1346 1599 1463 1624 curare,
1480 1593 1515 1619 ut
1541 1587 1662 1628 opinor,
1678 1597 1712 1617 se

249 1653 381 1690 poterat,
397 1654 429 1679 et
444 1647 572 1678 medelae
587 1646 690 1676 studio
707 1651 888 1686 occupatus,
905 1643 1024 1674 omissis
1040 1643 1164 1685 reliquis
1180 1642 1368 1683 actionibus,
1382 1643 1477 1673 vitam
1498 1641 1531 1673 in
1558 1642 1616 1673 hac
1642 1651 1711 1672 cor·

249 1704 330 1744 poris
345 1700 544 1743 indulgentia
559 1700 751 1739 conterebat,
767 1699 846 1729 male
862 1698 988 1740 quidem
1005 1697 1147 1734 affectus,
1164 1697 1189 1728 si
1205 1697 1300 1739 paulo
1317 1708 1334 1727 a
1361 1701 1511 1727 consueto
1533 1696 1619 1727 victu
1645 1695 1709 1726 dis-

249 1758 384 1792 cederet,
400 1766 503 1796 neque
518 1754 610 1786 facile
626 1760 728 1784 tamen
749 1758 867 1783 naturae
892 1753 1019 1789 cedens,
1037 1756 1132 1793 atque
1159 1751 1201 1781 ita
1228 1751 1284 1783 hac
1307 1750 1463 1792 sapientia
1487 1750 1594 1781 vivens
1616 1748 1709 1780 senex

248 1811 413 1842 decessite
437 1811 511 1841 vita.
557 1809 672 1840 Gun.
695 1807 858 1849 Egregiam
888 1807 1021 1848 palmam
1050 1817 1087 1837 ex
1115 1811 1178 1836 arte
1206 1816 1261 1836 sua
1287 1805 1466 1846 reportavit.
1509 1805 1564 1836 So.
1587 1803 1712 1845 Nempe

249 1876 342 1907 quam
358 1865 489 1896 decebat
506 1870 660 1905 reportare
676 1862 774 1897 illum,
790 1861 843 1903 qui
859 1861 1018 1903 ignorabat
1036 1859 1252 1901 AEsculapium
1268 1870 1331 1890 non
1347 1859 1520 1900 ignorantia
1536 1859 1662 1900 quidem
1679 1863 1711 1889 et

248 1919 403 1961 imperitia
418 1918 538 1960 generis
552 1917 645 1958 liujus
661 1916 790 1946 medelas
818 1914 879 1945 suis
905 1914 1036 1956 posteris
1060 1914 1163 1956 ipsum
1189 1924 1253 1944 non
1279 1913 1466 1954 ostendisse,
1479 1914 1532 1944 sed
1561 1913 1710 1954 quoniam

249 1973 458 2014 cognoscebat
473 1972 504 2002 in
521 1971 647 2002 civitate
663 1971 781 2012 optime
798 1970 967 2011 gubernata
984 1969 1098 2010 cuique
1115 1978 1193 2009 opus
1209 1979 1297 1999 suum
1320 1968 1509 2009 assignatum
1534 1977 1600 1998 esse
1623 1967 1709 2008 quod

250 2028 357 2069 perfici
373 2037 500 2057 necesse
516 2026 576 2063 sit3
600 2036 660 2056 nec
675 2025 731 2055 ulli
748 2034 907 2065 superesse
935 2023 1045 2060 otium,
1062 2028 1097 2053 ut
1121 2033 1175 2064 per
1198 2033 1322 2053 omnem
1348 2022 1442 2052 vitam
1467 2021 1710 2052 valetudinarius

247 2082 280 2113 in
296 2081 432 2121 corporis
448 2081 606 2111 curatione
621 2084 767 2110 versetur.
790 2078 874 2119 quod
892 2077 1018 2118 quidem
1043 2077 1137 2107 modo
1164 2077 1300 2118 quodam
1323 2075 1456 2107 ridiculo
1483 2076 1516 2106 in
1541 2067 1719 2106 artificibus*

248 2134 521 2167 animadvertimus
536 2146 543 2164 ε
575 2133 608 2164 in
637 2133 699 2163 illis
729 2142 813 2170 vero,
838 2131 893 2172 qui
924 2131 1067 2171 opulenti
1095 2131 1265 2172 felicesque
1295 2136 1471 2167 censentur,
1502 2139 1711 2171 nequaquam.

251 2190 365 2222 Gau.
390 2189 559 2227 Quomodo
573 2187 677 2218 istud?
723 2186 778 2217 So.
802 2185 900 2215 Faber
916 2184 1082 2225 siquando
1099 2185 1130 2214 in
1147 2184 1286 2214 morbum
1312 2183 1435 2222 incidit,
1453 2184 1573 2214 brevem
1597 2193 1616 2213 a
1644 2193 1710 2213 me·

250 2245 323 2276 dico
338 2244 528 2275 curationem
557 2242 652 2283 exigit
679 2241 727 2272 vel
755 2251 810 2282 per
836 2239 984 2269 vomitum
1012 2238 1058 2268 vel
1087 2238 1243 2268 defluxum
1269 2238 1382 2268 ventris
1407 2237 1455 2267 vel
1482 2237 1634 2268 ustionem
1662 2236 1713 2267 vel

251 2299 445 2330 incisionem.
482 2297 507 2328 si
534 2297 603 2338 quis
633 2300 735 2326 autem
766 2295 942 2325 diuturnam
972 2292 1016 2323 illi
1045 2292 1144 2323 victus
1174 2291 1419 2322 observationem
1452 2291 1596 2333 praecipit
1624 2291 1711 2332 capi-

251 2353 351 2394 tisque
368 2351 635 2383 suffarcinationes
661 2356 825 2390 ceteraque
853 2346 1162 2388 hujusmodi‚statim
1192 2345 1302 2387 objicit
1328 2356 1391 2376 non
1419 2355 1485 2376 esse
1514 2345 1572 2375 sibi
1599 2345 1638 2376 ad
1666 2355 1709 2375 ae-

253 2408 437 2449 grotandum
457 2406 576 2444 otium3
600 2414 702 2445 neque
730 2408 872 2444 praestare
896 2401 954 2432 sibi
979 2401 1023 2432 ita
1049 2401 1143 2431 vitam
1169 2401 1288 2430 trahere
1316 2399 1476 2431 continuis
1499 2399 1710 2431 curationibus

250 2461 443 2492 incumbenti
459 2470 611 2500 suumque
638 2457 798 2499 opificium
824 2456 1008 2498 negligenti.
1031 2455 1158 2492 deinde,
1176 2455 1298 2486 medico
1325 2455 1384 2486 lioc
1408 2454 1546 2491 dimisso,
1571 2454 1610 2484 ad
1637 2464 1711 2485 con—

252 2522 374 2546 suetum
390 2515 506 2546 victum
522 2518 688 2551 revertens,
703 2512 728 2543 si
743 2511 942 2547 convalescit,
959 2520 1047 2540 suum
1064 2520 1143 2550 opus
1169 2509 1348 2551 exsequitur
1364 2520 1370 2539 :
1396 2509 1444 2539 sin
1469 2514 1573 2539 autem
1598 2517 1711 2548 corpus

250 2569 400 2600 sustinere
427 2569 565 2599 morbum
592 2567 712 2609 nequit,
728 2567 793 2597 vita
818 2566 943 2596 functus
973 2574 991 2594 a
1015 2564 1148 2605 negotiis
1173 2564 1328 2595 liberatur.
1376 2563 1489 2594 GLAu.
1511 2562 1562 2593 Ita
1589 2561 1710 2603 profec-

254 2629 286 2654 to
302 2623 467 2653 medicinis
484 2623 527 2652 uti
543 2621 652 2652 artifici
669 2621 834 2652 convenire
849 2620 982 2650 videtur.
1028 2619 1084 2650 So.
1110 2620 1214 2659 Atque
1230 2618 1344 2650 iccirco
1361 2628 1440 2660 opus
1454 2617 1501 2648 illi
1518 2616 1711 2658 propositum

253 2687 320 2708 esse
347 2677 422 2717 dixi,
448 2676 532 2716 quod
560 2676 617 2706 nisi
648 2681 785 2716 peragat,
811 2674 908 2715 [407]
935 2674 1036 2704 vivere
1067 2673 1126 2714 ipsi
1151 2684 1214 2703 non
1245 2678 1382 2715 praestat.
1427 2672 1542 2703 Grau.
1565 2670 1709 2702 Constat.

253 2732 310 2762 So.
333 2730 433 2761 Dives
450 2734 564 2765 autem,
579 2734 613 2758 ut
627 2729 772 2764 diximus,
787 2738 880 2769 opere
895 2727 982 2757 nullo
999 2732 1133 2768 urgetur,
1150 2738 1167 2757 a
1183 2737 1246 2768 quo
1270 2726 1397 2768 quando
1425 2726 1454 2756 vi
1479 2730 1629 2762 arceatur,
1644 2733 1709 2755 non

253 2785 386 2826 amplius
402 2784 441 2814 sit
455 2784 484 2813 ei
500 2783 680 2814 vivendum.
726 2782 838 2813 va.
862 2781 960 2812 Nullo
976 2792 1108 2822 prorsus,
1127 2787 1160 2811 ut
1177 2781 1281 2812 fertur.
1325 2780 1380 2811 SO.
1406 2779 1614 2821 Pliocylidem
1630 2778 1709 2808 sorte

253 2849 316 2869 non
345 2838 445 2874 audis,
461 2837 616 2868 dicentem
645 2838 907 2878 quemadmodum
935 2841 1058 2876 oportet
1081 2835 1224 2866 virtutem
1252 2844 1405 2874 exercere,
1431 2833 1558 2875 quando
1586 2831 1712 2863 vivendi

249 2893 380 2924 facultas
392 2891 457 2933 jam
474 2892 623 2932 suppetit.
669 2892 784 2923 Gmm.
809 2890 948 2922 Arbitror
963 2895 1065 2920 autem
1082 2896 1112 2921 et
1128 2890 1221 2931 priuS.
1267 2889 1321 2919 So.
1345 2887 1431 2919 Nihil
1447 2887 1478 2918 iu
1499 2888 1557 2917 ltoc
1581 2885 1627 2916 illi
1653 2886 1709 2916 ad-

253 2957 404 2978 versemur
418 2957 425 2978 :
451 2946 504 2976 scd
522 2945 581 2986 ipsi
597 2956 651 2977 uos
667 2946 846 2982 doceamus,
861 2950 962 2977 utrum
979 2944 1010 2975 id
1026 2945 1086 2976 hoc
1103 2949 1195 2986 paeto
1212 2943 1351 2975 meditari
1367 2942 1453 2973 dives
1476 2941 1609 2973 debeat:
1634 2939 1711 2971 alio—
