1840 3225
139 233 239 283 491]
576 230 647 269 DE
679 227 983 266 REPUBLICA
1017 228 1112 266 LIB.
1145 229 1213 267 Vl.
1513 232 1587 270 169

125 337 254 368 inutiles
279 336 466 368 videantur?
512 335 592 366 Am.
616 334 718 366 Certe.
765 334 820 365 So.
844 333 907 364 Cur
936 339 1039 364 autem
1067 340 1099 365 et
1129 334 1250 374 plurimi
1282 335 1369 377 pravi
1396 335 1469 372 sint,
1498 336 1586 369 visne

123 391 275 432 deinceps
299 390 493 433 aperiamus?
518 390 640 431 quodve
657 388 863 430 philosophias
879 388 972 428 culpa
995 388 1080 419 nulla
1094 395 1153 425 est,
1170 400 1223 430 pro
1240 389 1354 420 viribus
1369 390 1585 422 declaremus?

127 444 209 476 Am.
235 445 315 476 Volo
337 444 493 486 equidem.
538 443 593 474 So.
618 444 786 484 Pergamus
812 444 851 472 ad
878 443 956 478 haec,
984 448 1161 484 repetentes
1186 445 1268 484 quod
1287 454 1379 485 supra
1394 444 1586 482 induximus,

123 500 248 541 qualem
264 510 331 531 esse
346 503 455 530 natura
469 502 612 539 oporteat
638 508 721 533 eum,
737 497 791 538 qui
807 497 955 527 honestus
982 497 1024 527 sit
1050 498 1210 539 bonusque
1238 498 1370 530 futurus.
1397 497 1495 540 [490]
1518 499 1584 530 dux

123 559 225 584 autem
241 553 309 595 ejus
324 554 356 583 in
381 552 485 594 primis
500 557 576 588 erat,
592 551 618 582 si
645 551 800 581 memoriae
826 550 993 590 tradidisti,
1020 550 1144 587 veritas,
1172 562 1264 592 quam
1287 551 1375 593 sequi
1393 551 1518 583 omnino
1545 563 1582 585 ac

121 607 234 648 passim
250 607 364 637 debet:
389 612 444 636 aut
460 605 483 636 si
498 616 595 636 vanus
611 605 660 640 sit,
676 615 755 634 verae
770 614 896 645 quoque
912 615 1021 645 expers
1039 604 1245 646 philosophiae
1262 605 1302 636 sit
1316 611 1451 647 oportet.
1496 606 1584 637 Am·

122 660 172 691 Ita
186 670 305 701 prorsus
321 665 367 690 est
380 661 510 691 dictum.
556 659 612 689 So.
638 658 742 689 Unum
760 660 818 689 hoc
835 658 927 699 igitur
942 659 1076 689 alienum
1093 664 1140 689 est
1156 659 1281 690 omnino
1293 660 1331 690 ab
1347 659 1397 696 iis,
1409 671 1479 701 quae
1495 671 1582 693 nunc

119 715 160 745 de
175 714 242 756 ipso
258 714 481 746 existimantur.
527 713 609 746 on.
634 713 879 744 Alienissimum.
923 713 977 745 So.
1001 713 1053 743 An
1070 724 1132 743 non
1148 714 1294 744 decenter
1310 714 1392 744 hunc
1408 713 1440 744 in
1453 715 1581 745 modum

121 768 190 809 ejus
205 779 328 800 causam
344 769 561 809 defendemus,
574 767 715 798 dicentes
730 768 886 798 hominem
903 768 1040 799 scientiae
1055 768 1204 809 cupidum
1222 769 1264 798 ita
1280 774 1389 798 natura
1404 768 1580 799 institutum

119 833 199 860 esse,
215 828 250 854 ut
262 824 303 854 ad
320 823 363 860 id,
377 824 461 864 quod
488 833 556 854 vere
573 828 631 859 est,
648 833 768 863 semper
784 823 965 859 contendat,
981 833 1084 864 neque
1108 833 1206 853 moras
1222 823 1323 853 trahat
1337 823 1369 852 in
1384 823 1432 853 his
1447 822 1580 864 singulis

119 887 155 908 nc
165 877 317 918 plurimis,
331 877 414 908 circa
425 888 495 919 qua:
510 881 644 907 versatur
655 876 775 917 opinio,
791 876 845 906 sed
863 876 941 906 ultra
954 876 1153 917 progrediens
1167 887 1231 907 non
1243 883 1316 907 ante
1326 877 1578 918 quiescat‚quam

117 931 272 973 propriam
287 931 439 972 cujusque
468 919 608 961 naturam
623 940 661 961 ea
675 930 769 960 animi
787 930 816 960 vi
842 930 990 971 attigerit,
1014 941 1076 971 qua
1102 932 1135 961 id
1161 931 1395 972 apprehendere
1418 929 1579 964 convenit.

115 986 264 1017 convenit
278 991 381 1016 autem
398 986 425 1015 vi
442 986 577 1026 quadam
594 989 737 1025 cognata.
762 995 825 1025 qua
839 994 909 1015 cum
925 985 1100 1022 adhaeserit,
1116 996 1210 1026 seque
1226 986 1257 1016 ei
1269 985 1354 1026 quod
1366 995 1435 1015 vere
1447 989 1495 1015 est
1506 984 1579 1014 mis-

116 1040 226 1076 cuerit,
249 1044 344 1081 atque
369 1039 442 1070 inde
469 1049 573 1082 revera
600 1039 837 1080 intelligentiam
865 1039 1086 1080 veritatemque
1110 1039 1262 1079 genuerit,
1285 1043 1455 1080 cognoscet
1470 1039 1579 1079 utique

117 1104 234 1130 verum,
266 1104 397 1135 vereque
427 1093 508 1124 vivet
523 1099 616 1134 atque
641 1093 749 1123 aletur.
785 1104 821 1123 ex
848 1094 907 1123 hoc
931 1093 1068 1134 denique
1093 1098 1181 1134 partu
1209 1092 1350 1123 molestia
1379 1092 1447 1133 ejus
1477 1092 1578 1123 omnis

113 1148 268 1180 cessabit:
294 1148 377 1188 prius
401 1158 473 1178 vero
499 1157 706 1188 nequaquam.
752 1145 835 1179 Aoi.
860 1147 961 1178 Probe
983 1147 1152 1177 admodum
1167 1147 1226 1177 ista
1241 1146 1397 1177 dicuntur.
1441 1146 1497 1178 So.
1522 1146 1577 1176 An

111 1203 164 1233 hic
181 1202 243 1233 ullo
260 1202 352 1232 modo
367 1201 483 1232 amabit
499 1201 694 1232 mendacium
709 1202 719 1231 ?
744 1201 791 1231 vel
809 1201 935 1231 omnino
953 1201 1056 1241 potius
1079 1200 1199 1231 oderit?
1246 1200 1327 1230 Am.
1351 1199 1463 1230 Oderit
1479 1205 1575 1232 certe.

111 1255 168 1286 So.
192 1255 316 1296 Nempe
328 1255 382 1286 ubi
394 1256 456 1286 dux
472 1256 583 1286 veritas
598 1261 656 1292 est,
674 1255 820 1286 malorum
832 1256 961 1286 chorum
974 1255 1132 1296 subsequi,
1146 1259 1181 1285 ut
1197 1255 1337 1295 arbitror,
1348 1264 1412 1284 non
1427 1254 1579 1285 dicemus.

110 1311 192 1340 Ant.
217 1309 289 1346 Quo
304 1309 386 1340 enim
404 1310 518 1351 pacto?
564 1309 617 1343 So.
642 1309 742 1340 Immo
766 1320 837 1340 vero
861 1309 1014 1340 sincerum
1039 1308 1321 1350 sequijustumque
1341 1318 1467 1338 morem.
1491 1308 1575 1339 hunc

107 1373 234 1405 quoque
249 1364 387 1395 dicemus
416 1364 560 1405 subsequi
579 1364 828 1405 temperantiam.
873 1364 954 1394 Am.
977 1363 1070 1395 Scite.
1117 1363 1173 1393 So.
1198 1362 1285 1399 Quin
1309 1361 1403 1393 etiam
1420 1361 1573 1403 reliquum

106 1422 223 1448 naturae
239 1417 465 1459 philosophieae
481 1420 607 1450 chorum
624 1419 699 1460 quid
717 1430 797 1460 opus
813 1424 860 1450 est
876 1429 893 1449 a
912 1417 1065 1460 principio
1082 1416 1262 1448 recensere?
1288 1415 1456 1447 recordaris
1471 1415 1570 1457 enim,

105 1472 190 1513 quod
206 1482 277 1503 cum
287 1471 334 1503 his
344 1473 499 1513 congruit,
515 1479 550 1503 ut
560 1473 752 1511 dicebamus,
764 1471 1182 1513 fortitudo‚magnificentia,
1197 1480 1330 1502 acumen
1341 1469 1457 1511 ingenii
1473 1473 1567 1511 atque

106 1526 264 1557 memoria.
286 1537 358 1557 cum
373 1537 443 1557 vero
459 1532 492 1556 tu
507 1526 673 1568 objecisses
689 1527 774 1568 quod
784 1527 918 1568 quilibet
930 1526 1104 1558 necessario
1116 1525 1206 1556 fateri
1219 1529 1391 1566 cogeretur,
1403 1534 1473 1565 quae
1484 1523 1570 1554 dice-

108 1581 227 1618 bamus,
251 1580 413 1622 verbisque
436 1581 547 1611 nostris
571 1581 690 1612 omissis
714 1592 880 1612 conversus
903 1582 942 1612 ad
971 1592 1035 1618 eos,
1060 1581 1100 1611 de
1115 1580 1227 1622 quibus
1243 1583 1309 1610 erat
1324 1588 1437 1618 sermo,
1452 1577 1572 1609 diceret

105 1635 212 1666 videre
239 1645 271 1666 se
296 1635 367 1666 illos
392 1635 503 1676 partlm
528 1634 667 1671 inutiles,
696 1636 806 1676 partim
830 1636 915 1666 omni
942 1635 1094 1677 pravitate
1117 1638 1302 1676 corruptos:
1328 1638 1404 1664 tunc
1420 1642 1494 1663 sane
1510 1642 1567 1662 nos

106 1689 200 1730 hujus
214 1689 378 1720 calumniae
393 1699 517 1721 causam
541 1691 722 1731 perscrutari
749 1691 912 1731 coepimus,
937 1696 968 1721 et
983 1700 1037 1721 cur
1059 1688 1147 1720 multi
1172 1699 1276 1720 eorum
1294 1687 1367 1718 mali
1379 1687 1452 1728 sint,
1476 1691 1572 1728 atque

108 1745 166 1775 hac
181 1744 221 1775 de
238 1754 331 1775 causa
345 1754 447 1774 rursus
461 1744 668 1786 legitimorum
684 1744 941 1786 philosophorum
957 1750 1097 1775 naturam
1112 1741 1312 1785 repetivimus
1332 1740 1571 1782 necessarioque

106 1800 188 1830 hanc
213 1798 420 1830 definivimus
465 1798 547 1830 Am.
570 1799 626 1830 Est
649 1799 703 1831 ita.
750 1798 803 1830 So.
829 1799 1040 1836 Quaerendum
1061 1803 1109 1829 est
1130 1798 1292 1838 deinceps,
1317 1805 1379 1836 qua
1401 1793 1571 1825 rationein

110 1852 213 1884 multis
226 1858 335 1883 natura
350 1852 528 1894 philosophi
556 1853 752 1895 depravatur.
777 1864 905 1895 parvum
921 1854 997 1895 quid
1022 1852 1218 1892 subterfugit.
1242 1860 1356 1891 nempe
1379 1854 1412 1880 et
1426 1850 1486 1879 hoc
1501 1848 1572 1878 ani-

107 1907 374 1947 madvertendum,
390 1917 470 1948 quos
483 1907 630 1940 videlicet
645 1918 707 1938 non
725 1908 821 1938 malos
837 1907 977 1948 quidem,
993 1907 1047 1937 sed
1063 1905 1190 1936 inutiles
1201 1909 1333 1935 vocant:
1349 1901 1464 1932 deinde
1473 1900 1569 1932 etiam

107 1960 212 2002 qualia
238 1961 396 1991 hominum
423 1961 550 2002 ingenia
577 1961 651 1998 sint,
678 1971 748 2002 quae
773 1962 854 1992 hanc
869 1961 1028 1991 imitantur
1043 1965 1195 1995 naturam,
1222 1957 1318 1999 [491]
1343 1956 1474 1998 ejusque
1490 1965 1569 1996 opus

108 2020 271 2058 usurpant,
297 2022 330 2046 et
344 2015 505 2056 indignum
523 2026 555 2045 se
571 2015 707 2046 studium
731 2026 766 2047 ac
783 2026 874 2057 supra
890 2015 969 2046 vires
992 2013 1205 2056 aggredientia
1219 2012 1407 2052 delinquunt
1420 2020 1516 2050 saepe,
1538 2015 1572 2040 et

107 2068 289 2111 opinionem
305 2069 510 2110 philosophiae
526 2070 651 2111 passim,
668 2080 761 2111 quarn
777 2071 930 2105 narrabas,
955 2070 1119 2100 inducunt.
1163 2067 1245 2098 on.
1269 2065 1314 2096 At
1328 2074 1404 2106 quas
1420 2064 1571 2105 deprava-

111 2124 211 2154 tiones
236 2122 338 2154 dicis?
384 2123 438 2155 So.
462 2124 650 2164 Ostendam,
673 2124 700 2156 si
715 2129 835 2165 potero.
859 2125 999 2166 profecto
1015 2124 1046 2154 id
1063 2123 1190 2154 arbitror
1204 2120 1294 2152 nobis
1309 2118 1481 2161 quemlibet
1495 2128 1572 2149 con-

109 2187 278 2219 cessurum,
293 2178 454 2219 ingenium
479 2177 554 2218 tale,
580 2179 673 2219 quale
695 2179 926 2220 descripsimus,
951 2183 982 2209 et
998 2177 1140 2208 omnibus
1155 2177 1241 2207 hisce
1265 2174 1440 2215 praeditum,
1455 2171 1570 2213 quibus

110 2231 264 2274 perfectus
278 2231 401 2273 indiget
415 2233 536 2263 futurus
552 2233 769 2275 philosophus,
786 2244 851 2265 raro
861 2234 893 2264 in
910 2233 1078 2274 paucisque
1089 2231 1172 2262 oriri.
1195 2240 1235 2260 an
1251 2238 1314 2259 non
1329 2228 1374 2258 ita
1387 2226 1567 2257 existimas?

111 2285 194 2316 Anr.
218 2285 368 2318 Maxime.
415 2287 472 2317 So.
494 2286 602 2328 Atque
615 2288 722 2317 horum
738 2287 832 2317 etiam
858 2297 1026 2327 paucorum
1042 2285 1113 2316 vide
1138 2293 1230 2325 quam
1246 2281 1335 2312 multi
1351 2281 1412 2317 sint
1427 2280 1570 2311 maximi-

112 2350 173 2380 que
186 2339 340 2371 interitus.
384 2339 468 2371 Am.
491 2341 627 2377 Quinam
643 2341 654 2370 ?
699 2341 755 2372 So.
779 2340 861 2371 Nam
884 2341 969 2382 quod
990 2344 1099 2382 praeter
1114 2344 1216 2370 cetera
1231 2335 1340 2367 auditu
1355 2334 1493 2365 mirabile
1509 2340 1568 2374 est,

114 2394 356 2435 unumquodque
371 2405 489 2431 eorum,
504 2405 575 2436 quae
589 2395 621 2425 in
645 2395 823 2436 philosophi
846 2395 974 2436 ingenio
991 2405 1090 2436 nuper
1105 2392 1314 2434 probavimus,
1337 2389 1503 2419 habentem
1520 2387 1569 2417 in-

112 2447 222 2488 quinat
234 2447 369 2479 animum
387 2453 419 2479 et
433 2449 614 2490 plerumque
629 2459 647 2479 a
663 2449 862 2490 philosophia
878 2449 1061 2490 detorquet:
1088 2445 1300 2477 fortitudinem
1316 2443 1388 2473 dico
1403 2448 1435 2473 et
1449 2447 1570 2483 tempe-

111 2501 242 2533 tantiam
257 2507 289 2532 et
303 2507 417 2539 cetera,
441 2512 635 2544 quaecunque
659 2503 857 2534 narravimus.
904 2502 988 2534 Am.
1013 2500 1189 2532 Absurdum
1216 2500 1275 2529 hoc
1302 2496 1428 2538 quidem
1444 2496 1570 2529 auditu.

112 2554 168 2585 So.
193 2554 346 2586 Praeterea
359 2566 554 2598 quaecunque
570 2557 652 2588 bona
668 2557 759 2599 vulgo
771 2557 929 2598 dicuntur,
940 2557 1112 2598 depravant
1125 2554 1259 2585 animum
1272 2558 1366 2593 atque
1380 2550 1569 2592 impediunt,

111 2608 222 2645 forma,
238 2609 367 2645 divitiae,
382 2611 518 2651 corporis
531 2611 622 2648 vires,
638 2617 670 2642 et
681 2622 777 2652 genus
793 2612 825 2642 in
841 2611 966 2643 civitate
984 2616 1106 2652 potens,
1122 2615 1150 2639 et
1167 2613 1270 2639 cetera
1284 2605 1404 2647 generis
1415 2605 1568 2645 ejusdem.

113 2662 211 2694 habes
231 2663 314 2694 enim
339 2665 495 2705 quandam
526 2675 644 2705 eorum,
667 2677 737 2707 quae
767 2666 851 2703 dico,
879 2666 1052 2697 formulam.
1099 2665 1180 2695 Aoi.
1203 2661 1315 2692 Habeo
1344 2658 1503 2700 equidem,
1532 2669 1570 2690 ac

112 2716 244 2747 libenter
258 2717 407 2755 exactius,
422 2729 492 2760 quae
509 2720 600 2756 dicis,
616 2720 764 2751 audirem.
811 2721 866 2752 So.
890 2720 1076 2751 Universum
1088 2719 1188 2759 ipsum
1198 2721 1280 2747 recte
1295 2712 1567 2754 comprehendito,

113 2779 149 2801 ac
166 2770 221 2801 tibi
238 2771 436 2813 perspicuum
452 2774 626 2814 apparebit,
641 2784 743 2815 neque
754 2775 886 2805 absurda
897 2774 966 2814 tibi,
980 2783 1049 2815 quae
1065 2773 1104 2803 de
1114 2771 1161 2802 his
1175 2771 1261 2801 dicta
1275 2772 1358 2806 sunt,
1369 2766 1566 2797 videbuntur.

113 2823 194 2855 Am.
218 2824 386 2861 Quomodo
402 2827 485 2857 istud
508 2827 676 2869 praecipis?
722 2828 775 2860 So.
798 2829 919 2860 Scimus
934 2828 1015 2858 enirn
1038 2837 1130 2857 omne
1156 2834 1259 2855 semen
1283 2827 1315 2853 et
1340 2821 1512 2862 plantarum
1535 2823 1567 2849 et

115 2877 304 2915 animalium,
331 2881 416 2920 quod
441 2892 502 2912 non
526 2882 618 2912 fuerit
640 2892 688 2919 ea,
711 2893 780 2924 quae
803 2883 917 2924 cuique
940 2881 1097 2917 convenit,
1122 2879 1288 2909 nutritione
1304 2875 1447 2917 potitum,
1464 2883 1566 2913 neque

116 2934 254 2972 tempure
268 2943 368 2974 neque
386 2936 465 2972 loco,
485 2947 546 2978 quo
563 2938 738 2978 generosius
755 2948 789 2969 ac
799 2937 1023 2973 vehementius,
1047 2945 1084 2968 eo
1100 2933 1238 2976 pluribus
1253 2928 1436 2972 opportunis
1453 2936 1569 2958 carere·

206 2985 297 3018 qut.
317 2987 371 3019 Tr.
876 2991 919 3024 11.
1459 2980 1490 3012 Y
