<?xml version="1.0" encoding="UTF-8"?>
<!DOCTYPE html PUBLIC "-//W3C//DTD XHTML 1.0 Transitional//EN"
    "http://www.w3.org/TR/xhtml1/DTD/xhtml1-transitional.dtd">
<html xmlns="http://www.w3.org/1999/xhtml" xml:lang="en" lang="en">
 <head>
  <title>
</title>
<meta http-equiv="Content-Type" content="text/html;charset=utf-8" />
  <meta name='ocr-system' content='tesseract 3.04.00' />
  <meta name='ocr-capabilities' content='ocr_page ocr_carea ocr_par ocr_line ocrx_word'/>
</head>
<body>
  <div class='ocr_page' id='page_1' title='image "./platonisetquaeve11plat_0483.png"; bbox 0 0 1840 3225; ppageno 0'>
   <div class='ocr_carea' id='block_1_1' title="bbox 195 228 1663 280">
    <p class='ocr_par' dir='ltr' id='par_1_1' title="bbox 195 228 1663 280">
     <span class='ocr_line' id='line_1_1' title="bbox 195 228 1663 280; baseline 0.002 -13"><span class='ocrx_word' id='word_1_1' title='bbox 195 230 287 280; x_wconf 83' lang='lat'>102]</span> <span class='ocrx_word' id='word_1_2' title='bbox 679 228 751 267; x_wconf 90' lang='lat' dir='ltr'><strong>DE</strong></span> <span class='ocrx_word' id='word_1_3' title='bbox 781 229 961 267; x_wconf 85' lang='lat' dir='ltr'><strong>ANlMA</strong></span> <span class='ocrx_word' id='word_1_4' title='bbox 994 229 1195 269; x_wconf 87' lang='lat' dir='ltr'><strong>MUNDI.</strong></span> <span class='ocrx_word' id='word_1_5' title='bbox 1584 235 1663 272; x_wconf 77' lang='lat'><strong>467</strong></span> 
     </span>
    </p>
   </div>
   <div class='ocr_carea' id='block_1_2' title="bbox 145 326 1659 2960">
    <p class='ocr_par' dir='ltr' id='par_1_2' title="bbox 145 326 1659 2960">
     <span class='ocr_line' id='line_1_2' title="bbox 182 326 1659 370; baseline 0.003 -13"><span class='ocrx_word' id='word_1_6' title='bbox 182 326 289 367; x_wconf 87' lang='lat' dir='ltr'><strong>ipsum</strong></span> <span class='ocrx_word' id='word_1_7' title='bbox 305 333 355 359; x_wconf 87' lang='lat' dir='ltr'><strong>est</strong></span> <span class='ocrx_word' id='word_1_8' title='bbox 382 328 460 359; x_wconf 88' lang='lat' dir='ltr'><strong>illud</strong></span> <span class='ocrx_word' id='word_1_9' title='bbox 487 328 666 359; x_wconf 70' lang='lat' dir='ltr'><strong>Deci-sumt</strong></span> <span class='ocrx_word' id='word_1_10' title='bbox 697 327 780 369; x_wconf 90' lang='lat' dir='ltr'><strong>quod</strong></span> <span class='ocrx_word' id='word_1_11' title='bbox 803 337 876 358; x_wconf 82' lang='lat' dir='ltr'><strong>vero</strong></span> <span class='ocrx_word' id='word_1_12' title='bbox 902 337 996 368; x_wconf 89' lang='lat' dir='ltr'><strong>supra</strong></span> <span class='ocrx_word' id='word_1_13' title='bbox 1017 328 1077 359; x_wconf 84' lang='lat' dir='ltr'><strong>hoc</strong></span> <span class='ocrx_word' id='word_1_14' title='bbox 1101 334 1149 359; x_wconf 85' lang='lat' dir='ltr'><strong>est</strong></span> <span class='ocrx_word' id='word_1_15' title='bbox 1172 339 1271 370; x_wconf 82' lang='lat' dir='ltr'><strong>usque</strong></span> <span class='ocrx_word' id='word_1_16' title='bbox 1300 329 1339 360; x_wconf 79' lang='lat' dir='ltr'><strong>ad</strong></span> <span class='ocrx_word' id='word_1_17' title='bbox 1361 329 1659 367; x_wconf 78' lang='lat' dir='ltr'><strong>circumferentiam,</strong></span> 
     </span>
     <span class='ocr_line' id='line_1_3' title="bbox 181 379 1656 426; baseline 0.003 -16"><span class='ocrx_word' id='word_1_18' title='bbox 181 379 313 411; x_wconf 84' lang='lat' dir='ltr'><strong>Sursum</strong></span> <span class='ocrx_word' id='word_1_19' title='bbox 328 390 453 415; x_wconf 85' lang='lat' dir='ltr'><strong>vocant.</strong></span> <span class='ocrx_word' id='word_1_20' title='bbox 500 381 651 414; x_wconf 82' lang='lat' dir='ltr'>Calidum</span> <span class='ocrx_word' id='word_1_21' title='bbox 666 381 762 422; x_wconf 87' lang='lat' dir='ltr'><strong>igitur</strong></span> <span class='ocrx_word' id='word_1_22' title='bbox 784 381 1034 411; x_wconf 84' lang='lat' dir='ltr'><strong>tenuissimarum</strong></span> <span class='ocrx_word' id='word_1_23' title='bbox 1050 387 1099 412; x_wconf 88' lang='lat' dir='ltr'><strong>est</strong></span> <span class='ocrx_word' id='word_1_24' title='bbox 1121 383 1267 423; x_wconf 87' lang='lat' dir='ltr'><strong>partium,</strong></span> <span class='ocrx_word' id='word_1_25' title='bbox 1293 390 1326 414; x_wconf 89' lang='lat' dir='ltr'><strong>et</strong></span> <span class='ocrx_word' id='word_1_26' title='bbox 1354 384 1416 414; x_wconf 87' lang='lat' dir='ltr'><strong>vim</strong></span> <span class='ocrx_word' id='word_1_27' title='bbox 1440 384 1535 415; x_wconf 82' lang='lat' dir='ltr'><strong>habet</strong></span> <span class='ocrx_word' id='word_1_28' title='bbox 1561 390 1656 426; x_wconf 84' lang='lat' dir='ltr'><strong>atque</strong></span> 
     </span>
     <span class='ocr_line' id='line_1_4' title="bbox 180 432 1656 480; baseline 0.004 -17"><span class='ocrx_word' id='word_1_29' title='bbox 180 432 365 467; x_wconf 75' lang='lat' dir='ltr'><strong>facultatem</strong></span> <span class='ocrx_word' id='word_1_30' title='bbox 378 447 543 478; x_wconf 84' lang='lat' dir='ltr'><strong>corporum</strong></span> <span class='ocrx_word' id='word_1_31' title='bbox 570 435 840 477; x_wconf 83' lang='lat' dir='ltr'><strong>disparandorum.</strong></span> <span class='ocrx_word' id='word_1_32' title='bbox 887 435 1049 475; x_wconf 84' lang='lat' dir='ltr'><strong>Frigidum</strong></span> <span class='ocrx_word' id='word_1_33' title='bbox 1073 446 1158 472; x_wconf 81' lang='lat' dir='ltr'><strong>vero,</strong></span> <span class='ocrx_word' id='word_1_34' title='bbox 1184 438 1372 468; x_wconf 82' lang='lat' dir='ltr'>crassiorum</span> <span class='ocrx_word' id='word_1_35' title='bbox 1393 444 1443 469; x_wconf 86' lang='lat' dir='ltr'><strong>est</strong></span> <span class='ocrx_word' id='word_1_36' title='bbox 1458 439 1607 480; x_wconf 84' lang='lat' dir='ltr'><strong>partium,</strong></span> <span class='ocrx_word' id='word_1_37' title='bbox 1624 443 1656 469; x_wconf 88' lang='lat' dir='ltr'><strong>et</strong></span> 
     </span>
     <span class='ocr_line' id='line_1_5' title="bbox 178 489 1651 532; baseline 0.003 -14"><span class='ocrx_word' id='word_1_38' title='bbox 178 495 302 521; x_wconf 84' lang='lat' dir='ltr'><strong>meatus</strong></span> <span class='ocrx_word' id='word_1_39' title='bbox 317 491 514 532; x_wconf 77' lang='lat' dir='ltr'><strong>constringit.</strong></span> <span class='ocrx_word' id='word_1_40' title='bbox 559 490 682 522; x_wconf 89' lang='lat' dir='ltr'><strong>Gustus</strong></span> <span class='ocrx_word' id='word_1_41' title='bbox 696 495 803 520; x_wconf 83' lang='lat' dir='ltr'><strong>autem</strong></span> <span class='ocrx_word' id='word_1_42' title='bbox 820 489 919 519; x_wconf 78' lang='lat' dir='ltr'><strong>tactui</strong></span> <span class='ocrx_word' id='word_1_43' title='bbox 941 489 1054 520; x_wconf 81' lang='lat' dir='ltr'><strong>similis</strong></span> <span class='ocrx_word' id='word_1_44' title='bbox 1074 495 1133 520; x_wconf 87' lang='lat' dir='ltr'><strong>est.</strong></span> <span class='ocrx_word' id='word_1_45' title='bbox 1156 500 1232 521; x_wconf 82' lang='lat' dir='ltr'><strong>nam</strong></span> <span class='ocrx_word' id='word_1_46' title='bbox 1250 493 1452 522; x_wconf 79' lang='lat' dir='ltr'>concretione</span> <span class='ocrx_word' id='word_1_47' title='bbox 1477 498 1510 522; x_wconf 89' lang='lat' dir='ltr'><strong>et</strong></span> <span class='ocrx_word' id='word_1_48' title='bbox 1533 492 1651 523; x_wconf 87' lang='lat' dir='ltr'><strong>discre-</strong></span> 
     </span>
     <span class='ocr_line' id='line_1_6' title="bbox 178 542 1656 586; baseline 0.003 -14"><span class='ocrx_word' id='word_1_49' title='bbox 178 542 276 580; x_wconf 91' lang='lat' dir='ltr'><strong>tione,</strong></span> <span class='ocrx_word' id='word_1_50' title='bbox 294 549 446 585; x_wconf 82' lang='lat' dir='ltr'><strong>praeterea</strong></span> <span class='ocrx_word' id='word_1_51' title='bbox 468 549 502 575; x_wconf 87' lang='lat' dir='ltr'><strong>et</strong></span> <span class='ocrx_word' id='word_1_52' title='bbox 513 543 622 575; x_wconf 88' lang='lat' dir='ltr'><strong>subtili</strong></span> <span class='ocrx_word' id='word_1_53' title='bbox 638 544 774 586; x_wconf 88' lang='lat' dir='ltr'><strong>quodam</strong></span> <span class='ocrx_word' id='word_1_54' title='bbox 791 543 831 574; x_wconf 85' lang='lat' dir='ltr'><strong>ad</strong></span> <span class='ocrx_word' id='word_1_55' title='bbox 845 547 971 574; x_wconf 84' lang='lat' dir='ltr'><strong>meatus</strong></span> <span class='ocrx_word' id='word_1_56' title='bbox 986 544 1144 583; x_wconf 83' lang='lat' dir='ltr'><strong>ingressu,</strong></span> <span class='ocrx_word' id='word_1_57' title='bbox 1167 549 1199 574; x_wconf 86' lang='lat' dir='ltr'><strong>et</strong></span> <span class='ocrx_word' id='word_1_58' title='bbox 1221 545 1341 584; x_wconf 82' lang='lat' dir='ltr'><strong>figuris,</strong></span> <span class='ocrx_word' id='word_1_59' title='bbox 1368 551 1422 576; x_wconf 78' lang='lat' dir='ltr'><strong>aut</strong></span> <span class='ocrx_word' id='word_1_60' title='bbox 1446 546 1558 576; x_wconf 85' lang='lat' dir='ltr'><strong>acerba</strong></span> <span class='ocrx_word' id='word_1_61' title='bbox 1581 551 1656 576; x_wconf 88' lang='lat' dir='ltr'><strong>sunt</strong></span> 
     </span>
     <span class='ocr_line' id='line_1_7' title="bbox 179 597 1651 641; baseline 0.003 -15"><span class='ocrx_word' id='word_1_62' title='bbox 179 602 234 627; x_wconf 75' lang='lat' dir='ltr'><strong>aut</strong></span> <span class='ocrx_word' id='word_1_63' title='bbox 248 598 334 628; x_wconf 85' lang='lat' dir='ltr'><strong>lenia</strong></span> <span class='ocrx_word' id='word_1_64' title='bbox 349 608 388 629; x_wconf 75' lang='lat' dir='ltr'><strong>ea</strong></span> <span class='ocrx_word' id='word_1_65' title='bbox 403 608 474 639; x_wconf 86' lang='lat' dir='ltr'><strong>quae</strong></span> <span class='ocrx_word' id='word_1_66' title='bbox 491 598 530 628; x_wconf 90' lang='lat' dir='ltr'><strong>ad</strong></span> <span class='ocrx_word' id='word_1_67' title='bbox 547 603 672 639; x_wconf 78' lang='lat' dir='ltr'><strong>gustum</strong></span> <span class='ocrx_word' id='word_1_68' title='bbox 689 598 858 637; x_wconf 78' lang='lat' dir='ltr'><strong>pertinent.</strong></span> <span class='ocrx_word' id='word_1_69' title='bbox 903 597 990 628; x_wconf 83' lang='lat' dir='ltr'><strong>Nam</strong></span> <span class='ocrx_word' id='word_1_70' title='bbox 1005 607 1045 628; x_wconf 86' lang='lat' dir='ltr'><strong>ea</strong></span> <span class='ocrx_word' id='word_1_71' title='bbox 1060 607 1129 639; x_wconf 87' lang='lat' dir='ltr'><strong>quae</strong></span> <span class='ocrx_word' id='word_1_72' title='bbox 1144 598 1210 628; x_wconf 88' lang='lat' dir='ltr'><strong>vim</strong></span> <span class='ocrx_word' id='word_1_73' title='bbox 1225 598 1343 629; x_wconf 86' lang='lat' dir='ltr'><strong>habent</strong></span> <span class='ocrx_word' id='word_1_74' title='bbox 1356 599 1525 630; x_wconf 86' lang='lat' dir='ltr'><strong>inducendi</strong></span> <span class='ocrx_word' id='word_1_75' title='bbox 1541 605 1651 641; x_wconf 86' lang='lat' dir='ltr'><strong>stupo-</strong></span> 
     </span>
     <span class='ocr_line' id='line_1_8' title="bbox 176 651 1652 693; baseline 0.003 -13"><span class='ocrx_word' id='word_1_76' title='bbox 176 660 244 681; x_wconf 81' lang='lat' dir='ltr'><strong>rem</strong></span> <span class='ocrx_word' id='word_1_77' title='bbox 269 651 304 681; x_wconf 89' lang='lat' dir='ltr'><strong>in</strong></span> <span class='ocrx_word' id='word_1_78' title='bbox 327 652 479 692; x_wconf 79' lang='lat' dir='ltr'>linguam,</span> <span class='ocrx_word' id='word_1_79' title='bbox 502 651 635 693; x_wconf 86' lang='lat' dir='ltr'><strong>ejusque</strong></span> <span class='ocrx_word' id='word_1_80' title='bbox 661 651 890 692; x_wconf 85' lang='lat' dir='ltr'><strong>abstergendae,</strong></span> <span class='ocrx_word' id='word_1_81' title='bbox 919 651 1045 682; x_wconf 84' lang='lat' dir='ltr'>Acerba</span> <span class='ocrx_word' id='word_1_82' title='bbox 1081 651 1278 683; x_wconf 83' lang='lat' dir='ltr'><strong>sentiuntur:</strong></span> <span class='ocrx_word' id='word_1_83' title='bbox 1303 663 1373 693; x_wconf 85' lang='lat' dir='ltr'><strong>quae</strong></span> <span class='ocrx_word' id='word_1_84' title='bbox 1397 663 1470 683; x_wconf 89' lang='lat' dir='ltr'><strong>vero</strong></span> <span class='ocrx_word' id='word_1_85' title='bbox 1492 653 1652 684; x_wconf 78' lang='lat' dir='ltr'><strong>moderate</strong></span> 
     </span>
     <span class='ocr_line' id='line_1_9' title="bbox 175 704 1653 748; baseline 0.002 -13"><span class='ocrx_word' id='word_1_86' title='bbox 175 704 318 745; x_wconf 77' lang='lat' dir='ltr'><strong>linguam</strong></span> <span class='ocrx_word' id='word_1_87' title='bbox 344 706 540 746; x_wconf 83' lang='lat' dir='ltr'><strong>abstergunt,</strong></span> <span class='ocrx_word' id='word_1_88' title='bbox 571 707 680 736; x_wconf 83' lang='lat' dir='ltr'><strong>Salsa:</strong></span> <span class='ocrx_word' id='word_1_89' title='bbox 707 711 739 737; x_wconf 85' lang='lat' dir='ltr'><strong>at</strong></span> <span class='ocrx_word' id='word_1_90' title='bbox 754 716 823 747; x_wconf 87' lang='lat' dir='ltr'><strong>quae</strong></span> <span class='ocrx_word' id='word_1_91' title='bbox 846 706 989 746; x_wconf 86' lang='lat' dir='ltr'><strong>linguam</strong></span> <span class='ocrx_word' id='word_1_92' title='bbox 1008 706 1265 742; x_wconf 84' lang='lat' dir='ltr'><strong>inflammant,et</strong></span> <span class='ocrx_word' id='word_1_93' title='bbox 1295 707 1327 737; x_wconf 91' lang='lat' dir='ltr'><strong>in</strong></span> <span class='ocrx_word' id='word_1_94' title='bbox 1357 716 1485 738; x_wconf 74' lang='lat' dir='ltr'><strong>carnem</strong></span> <span class='ocrx_word' id='word_1_95' title='bbox 1512 707 1653 748; x_wconf 73' lang='lat' dir='ltr'><strong>penitius</strong></span> 
     </span>
     <span class='ocr_line' id='line_1_10' title="bbox 174 752 1650 803; baseline 0.003 -15"><span class='ocrx_word' id='word_1_96' title='bbox 174 758 360 795; x_wconf 85' lang='lat' dir='ltr'><strong>immanant,</strong></span> <span class='ocrx_word' id='word_1_97' title='bbox 386 758 484 802; x_wconf 74' lang='lat'>[101]</span> <span class='ocrx_word' id='word_1_98' title='bbox 502 760 610 791; x_wconf 87' lang='lat' dir='ltr'><strong>Acria.</strong></span> <span class='ocrx_word' id='word_1_99' title='bbox 633 765 666 791; x_wconf 89' lang='lat' dir='ltr'><strong>at</strong></span> <span class='ocrx_word' id='word_1_100' title='bbox 682 761 835 791; x_wconf 76' lang='lat' dir='ltr'><strong>contraria</strong></span> <span class='ocrx_word' id='word_1_101' title='bbox 851 766 884 792; x_wconf 89' lang='lat' dir='ltr'><strong>et</strong></span> <span class='ocrx_word' id='word_1_102' title='bbox 910 761 1002 791; x_wconf 84' lang='lat' dir='ltr'><strong>laevia</strong></span> <span class='ocrx_word' id='word_1_103' title='bbox 1027 752 1061 791; x_wconf 64' lang='lat' dir='ltr'><strong>et</strong></span> <span class='ocrx_word' id='word_1_104' title='bbox 1083 760 1202 799; x_wconf 83' lang='lat' dir='ltr'><strong>dulcia,</strong></span> <span class='ocrx_word' id='word_1_105' title='bbox 1224 761 1257 791; x_wconf 91' lang='lat' dir='ltr'><strong>in</strong></span> <span class='ocrx_word' id='word_1_106' title='bbox 1280 771 1411 792; x_wconf 86' lang='lat' dir='ltr'><strong>succum</strong></span> <span class='ocrx_word' id='word_1_107' title='bbox 1440 761 1650 803; x_wconf 80' lang='lat' dir='ltr'><strong>eliquescuut.</strong></span> 
     </span>
     <span class='ocr_line' id='line_1_11' title="bbox 174 809 1651 856; baseline 0.003 -15"><span class='ocrx_word' id='word_1_108' title='bbox 174 809 291 842; x_wconf 85' lang='lat' dir='ltr'><strong>odoris</strong></span> <span class='ocrx_word' id='word_1_109' title='bbox 309 822 399 853; x_wconf 88' lang='lat' dir='ltr'><strong>porro</strong></span> <span class='ocrx_word' id='word_1_110' title='bbox 414 813 536 854; x_wconf 86' lang='lat' dir='ltr'><strong>species</strong></span> <span class='ocrx_word' id='word_1_111' title='bbox 552 814 710 845; x_wconf 81' lang='lat' dir='ltr'><strong>distinctae</strong></span> <span class='ocrx_word' id='word_1_112' title='bbox 720 825 785 845; x_wconf 89' lang='lat' dir='ltr'><strong>non</strong></span> <span class='ocrx_word' id='word_1_113' title='bbox 802 820 886 846; x_wconf 80' lang='lat' dir='ltr'><strong>sunt.</strong></span> <span class='ocrx_word' id='word_1_114' title='bbox 911 825 969 856; x_wconf 86' lang='lat' dir='ltr'><strong>per</strong></span> <span class='ocrx_word' id='word_1_115' title='bbox 994 819 1144 856; x_wconf 78' lang='lat' dir='ltr'><strong>angustos</strong></span> <span class='ocrx_word' id='word_1_116' title='bbox 1173 814 1260 845; x_wconf 89' lang='lat' dir='ltr'><strong>enim</strong></span> <span class='ocrx_word' id='word_1_117' title='bbox 1288 820 1412 845; x_wconf 82' lang='lat' dir='ltr'><strong>meatus</strong></span> <span class='ocrx_word' id='word_1_118' title='bbox 1435 815 1651 856; x_wconf 81' lang='lat' dir='ltr'><strong>percolantur.</strong></span> 
     </span>
     <span class='ocr_line' id='line_1_12' title="bbox 172 864 1652 911; baseline 0.003 -17"><span class='ocrx_word' id='word_1_119' title='bbox 172 864 228 905; x_wconf 83' lang='lat' dir='ltr'><strong>qui</strong></span> <span class='ocrx_word' id='word_1_120' title='bbox 243 865 408 896; x_wconf 82' lang='lat' dir='ltr'><strong>solidiores</strong></span> <span class='ocrx_word' id='word_1_121' title='bbox 423 867 552 908; x_wconf 86' lang='lat' dir='ltr'><strong>quidem</strong></span> <span class='ocrx_word' id='word_1_122' title='bbox 567 873 641 898; x_wconf 82' lang='lat' dir='ltr'><strong>sunt</strong></span> <span class='ocrx_word' id='word_1_123' title='bbox 656 879 748 909; x_wconf 86' lang='lat' dir='ltr'><strong>quam</strong></span> <span class='ocrx_word' id='word_1_124' title='bbox 766 874 801 899; x_wconf 88' lang='lat' dir='ltr'><strong>ut</strong></span> <span class='ocrx_word' id='word_1_125' title='bbox 813 869 956 900; x_wconf 86' lang='lat' dir='ltr'><strong>contrahi</strong></span> <span class='ocrx_word' id='word_1_126' title='bbox 970 873 1003 899; x_wconf 91' lang='lat' dir='ltr'><strong>et</strong></span> <span class='ocrx_word' id='word_1_127' title='bbox 1018 868 1157 910; x_wconf 83' lang='lat' dir='ltr'><strong>dispesci</strong></span> <span class='ocrx_word' id='word_1_128' title='bbox 1173 868 1296 910; x_wconf 86' lang='lat' dir='ltr'><strong>possint</strong></span> <span class='ocrx_word' id='word_1_129' title='bbox 1310 868 1595 911; x_wconf 77' lang='lat' dir='ltr'><strong>putrefactionibus</strong></span> <span class='ocrx_word' id='word_1_130' title='bbox 1618 874 1652 900; x_wconf 90' lang='lat' dir='ltr'><strong>et</strong></span> 
     </span>
     <span class='ocr_line' id='line_1_13' title="bbox 172 920 1650 964; baseline 0.003 -15"><span class='ocrx_word' id='word_1_131' title='bbox 172 920 431 951; x_wconf 79' lang='lat' dir='ltr'><strong>concoctionibus</strong></span> <span class='ocrx_word' id='word_1_132' title='bbox 446 926 549 957; x_wconf 87' lang='lat' dir='ltr'><strong>terrae,</strong></span> <span class='ocrx_word' id='word_1_133' title='bbox 573 932 743 963; x_wconf 82' lang='lat' dir='ltr'><strong>rerumque</strong></span> <span class='ocrx_word' id='word_1_134' title='bbox 774 929 956 954; x_wconf 81' lang='lat' dir='ltr'><strong>terrearum.</strong></span> <span class='ocrx_word' id='word_1_135' title='bbox 981 928 1054 953; x_wconf 88' lang='lat' dir='ltr'><strong>sunt</strong></span> <span class='ocrx_word' id='word_1_136' title='bbox 1082 933 1155 954; x_wconf 88' lang='lat' dir='ltr'><strong>vero</strong></span> <span class='ocrx_word' id='word_1_137' title='bbox 1181 923 1229 954; x_wconf 87' lang='lat' dir='ltr'><strong>vel</strong></span> <span class='ocrx_word' id='word_1_138' title='bbox 1250 922 1384 964; x_wconf 84' lang='lat' dir='ltr'><strong>jucundi</strong></span> <span class='ocrx_word' id='word_1_139' title='bbox 1409 923 1460 953; x_wconf 86' lang='lat' dir='ltr'><strong>vel</strong></span> <span class='ocrx_word' id='word_1_140' title='bbox 1484 922 1650 964; x_wconf 82' lang='lat' dir='ltr'><strong>injucundi</strong></span> 
     </span>
     <span class='ocr_line' id='line_1_14' title="bbox 172 971 1651 1019; baseline 0.003 -17"><span class='ocrx_word' id='word_1_141' title='bbox 172 971 290 1004; x_wconf 83' lang='lat' dir='ltr'><strong>odoris.</strong></span> <span class='ocrx_word' id='word_1_142' title='bbox 340 973 410 1003; x_wconf 85' lang='lat' dir='ltr'><strong>Vox</strong></span> <span class='ocrx_word' id='word_1_143' title='bbox 436 980 560 1011; x_wconf 88' lang='lat' dir='ltr'><strong>autem,</strong></span> <span class='ocrx_word' id='word_1_144' title='bbox 586 975 667 1006; x_wconf 80' lang='lat' dir='ltr'><strong>ictus</strong></span> <span class='ocrx_word' id='word_1_145' title='bbox 691 976 722 1005; x_wconf 91' lang='lat' dir='ltr'><strong>in</strong></span> <span class='ocrx_word' id='word_1_146' title='bbox 747 987 806 1006; x_wconf 83' lang='lat' dir='ltr'><strong>aere</strong></span> <span class='ocrx_word' id='word_1_147' title='bbox 836 976 913 1017; x_wconf 78' lang='lat' dir='ltr'><strong>[aere</strong></span> <span class='ocrx_word' id='word_1_148' title='bbox 930 977 1135 1019; x_wconf 80' lang='lat' dir='ltr'><strong>intermedio]</strong></span> <span class='ocrx_word' id='word_1_149' title='bbox 1154 977 1193 1007; x_wconf 90' lang='lat' dir='ltr'><strong>ad</strong></span> <span class='ocrx_word' id='word_1_150' title='bbox 1216 977 1355 1007; x_wconf 84' lang='lat' dir='ltr'><strong>animum</strong></span> <span class='ocrx_word' id='word_1_151' title='bbox 1381 977 1568 1017; x_wconf 80' lang='lat' dir='ltr'><strong>perveniens</strong></span> <span class='ocrx_word' id='word_1_152' title='bbox 1594 987 1651 1018; x_wconf 85' lang='lat' dir='ltr'><strong>per</strong></span> 
     </span>
     <span class='ocr_line' id='line_1_15' title="bbox 172 1029 1652 1071; baseline 0.003 -16"><span class='ocrx_word' id='word_1_153' title='bbox 172 1035 281 1057; x_wconf 85' lang='lat' dir='ltr'><strong>aures:</strong></span> <span class='ocrx_word' id='word_1_154' title='bbox 307 1037 441 1067; x_wconf 87' lang='lat' dir='ltr'><strong>quarum</strong></span> <span class='ocrx_word' id='word_1_155' title='bbox 464 1029 589 1059; x_wconf 88' lang='lat' dir='ltr'><strong>aurium</strong></span> <span class='ocrx_word' id='word_1_156' title='bbox 605 1035 726 1060; x_wconf 85' lang='lat' dir='ltr'><strong>meatus</strong></span> <span class='ocrx_word' id='word_1_157' title='bbox 741 1031 954 1070; x_wconf 86' lang='lat' dir='ltr'><strong>procedentes</strong></span> <span class='ocrx_word' id='word_1_158' title='bbox 971 1031 1010 1061; x_wconf 87' lang='lat' dir='ltr'><strong>ad</strong></span> <span class='ocrx_word' id='word_1_159' title='bbox 1022 1030 1113 1071; x_wconf 87' lang='lat' dir='ltr'><strong>jecur</strong></span> <span class='ocrx_word' id='word_1_160' title='bbox 1129 1041 1227 1071; x_wconf 80' lang='lat' dir='ltr'><strong>usque</strong></span> <span class='ocrx_word' id='word_1_161' title='bbox 1251 1031 1451 1071; x_wconf 85' lang='lat' dir='ltr'><strong>contingunt.</strong></span> <span class='ocrx_word' id='word_1_162' title='bbox 1472 1031 1507 1060; x_wconf 92' lang='lat' dir='ltr'><strong>in</strong></span> <span class='ocrx_word' id='word_1_163' title='bbox 1533 1029 1580 1060; x_wconf 88' lang='lat' dir='ltr'><strong>his</strong></span> <span class='ocrx_word' id='word_1_164' title='bbox 1603 1036 1652 1060; x_wconf 84' lang='lat' dir='ltr'><strong>est</strong></span> 
     </span>
     <span class='ocr_line' id='line_1_16' title="bbox 171 1080 1650 1122; baseline 0.003 -12"><span class='ocrx_word' id='word_1_165' title='bbox 171 1080 316 1121; x_wconf 86' lang='lat' dir='ltr'><strong>spiritus,</strong></span> <span class='ocrx_word' id='word_1_166' title='bbox 339 1081 431 1122; x_wconf 90' lang='lat' dir='ltr'><strong>cujus</strong></span> <span class='ocrx_word' id='word_1_167' title='bbox 447 1087 550 1112; x_wconf 87' lang='lat' dir='ltr'><strong>motus</strong></span> <span class='ocrx_word' id='word_1_168' title='bbox 565 1088 613 1113; x_wconf 84' lang='lat' dir='ltr'><strong>est</strong></span> <span class='ocrx_word' id='word_1_169' title='bbox 633 1083 770 1114; x_wconf 85' lang='lat' dir='ltr'><strong>auditus.</strong></span> <span class='ocrx_word' id='word_1_170' title='bbox 818 1084 915 1115; x_wconf 89' lang='lat' dir='ltr'><strong>Vocis</strong></span> <span class='ocrx_word' id='word_1_171' title='bbox 939 1095 1014 1115; x_wconf 88' lang='lat' dir='ltr'><strong>vero</strong></span> <span class='ocrx_word' id='word_1_172' title='bbox 1043 1089 1077 1114; x_wconf 87' lang='lat' dir='ltr'><strong>et</strong></span> <span class='ocrx_word' id='word_1_173' title='bbox 1103 1085 1230 1115; x_wconf 86' lang='lat' dir='ltr'><strong>auditus</strong></span> <span class='ocrx_word' id='word_1_174' title='bbox 1250 1084 1314 1114; x_wconf 88' lang='lat' dir='ltr'><strong>alia</strong></span> <span class='ocrx_word' id='word_1_175' title='bbox 1330 1085 1432 1119; x_wconf 79' lang='lat' dir='ltr'><strong>velox,</strong></span> <span class='ocrx_word' id='word_1_176' title='bbox 1459 1083 1522 1114; x_wconf 88' lang='lat' dir='ltr'><strong>alia</strong></span> <span class='ocrx_word' id='word_1_177' title='bbox 1546 1088 1650 1120; x_wconf 81' lang='lat' dir='ltr'><strong>acuta,</strong></span> 
     </span>
     <span class='ocr_line' id='line_1_17' title="bbox 170 1133 1652 1176; baseline 0.003 -12"><span class='ocrx_word' id='word_1_178' title='bbox 170 1133 234 1164; x_wconf 79' lang='lat' dir='ltr'><strong>alia</strong></span> <span class='ocrx_word' id='word_1_179' title='bbox 252 1134 360 1165; x_wconf 83' lang='lat' dir='ltr'><strong>tarda:</strong></span> <span class='ocrx_word' id='word_1_180' title='bbox 386 1136 489 1176; x_wconf 79' lang='lat' dir='ltr'><strong>gravis</strong></span> <span class='ocrx_word' id='word_1_181' title='bbox 504 1136 621 1173; x_wconf 84' lang='lat' dir='ltr'><strong>media,</strong></span> <span class='ocrx_word' id='word_1_182' title='bbox 636 1137 733 1167; x_wconf 90' lang='lat' dir='ltr'><strong>nullis</strong></span> <span class='ocrx_word' id='word_1_183' title='bbox 752 1143 859 1167; x_wconf 76' lang='lat' dir='ltr'><strong>tamen</strong></span> <span class='ocrx_word' id='word_1_184' title='bbox 887 1142 980 1168; x_wconf 80' lang='lat' dir='ltr'><strong>certae</strong></span> <span class='ocrx_word' id='word_1_185' title='bbox 1005 1148 1160 1168; x_wconf 67' lang='lat' dir='ltr'><strong>mensurae</strong></span> <span class='ocrx_word' id='word_1_186' title='bbox 1189 1137 1331 1168; x_wconf 84' lang='lat' dir='ltr'><strong>terminis</strong></span> <span class='ocrx_word' id='word_1_187' title='bbox 1352 1138 1483 1168; x_wconf 78' lang='lat' dir='ltr'><strong>definita</strong></span> <span class='ocrx_word' id='word_1_188' title='bbox 1501 1149 1508 1167; x_wconf 73' lang='grc' dir='ltr'><em>τ</em></span> <span class='ocrx_word' id='word_1_189' title='bbox 1534 1143 1567 1168; x_wconf 86' lang='lat' dir='ltr'><strong>et</strong></span> <span class='ocrx_word' id='word_1_190' title='bbox 1589 1137 1652 1169; x_wconf 83' lang='lat' dir='ltr'><strong>alia</strong></span> 
     </span>
     <span class='ocr_line' id='line_1_18' title="bbox 172 1188 1649 1233; baseline 0.003 -16"><span class='ocrx_word' id='word_1_191' title='bbox 172 1188 302 1229; x_wconf 82' lang='lat' dir='ltr'><strong>quidem</strong></span> <span class='ocrx_word' id='word_1_192' title='bbox 317 1189 412 1220; x_wconf 87' lang='lat' dir='ltr'><strong>multa</strong></span> <span class='ocrx_word' id='word_1_193' title='bbox 430 1195 463 1220; x_wconf 91' lang='lat' dir='ltr'><strong>et</strong></span> <span class='ocrx_word' id='word_1_194' title='bbox 479 1189 605 1226; x_wconf 85' lang='lat' dir='ltr'><strong>diffusa,</strong></span> <span class='ocrx_word' id='word_1_195' title='bbox 622 1200 733 1231; x_wconf 84' lang='lat' dir='ltr'><strong>magna</strong></span> <span class='ocrx_word' id='word_1_196' title='bbox 749 1199 798 1221; x_wconf 83' lang='lat' dir='ltr'><strong>est</strong></span> <span class='ocrx_word' id='word_1_197' title='bbox 812 1202 819 1220; x_wconf 87' lang='lat'><strong>:</strong></span> <span class='ocrx_word' id='word_1_198' title='bbox 851 1191 913 1222; x_wconf 81' lang='lat' dir='ltr'><strong>alia</strong></span> <span class='ocrx_word' id='word_1_199' title='bbox 925 1201 1027 1232; x_wconf 79' lang='lat' dir='ltr'><strong>pauca</strong></span> <span class='ocrx_word' id='word_1_200' title='bbox 1038 1196 1071 1221; x_wconf 91' lang='lat' dir='ltr'><strong>et</strong></span> <span class='ocrx_word' id='word_1_201' title='bbox 1085 1196 1258 1228; x_wconf 84' lang='lat' dir='ltr'><strong>contracta,</strong></span> <span class='ocrx_word' id='word_1_202' title='bbox 1273 1201 1390 1233; x_wconf 85' lang='lat' dir='ltr'><strong>parva:</strong></span> <span class='ocrx_word' id='word_1_203' title='bbox 1423 1192 1485 1222; x_wconf 81' lang='lat' dir='ltr'><strong>alia</strong></span> <span class='ocrx_word' id='word_1_204' title='bbox 1509 1201 1582 1222; x_wconf 82' lang='lat' dir='ltr'><strong>vero</strong></span> <span class='ocrx_word' id='word_1_205' title='bbox 1608 1191 1649 1222; x_wconf 87' lang='lat' dir='ltr'><strong>ad</strong></span> 
     </span>
     <span class='ocr_line' id='line_1_19' title="bbox 169 1243 1650 1285; baseline 0.003 -13"><span class='ocrx_word' id='word_1_206' title='bbox 169 1243 307 1272; x_wconf 80' lang='lat' dir='ltr'><strong>rationes</strong></span> <span class='ocrx_word' id='word_1_207' title='bbox 322 1243 462 1274; x_wconf 86' lang='lat' dir='ltr'><strong>Musicas</strong></span> <span class='ocrx_word' id='word_1_208' title='bbox 478 1243 633 1280; x_wconf 82' lang='lat' dir='ltr'><strong>ordinata,</strong></span> <span class='ocrx_word' id='word_1_209' title='bbox 650 1245 807 1275; x_wconf 87' lang='lat' dir='ltr'><strong>concinna</strong></span> <span class='ocrx_word' id='word_1_210' title='bbox 819 1250 870 1276; x_wconf 87' lang='lat' dir='ltr'><strong>est</strong></span> <span class='ocrx_word' id='word_1_211' title='bbox 883 1257 889 1275; x_wconf 78' lang='lat' dir='ltr'>z</span> <span class='ocrx_word' id='word_1_212' title='bbox 923 1246 985 1276; x_wconf 81' lang='lat' dir='ltr'><strong>alia</strong></span> <span class='ocrx_word' id='word_1_213' title='bbox 999 1245 1131 1276; x_wconf 87' lang='lat' dir='ltr'><strong>confusa</strong></span> <span class='ocrx_word' id='word_1_214' title='bbox 1147 1251 1180 1276; x_wconf 84' lang='lat' dir='ltr'><strong>et</strong></span> <span class='ocrx_word' id='word_1_215' title='bbox 1194 1256 1211 1276; x_wconf 90' lang='lat' dir='ltr'><strong>a</strong></span> <span class='ocrx_word' id='word_1_216' title='bbox 1225 1246 1347 1276; x_wconf 84' lang='lat' dir='ltr'><strong>ratione</strong></span> <span class='ocrx_word' id='word_1_217' title='bbox 1373 1245 1488 1285; x_wconf 85' lang='lat' dir='ltr'><strong>aliena,</strong></span> <span class='ocrx_word' id='word_1_218' title='bbox 1515 1245 1650 1276; x_wconf 78' lang='lat' dir='ltr'><strong>absurda</strong></span> 
     </span>
     <span class='ocr_line' id='line_1_20' title="bbox 169 1297 1649 1341; baseline 0.003 -15"><span class='ocrx_word' id='word_1_219' title='bbox 169 1301 221 1326; x_wconf 89' lang='lat' dir='ltr'><strong>est</strong></span> <span class='ocrx_word' id='word_1_220' title='bbox 235 1301 330 1337; x_wconf 82' lang='lat' dir='ltr'><strong>atque</strong></span> <span class='ocrx_word' id='word_1_221' title='bbox 352 1297 574 1338; x_wconf 80' lang='lat' dir='ltr'><strong>intemperata.</strong></span> <span class='ocrx_word' id='word_1_222' title='bbox 619 1298 777 1335; x_wconf 85' lang='lat' dir='ltr'><strong>Quartum</strong></span> <span class='ocrx_word' id='word_1_223' title='bbox 804 1305 912 1330; x_wconf 86' lang='lat' dir='ltr'><strong>autem</strong></span> <span class='ocrx_word' id='word_1_224' title='bbox 941 1309 1042 1340; x_wconf 86' lang='lat' dir='ltr'><strong>genus</strong></span> <span class='ocrx_word' id='word_1_225' title='bbox 1065 1309 1176 1331; x_wconf 90' lang='lat' dir='ltr'><strong>eorum</strong></span> <span class='ocrx_word' id='word_1_226' title='bbox 1203 1309 1275 1341; x_wconf 88' lang='lat' dir='ltr'><strong>quae</strong></span> <span class='ocrx_word' id='word_1_227' title='bbox 1300 1300 1358 1330; x_wconf 90' lang='lat' dir='ltr'><strong>sub</strong></span> <span class='ocrx_word' id='word_1_228' title='bbox 1378 1307 1494 1331; x_wconf 83' lang='lat' dir='ltr'><strong>&#39;sensus</strong></span> <span class='ocrx_word' id='word_1_229' title='bbox 1520 1299 1649 1335; x_wconf 81' lang='lat' dir='ltr'><strong>cadunt,</strong></span> 
     </span>
     <span class='ocr_line' id='line_1_21' title="bbox 169 1346 1650 1395; baseline 0.004 -17"><span class='ocrx_word' id='word_1_230' title='bbox 169 1349 269 1380; x_wconf 77' lang='lat' dir='ltr'><strong>varias</strong></span> <span class='ocrx_word' id='word_1_231' title='bbox 281 1350 375 1381; x_wconf 86' lang='lat' dir='ltr'><strong>habet</strong></span> <span class='ocrx_word' id='word_1_232' title='bbox 389 1356 484 1392; x_wconf 87' lang='lat' dir='ltr'><strong>atque</strong></span> <span class='ocrx_word' id='word_1_233' title='bbox 498 1352 695 1393; x_wconf 77' lang='lat' dir='ltr'><strong>multiplices</strong></span> <span class='ocrx_word' id='word_1_234' title='bbox 710 1353 845 1394; x_wconf 85' lang='lat' dir='ltr'><strong>species.</strong></span> <span class='ocrx_word' id='word_1_235' title='bbox 867 1364 904 1384; x_wconf 80' lang='lat' dir='ltr'><strong>ea</strong></span> <span class='ocrx_word' id='word_1_236' title='bbox 918 1364 1013 1395; x_wconf 87' lang='lat' dir='ltr'><strong>porro</strong></span> <span class='ocrx_word' id='word_1_237' title='bbox 1029 1354 1181 1384; x_wconf 80' lang='lat' dir='ltr'><strong>dicuntur</strong></span> <span class='ocrx_word' id='word_1_238' title='bbox 1204 1353 1358 1384; x_wconf 76' lang='lat' dir='ltr'><strong>visibilia:</strong></span> <span class='ocrx_word' id='word_1_239' title='bbox 1384 1364 1446 1394; x_wconf 92' lang='lat' dir='ltr'><strong>quo</strong></span> <span class='ocrx_word' id='word_1_240' title='bbox 1473 1346 1588 1394; x_wconf 85' lang='lat' dir='ltr'><strong>genere</strong></span> <span class='ocrx_word' id='word_1_241' title='bbox 1616 1358 1650 1384; x_wconf 90' lang='lat' dir='ltr'><strong>et</strong></span> 
     </span>
     <span class='ocr_line' id='line_1_22' title="bbox 170 1403 1649 1449; baseline 0.003 -16"><span class='ocrx_word' id='word_1_242' title='bbox 170 1403 248 1434; x_wconf 75' lang='lat' dir='ltr'><strong>varii</strong></span> <span class='ocrx_word' id='word_1_243' title='bbox 278 1404 398 1435; x_wconf 87' lang='lat' dir='ltr'><strong>colores</strong></span> <span class='ocrx_word' id='word_1_244' title='bbox 427 1410 461 1435; x_wconf 90' lang='lat' dir='ltr'><strong>et</strong></span> <span class='ocrx_word' id='word_1_245' title='bbox 486 1406 633 1437; x_wconf 84' lang='lat' dir='ltr'><strong>coloratae</strong></span> <span class='ocrx_word' id='word_1_246' title='bbox 663 1416 715 1437; x_wconf 88' lang='lat' dir='ltr'><strong>res</strong></span> <span class='ocrx_word' id='word_1_247' title='bbox 745 1408 984 1448; x_wconf 76' lang='lat' dir='ltr'><strong>quamplurimae</strong></span> <span class='ocrx_word' id='word_1_248' title='bbox 1022 1408 1343 1449; x_wconf 86' lang='lat' dir='ltr'><strong>comprehenduntur.</strong></span> <span class='ocrx_word' id='word_1_249' title='bbox 1403 1408 1503 1438; x_wconf 83' lang='lat' dir='ltr'><strong>Primi</strong></span> <span class='ocrx_word' id='word_1_250' title='bbox 1541 1412 1649 1438; x_wconf 88' lang='lat' dir='ltr'><strong>autem</strong></span> 
     </span>
     <span class='ocr_line' id='line_1_23' title="bbox 169 1459 1648 1502; baseline 0.002 -14"><span class='ocrx_word' id='word_1_251' title='bbox 169 1459 289 1489; x_wconf 89' lang='lat' dir='ltr'><strong>colores</strong></span> <span class='ocrx_word' id='word_1_252' title='bbox 318 1464 392 1490; x_wconf 87' lang='lat' dir='ltr'><strong>sunt</strong></span> <span class='ocrx_word' id='word_1_253' title='bbox 413 1464 560 1501; x_wconf 84' lang='lat' dir='ltr'><strong>quatuor,</strong></span> <span class='ocrx_word' id='word_1_254' title='bbox 583 1460 699 1497; x_wconf 88' lang='lat' dir='ltr'><strong>Albus,</strong></span> <span class='ocrx_word' id='word_1_255' title='bbox 725 1461 826 1501; x_wconf 82' lang='lat' dir='ltr'><strong>niger,</strong></span> <span class='ocrx_word' id='word_1_256' title='bbox 857 1460 1052 1502; x_wconf 84' lang='lat' dir='ltr'><strong>splendidus,</strong></span> <span class='ocrx_word' id='word_1_257' title='bbox 1080 1461 1248 1502; x_wconf 82' lang='lat' dir='ltr'><strong>puniceus.</strong></span> <span class='ocrx_word' id='word_1_258' title='bbox 1280 1461 1391 1502; x_wconf 86' lang='lat' dir='ltr'><strong>reliqui</strong></span> <span class='ocrx_word' id='word_1_259' title='bbox 1418 1461 1500 1492; x_wconf 84' lang='lat' dir='ltr'><strong>enim</strong></span> <span class='ocrx_word' id='word_1_260' title='bbox 1530 1471 1571 1492; x_wconf 85' lang='lat' dir='ltr'><strong>ex</strong></span> <span class='ocrx_word' id='word_1_261' title='bbox 1601 1461 1648 1491; x_wconf 84' lang='lat' dir='ltr'><strong>his</strong></span> 
     </span>
     <span class='ocr_line' id='line_1_24' title="bbox 171 1512 1647 1556; baseline 0.002 -14"><span class='ocrx_word' id='word_1_262' title='bbox 171 1512 334 1553; x_wconf 84' lang='lat' dir='ltr'><strong>permixtis</strong></span> <span class='ocrx_word' id='word_1_263' title='bbox 352 1518 553 1554; x_wconf 81' lang='lat' dir='ltr'><strong>generantur.</strong></span> <span class='ocrx_word' id='word_1_264' title='bbox 599 1514 702 1545; x_wconf 87' lang='lat' dir='ltr'><strong>Albus</strong></span> <span class='ocrx_word' id='word_1_265' title='bbox 716 1515 814 1555; x_wconf 88' lang='lat' dir='ltr'><strong>igitur</strong></span> <span class='ocrx_word' id='word_1_266' title='bbox 830 1515 917 1545; x_wconf 88' lang='lat' dir='ltr'><strong>color</strong></span> <span class='ocrx_word' id='word_1_267' title='bbox 933 1515 1033 1545; x_wconf 87' lang='lat' dir='ltr'><strong>visum</strong></span> <span class='ocrx_word' id='word_1_268' title='bbox 1061 1514 1228 1556; x_wconf 82' lang='lat' dir='ltr'><strong>dispescit,</strong></span> <span class='ocrx_word' id='word_1_269' title='bbox 1250 1515 1339 1556; x_wconf 83' lang='lat' dir='ltr'><strong>niger</strong></span> <span class='ocrx_word' id='word_1_270' title='bbox 1365 1514 1528 1556; x_wconf 83' lang='lat' dir='ltr'><strong>componit</strong></span> <span class='ocrx_word' id='word_1_271' title='bbox 1552 1519 1647 1555; x_wconf 90' lang='lat' dir='ltr'><strong>atque</strong></span> 
     </span>
     <span class='ocr_line' id='line_1_25' title="bbox 170 1567 1650 1610; baseline 0.001 -15"><span class='ocrx_word' id='word_1_272' title='bbox 170 1571 389 1606; x_wconf 77' lang='lat' dir='ltr'><strong>coagmentat:</strong></span> <span class='ocrx_word' id='word_1_273' title='bbox 424 1567 689 1608; x_wconf 84' lang='lat' dir='ltr'><strong>quemadmodum</strong></span> <span class='ocrx_word' id='word_1_274' title='bbox 715 1568 861 1599; x_wconf 85' lang='lat' dir='ltr'><strong>Calidum</strong></span> <span class='ocrx_word' id='word_1_275' title='bbox 887 1568 1039 1598; x_wconf 83' lang='lat' dir='ltr'><strong>diffundit</strong></span> <span class='ocrx_word' id='word_1_276' title='bbox 1063 1573 1202 1599; x_wconf 84' lang='lat' dir='ltr'><strong>tactum:</strong></span> <span class='ocrx_word' id='word_1_277' title='bbox 1227 1568 1376 1610; x_wconf 79' lang='lat' dir='ltr'><strong>frigidum</strong></span> <span class='ocrx_word' id='word_1_278' title='bbox 1400 1574 1510 1599; x_wconf 84' lang='lat' dir='ltr'><strong>contra</strong></span> <span class='ocrx_word' id='word_1_279' title='bbox 1542 1573 1650 1609; x_wconf 77' lang='lat' dir='ltr'><strong>potest</strong></span> 
     </span>
     <span class='ocr_line' id='line_1_26' title="bbox 169 1620 1648 1664; baseline 0.002 -14"><span class='ocrx_word' id='word_1_280' title='bbox 169 1620 373 1651; x_wconf 83' lang='lat' dir='ltr'><strong>contrahere:</strong></span> <span class='ocrx_word' id='word_1_281' title='bbox 402 1626 435 1651; x_wconf 89' lang='lat' dir='ltr'><strong>et</strong></span> <span class='ocrx_word' id='word_1_282' title='bbox 458 1621 605 1652; x_wconf 84' lang='lat' dir='ltr'><strong>acerbum</strong></span> <span class='ocrx_word' id='word_1_283' title='bbox 622 1632 750 1664; x_wconf 86' lang='lat' dir='ltr'><strong>quoque</strong></span> <span class='ocrx_word' id='word_1_284' title='bbox 763 1627 891 1663; x_wconf 85' lang='lat' dir='ltr'><strong>gustum</strong></span> <span class='ocrx_word' id='word_1_285' title='bbox 907 1623 1104 1659; x_wconf 81' lang='lat' dir='ltr'><strong>contrahere,</strong></span> <span class='ocrx_word' id='word_1_286' title='bbox 1117 1633 1188 1654; x_wconf 84' lang='lat' dir='ltr'><strong>acre</strong></span> <span class='ocrx_word' id='word_1_287' title='bbox 1204 1632 1281 1653; x_wconf 88' lang='lat' dir='ltr'><strong>vero</strong></span> <span class='ocrx_word' id='word_1_288' title='bbox 1306 1622 1455 1654; x_wconf 85' lang='lat' dir='ltr'><strong>diducere</strong></span> <span class='ocrx_word' id='word_1_289' title='bbox 1482 1623 1566 1653; x_wconf 89' lang='lat' dir='ltr'><strong>solet</strong></span> <span class='ocrx_word' id='word_1_290' title='bbox 1589 1628 1648 1653; x_wconf 79' lang='lat' dir='ltr'><strong>na·</strong></span> 
     </span>
     <span class='ocr_line' id='line_1_27' title="bbox 170 1673 1645 1718; baseline 0.001 -14"><span class='ocrx_word' id='word_1_291' title='bbox 170 1674 264 1704; x_wconf 81' lang='lat' dir='ltr'><strong>turali</strong></span> <span class='ocrx_word' id='word_1_292' title='bbox 279 1673 418 1715; x_wconf 85' lang='lat' dir='ltr'><strong>quadam</strong></span> <span class='ocrx_word' id='word_1_293' title='bbox 446 1675 609 1706; x_wconf 81' lang='lat' dir='ltr'><strong>facultate.</strong></span> <span class='ocrx_word' id='word_1_294' title='bbox 656 1675 752 1707; x_wconf 92' lang='lat' dir='ltr'><strong>Porro</strong></span> <span class='ocrx_word' id='word_1_295' title='bbox 769 1676 954 1707; x_wconf 86' lang='lat' dir='ltr'><strong>animalium</strong></span> <span class='ocrx_word' id='word_1_296' title='bbox 983 1685 1091 1707; x_wconf 87' lang='lat' dir='ltr'><strong>eorum</strong></span> <span class='ocrx_word' id='word_1_297' title='bbox 1110 1687 1180 1718; x_wconf 85' lang='lat' dir='ltr'><strong>quae</strong></span> <span class='ocrx_word' id='word_1_298' title='bbox 1203 1676 1308 1708; x_wconf 67' lang='lat' dir='ltr'><strong>aerem</strong></span> <span class='ocrx_word' id='word_1_299' title='bbox 1334 1677 1505 1718; x_wconf 84' lang='lat' dir='ltr'><strong>inspirant,</strong></span> <span class='ocrx_word' id='word_1_300' title='bbox 1530 1686 1645 1718; x_wconf 86' lang='lat' dir='ltr'><strong>corpus</strong></span> 
     </span>
     <span class='ocr_line' id='line_1_28' title="bbox 169 1728 1646 1772; baseline 0.001 -14"><span class='ocrx_word' id='word_1_301' title='bbox 169 1732 203 1757; x_wconf 90' lang='lat' dir='ltr'><strong>et</strong></span> <span class='ocrx_word' id='word_1_302' title='bbox 217 1728 356 1759; x_wconf 81' lang='lat' dir='ltr'><strong>nutritur</strong></span> <span class='ocrx_word' id='word_1_303' title='bbox 367 1733 401 1759; x_wconf 90' lang='lat' dir='ltr'><strong>et</strong></span> <span class='ocrx_word' id='word_1_304' title='bbox 413 1735 625 1766; x_wconf 85' lang='lat' dir='ltr'><strong>conservatur,</strong></span> <span class='ocrx_word' id='word_1_305' title='bbox 639 1730 713 1760; x_wconf 90' lang='lat' dir='ltr'><strong>dum</strong></span> <span class='ocrx_word' id='word_1_306' title='bbox 726 1730 911 1761; x_wconf 75' lang='lat' dir='ltr'><strong>alimentum</strong></span> <span class='ocrx_word' id='word_1_307' title='bbox 926 1740 985 1772; x_wconf 92' lang='lat' dir='ltr'><strong>per</strong></span> <span class='ocrx_word' id='word_1_308' title='bbox 999 1741 1096 1762; x_wconf 82' lang='lat' dir='ltr'><strong>venas</strong></span> <span class='ocrx_word' id='word_1_309' title='bbox 1106 1730 1141 1762; x_wconf 91' lang='lat' dir='ltr'><strong>in</strong></span> <span class='ocrx_word' id='word_1_310' title='bbox 1163 1731 1342 1762; x_wconf 84' lang='lat' dir='ltr'><strong>universam</strong></span> <span class='ocrx_word' id='word_1_311' title='bbox 1366 1731 1504 1772; x_wconf 86' lang='lat' dir='ltr'><strong>corporis</strong></span> <span class='ocrx_word' id='word_1_312' title='bbox 1529 1730 1646 1761; x_wconf 88' lang='lat' dir='ltr'><strong>molem</strong></span> 
     </span>
     <span class='ocr_line' id='line_1_29' title="bbox 170 1781 1648 1826; baseline 0.002 -15"><span class='ocrx_word' id='word_1_313' title='bbox 170 1781 380 1820; x_wconf 74' lang='lat' dir='ltr'><strong>distribuitur,</strong></span> <span class='ocrx_word' id='word_1_314' title='bbox 392 1788 425 1814; x_wconf 85' lang='lat' dir='ltr'><strong>et</strong></span> <span class='ocrx_word' id='word_1_315' title='bbox 441 1782 619 1815; x_wconf 87' lang='lat' dir='ltr'><strong>defluxione</strong></span> <span class='ocrx_word' id='word_1_316' title='bbox 632 1783 769 1824; x_wconf 88' lang='lat' dir='ltr'><strong>quadam</strong></span> <span class='ocrx_word' id='word_1_317' title='bbox 783 1783 883 1815; x_wconf 81' lang='lat' dir='ltr'><strong>veluti</strong></span> <span class='ocrx_word' id='word_1_318' title='bbox 894 1794 952 1826; x_wconf 86' lang='lat' dir='ltr'><strong>per</strong></span> <span class='ocrx_word' id='word_1_319' title='bbox 966 1784 1093 1815; x_wconf 86' lang='lat' dir='ltr'><strong>canales</strong></span> <span class='ocrx_word' id='word_1_320' title='bbox 1107 1784 1278 1821; x_wconf 83' lang='lat' dir='ltr'><strong>derivatur,</strong></span> <span class='ocrx_word' id='word_1_321' title='bbox 1291 1789 1325 1815; x_wconf 88' lang='lat' dir='ltr'><strong>et</strong></span> <span class='ocrx_word' id='word_1_322' title='bbox 1337 1794 1356 1815; x_wconf 84' lang='lat' dir='ltr'><strong>a</strong></span> <span class='ocrx_word' id='word_1_323' title='bbox 1370 1784 1481 1825; x_wconf 84' lang='lat' dir='ltr'><strong>spiritu</strong></span> <span class='ocrx_word' id='word_1_324' title='bbox 1489 1783 1648 1824; x_wconf 76' lang='lat' dir='ltr'><strong>irrigatur,</strong></span> 
     </span>
     <span class='ocr_line' id='line_1_30' title="bbox 171 1834 1646 1879; baseline 0.002 -14"><span class='ocrx_word' id='word_1_325' title='bbox 171 1834 227 1875; x_wconf 84' lang='lat' dir='ltr'><strong>qui</strong></span> <span class='ocrx_word' id='word_1_326' title='bbox 249 1845 320 1866; x_wconf 89' lang='lat' dir='ltr'><strong>enm</strong></span> <span class='ocrx_word' id='word_1_327' title='bbox 337 1836 376 1867; x_wconf 82' lang='lat' dir='ltr'><strong>ad</strong></span> <span class='ocrx_word' id='word_1_328' title='bbox 401 1842 558 1868; x_wconf 82' lang='lat' dir='ltr'><strong>extremos</strong></span> <span class='ocrx_word' id='word_1_329' title='bbox 569 1848 667 1879; x_wconf 89' lang='lat' dir='ltr'><strong>usque</strong></span> <span class='ocrx_word' id='word_1_330' title='bbox 684 1838 762 1869; x_wconf 89' lang='lat' dir='ltr'><strong>fines</strong></span> <span class='ocrx_word' id='word_1_331' title='bbox 777 1838 897 1869; x_wconf 83' lang='lat' dir='ltr'><strong>efficaci</strong></span> <span class='ocrx_word' id='word_1_332' title='bbox 915 1837 1054 1879; x_wconf 87' lang='lat' dir='ltr'><strong>quodam</strong></span> <span class='ocrx_word' id='word_1_333' title='bbox 1070 1844 1155 1869; x_wconf 81' lang='lat' dir='ltr'><strong>motu</strong></span> <span class='ocrx_word' id='word_1_334' title='bbox 1185 1838 1348 1870; x_wconf 84' lang='lat' dir='ltr'><strong>diffundit.</strong></span> <span class='ocrx_word' id='word_1_335' title='bbox 1394 1838 1576 1879; x_wconf 80' lang='lat' dir='ltr'><strong>Respiratio</strong></span> <span class='ocrx_word' id='word_1_336' title='bbox 1591 1848 1646 1868; x_wconf 84' lang='lat' dir='ltr'><strong>au-</strong></span> 
     </span>
     <span class='ocr_line' id='line_1_31' title="bbox 171 1888 1647 1934; baseline 0.003 -16"><span class='ocrx_word' id='word_1_337' title='bbox 171 1892 234 1918; x_wconf 87' lang='lat' dir='ltr'><strong>tem</strong></span> <span class='ocrx_word' id='word_1_338' title='bbox 250 1888 287 1919; x_wconf 82' lang='lat' dir='ltr'><strong>fit</strong></span> <span class='ocrx_word' id='word_1_339' title='bbox 300 1899 397 1930; x_wconf 85' lang='lat' dir='ltr'><strong>quum</strong></span> <span class='ocrx_word' id='word_1_340' title='bbox 409 1890 488 1920; x_wconf 88' lang='lat' dir='ltr'><strong>nihil</strong></span> <span class='ocrx_word' id='word_1_341' title='bbox 504 1891 596 1922; x_wconf 86' lang='lat' dir='ltr'><strong>vacui</strong></span> <span class='ocrx_word' id='word_1_342' title='bbox 608 1892 639 1921; x_wconf 92' lang='lat' dir='ltr'><strong>in</strong></span> <span class='ocrx_word' id='word_1_343' title='bbox 653 1897 768 1923; x_wconf 80' lang='lat' dir='ltr'><strong>natura</strong></span> <span class='ocrx_word' id='word_1_344' title='bbox 780 1892 821 1923; x_wconf 90' lang='lat' dir='ltr'><strong>sit</strong></span> <span class='ocrx_word' id='word_1_345' title='bbox 837 1904 843 1922; x_wconf 93' lang='lat'><strong>:</strong></span> <span class='ocrx_word' id='word_1_346' title='bbox 860 1891 914 1924; x_wconf 68' lang='lat' dir='ltr'><strong>aer</strong></span> <span class='ocrx_word' id='word_1_347' title='bbox 929 1898 1035 1923; x_wconf 91' lang='lat' dir='ltr'><strong>autem</strong></span> <span class='ocrx_word' id='word_1_348' title='bbox 1045 1903 1102 1934; x_wconf 86' lang='lat' dir='ltr'><strong>per</strong></span> <span class='ocrx_word' id='word_1_349' title='bbox 1113 1892 1221 1923; x_wconf 85' lang='lat' dir='ltr'><strong>oscula</strong></span> <span class='ocrx_word' id='word_1_350' title='bbox 1231 1903 1303 1934; x_wconf 86' lang='lat' dir='ltr'><strong>quae</strong></span> <span class='ocrx_word' id='word_1_351' title='bbox 1317 1892 1414 1923; x_wconf 83' lang='lat' dir='ltr'><strong>videri</strong></span> <span class='ocrx_word' id='word_1_352' title='bbox 1425 1901 1488 1922; x_wconf 90' lang='lat' dir='ltr'><strong>non</strong></span> <span class='ocrx_word' id='word_1_353' title='bbox 1502 1896 1647 1934; x_wconf 80' lang='lat' dir='ltr'><strong>possunt,</strong></span> 
     </span>
     <span class='ocr_line' id='line_1_32' title="bbox 172 1943 1649 1988; baseline 0.002 -16"><span class='ocrx_word' id='word_1_354' title='bbox 172 1947 206 1972; x_wconf 89' lang='lat' dir='ltr'><strong>et</strong></span> <span class='ocrx_word' id='word_1_355' title='bbox 217 1943 394 1980; x_wconf 84' lang='lat' dir='ltr'><strong>attrahitur,</strong></span> <span class='ocrx_word' id='word_1_356' title='bbox 411 1949 444 1975; x_wconf 88' lang='lat' dir='ltr'><strong>et</strong></span> <span class='ocrx_word' id='word_1_357' title='bbox 457 1945 562 1976; x_wconf 89' lang='lat' dir='ltr'><strong>influit</strong></span> <span class='ocrx_word' id='word_1_358' title='bbox 573 1945 608 1976; x_wconf 85' lang='lat' dir='ltr'><strong>in</strong></span> <span class='ocrx_word' id='word_1_359' title='bbox 635 1946 702 1988; x_wconf 85' lang='lat' dir='ltr'><strong>ejus</strong></span> <span class='ocrx_word' id='word_1_360' title='bbox 725 1946 828 1977; x_wconf 88' lang='lat' dir='ltr'><strong>vicem</strong></span> <span class='ocrx_word' id='word_1_361' title='bbox 852 1946 906 1988; x_wconf 83' lang='lat' dir='ltr'><strong>qui</strong></span> <span class='ocrx_word' id='word_1_362' title='bbox 932 1947 1062 1978; x_wconf 87' lang='lat' dir='ltr'><strong>effluxit.</strong></span> <span class='ocrx_word' id='word_1_363' title='bbox 1086 1956 1125 1978; x_wconf 86' lang='lat' dir='ltr'><strong>ex</strong></span> <span class='ocrx_word' id='word_1_364' title='bbox 1149 1947 1214 1977; x_wconf 87' lang='lat' dir='ltr'><strong>illis</strong></span> <span class='ocrx_word' id='word_1_365' title='bbox 1236 1947 1333 1977; x_wconf 85' lang='lat' dir='ltr'><strong>etiam</strong></span> <span class='ocrx_word' id='word_1_366' title='bbox 1354 1946 1512 1977; x_wconf 84' lang='lat' dir='ltr'><strong>meatibus</strong></span> <span class='ocrx_word' id='word_1_367' title='bbox 1536 1944 1649 1976; x_wconf 85' lang='lat' dir='ltr'><strong>mador</strong></span> 
     </span>
     <span class='ocr_line' id='line_1_33' title="bbox 170 1995 1647 2041; baseline 0.002 -15"><span class='ocrx_word' id='word_1_368' title='bbox 170 1995 329 2038; x_wconf 83' lang='lat' dir='ltr'><strong>sudorque</strong></span> <span class='ocrx_word' id='word_1_369' title='bbox 345 1998 512 2039; x_wconf 87' lang='lat' dir='ltr'><strong>perspicue</strong></span> <span class='ocrx_word' id='word_1_370' title='bbox 529 2000 636 2030; x_wconf 85' lang='lat' dir='ltr'><strong>existit</strong></span> <span class='ocrx_word' id='word_1_371' title='bbox 650 2000 683 2030; x_wconf 89' lang='lat' dir='ltr'><strong>in</strong></span> <span class='ocrx_word' id='word_1_372' title='bbox 698 2010 848 2040; x_wconf 85' lang='lat' dir='ltr'><strong>suprema</strong></span> <span class='ocrx_word' id='word_1_373' title='bbox 860 2001 941 2031; x_wconf 89' lang='lat' dir='ltr'><strong>cutis</strong></span> <span class='ocrx_word' id='word_1_374' title='bbox 957 2006 1057 2041; x_wconf 79' lang='lat' dir='ltr'><strong>parte.</strong></span> <span class='ocrx_word' id='word_1_375' title='bbox 1100 2000 1174 2032; x_wconf 84' lang='lat' dir='ltr'><strong>Jam</strong></span> <span class='ocrx_word' id='word_1_376' title='bbox 1190 2010 1287 2041; x_wconf 92' lang='lat' dir='ltr'><strong>quum</strong></span> <span class='ocrx_word' id='word_1_377' title='bbox 1302 2005 1336 2030; x_wconf 89' lang='lat' dir='ltr'><strong>et</strong></span> <span class='ocrx_word' id='word_1_378' title='bbox 1347 2000 1466 2041; x_wconf 84' lang='lat' dir='ltr'><strong>aliquid</strong></span> <span class='ocrx_word' id='word_1_379' title='bbox 1482 1999 1522 2029; x_wconf 89' lang='lat' dir='ltr'><strong>de</strong></span> <span class='ocrx_word' id='word_1_380' title='bbox 1537 2000 1607 2040; x_wconf 85' lang='lat' dir='ltr'><strong>ipso</strong></span> <span class='ocrx_word' id='word_1_381' title='bbox 1627 2008 1647 2029; x_wconf 79' lang='lat' dir='ltr'><strong>a</strong></span> 
     </span>
     <span class='ocr_line' id='line_1_34' title="bbox 169 2051 1648 2095; baseline 0.002 -15"><span class='ocrx_word' id='word_1_382' title='bbox 169 2051 307 2081; x_wconf 86' lang='lat' dir='ltr'><strong>naturali</strong></span> <span class='ocrx_word' id='word_1_383' title='bbox 321 2052 426 2083; x_wconf 86' lang='lat' dir='ltr'><strong>calore</strong></span> <span class='ocrx_word' id='word_1_384' title='bbox 452 2053 646 2093; x_wconf 81' lang='lat' dir='ltr'><strong>absumatur,</strong></span> <span class='ocrx_word' id='word_1_385' title='bbox 671 2064 801 2085; x_wconf 88' lang='lat' dir='ltr'><strong>necesse</strong></span> <span class='ocrx_word' id='word_1_386' title='bbox 831 2059 878 2085; x_wconf 87' lang='lat' dir='ltr'><strong>est</strong></span> <span class='ocrx_word' id='word_1_387' title='bbox 904 2053 1042 2084; x_wconf 88' lang='lat' dir='ltr'><strong>vicissim</strong></span> <span class='ocrx_word' id='word_1_388' title='bbox 1064 2053 1227 2085; x_wconf 88' lang='lat' dir='ltr'><strong>introduci</strong></span> <span class='ocrx_word' id='word_1_389' title='bbox 1250 2055 1407 2095; x_wconf 66' lang='lat' dir='ltr'><strong>aequalem</strong></span> <span class='ocrx_word' id='word_1_390' title='bbox 1431 2058 1554 2084; x_wconf 89' lang='lat' dir='ltr'><strong>motum</strong></span> <span class='ocrx_word' id='word_1_391' title='bbox 1577 2052 1648 2094; x_wconf 82' lang='lat' dir='ltr'><strong>ejus</strong></span> 
     </span>
     <span class='ocr_line' id='line_1_35' title="bbox 169 2104 1646 2149; baseline 0.001 -14"><span class='ocrx_word' id='word_1_392' title='bbox 169 2104 224 2145; x_wconf 90' lang='lat' dir='ltr'><strong>qui</strong></span> <span class='ocrx_word' id='word_1_393' title='bbox 253 2111 459 2147; x_wconf 84' lang='lat' dir='ltr'><strong>consumptus</strong></span> <span class='ocrx_word' id='word_1_394' title='bbox 485 2111 545 2137; x_wconf 87' lang='lat' dir='ltr'><strong>est.</strong></span> <span class='ocrx_word' id='word_1_395' title='bbox 569 2107 654 2149; x_wconf 88' lang='lat' dir='ltr'><strong>quod</strong></span> <span class='ocrx_word' id='word_1_396' title='bbox 684 2108 745 2138; x_wconf 85' lang='lat' dir='ltr'><strong>nisi</strong></span> <span class='ocrx_word' id='word_1_397' title='bbox 761 2108 865 2144; x_wconf 78' lang='lat' dir='ltr'><strong>fieret,</strong></span> <span class='ocrx_word' id='word_1_398' title='bbox 889 2118 1024 2139; x_wconf 88' lang='lat' dir='ltr'><strong>vacuum</strong></span> <span class='ocrx_word' id='word_1_399' title='bbox 1048 2107 1167 2149; x_wconf 82' lang='lat' dir='ltr'><strong>aliquid</strong></span> <span class='ocrx_word' id='word_1_400' title='bbox 1191 2108 1320 2138; x_wconf 83' lang='lat' dir='ltr'><strong>daretur</strong></span> <span class='ocrx_word' id='word_1_401' title='bbox 1341 2108 1373 2138; x_wconf 89' lang='lat' dir='ltr'><strong>in</strong></span> <span class='ocrx_word' id='word_1_402' title='bbox 1389 2117 1491 2138; x_wconf 89' lang='lat' dir='ltr'><strong>rerum</strong></span> <span class='ocrx_word' id='word_1_403' title='bbox 1513 2112 1646 2137; x_wconf 82' lang='lat' dir='ltr'><strong>natura:</strong></span> 
     </span>
     <span class='ocr_line' id='line_1_36' title="bbox 169 2158 1647 2202; baseline 0.001 -14"><span class='ocrx_word' id='word_1_404' title='bbox 169 2158 256 2199; x_wconf 86' lang='lat' dir='ltr'><strong>quod</strong></span> <span class='ocrx_word' id='word_1_405' title='bbox 286 2159 350 2190; x_wconf 87' lang='lat' dir='ltr'><strong>fieri</strong></span> <span class='ocrx_word' id='word_1_406' title='bbox 376 2160 465 2190; x_wconf 79' lang='lat' dir='ltr'><strong>nullo</strong></span> <span class='ocrx_word' id='word_1_407' title='bbox 491 2160 587 2192; x_wconf 89' lang='lat' dir='ltr'><strong>modo</strong></span> <span class='ocrx_word' id='word_1_408' title='bbox 610 2166 725 2202; x_wconf 88' lang='lat' dir='ltr'><strong>potest.</strong></span> <span class='ocrx_word' id='word_1_409' title='bbox 751 2171 815 2192; x_wconf 88' lang='lat' dir='ltr'><strong>non</strong></span> <span class='ocrx_word' id='word_1_410' title='bbox 843 2162 928 2192; x_wconf 90' lang='lat' dir='ltr'><strong>enim</strong></span> <span class='ocrx_word' id='word_1_411' title='bbox 952 2166 1108 2202; x_wconf 83' lang='lat' dir='ltr'><strong>perpetuo</strong></span> <span class='ocrx_word' id='word_1_412' title='bbox 1129 2162 1187 2192; x_wconf 87' lang='lat' dir='ltr'><strong>illo</strong></span> <span class='ocrx_word' id='word_1_413' title='bbox 1211 2167 1298 2192; x_wconf 89' lang='lat' dir='ltr'><strong>motu</strong></span> <span class='ocrx_word' id='word_1_414' title='bbox 1329 2170 1393 2202; x_wconf 90' lang='lat' dir='ltr'><strong>quo</strong></span> <span class='ocrx_word' id='word_1_415' title='bbox 1422 2161 1502 2192; x_wconf 83' lang='lat' dir='ltr'><strong>solet</strong></span> <span class='ocrx_word' id='word_1_416' title='bbox 1529 2160 1647 2191; x_wconf 87' lang='lat' dir='ltr'><strong>animal</strong></span> 
     </span>
     <span class='ocr_line' id='line_1_37' title="bbox 168 2213 1647 2256; baseline 0.001 -13"><span class='ocrx_word' id='word_1_417' title='bbox 168 2213 262 2254; x_wconf 89' lang='lat' dir='ltr'><strong>quasi</strong></span> <span class='ocrx_word' id='word_1_418' title='bbox 272 2213 384 2250; x_wconf 87' lang='lat' dir='ltr'><strong>fluere,</strong></span> <span class='ocrx_word' id='word_1_419' title='bbox 399 2214 482 2245; x_wconf 86' lang='lat' dir='ltr'><strong>vires</strong></span> <span class='ocrx_word' id='word_1_420' title='bbox 494 2224 565 2246; x_wconf 82' lang='lat' dir='ltr'><strong>suas</strong></span> <span class='ocrx_word' id='word_1_421' title='bbox 581 2216 708 2247; x_wconf 85' lang='lat' dir='ltr'><strong>reficere</strong></span> <span class='ocrx_word' id='word_1_422' title='bbox 724 2220 819 2256; x_wconf 87' lang='lat' dir='ltr'><strong>atque</strong></span> <span class='ocrx_word' id='word_1_423' title='bbox 833 2216 1004 2246; x_wconf 78' lang='lat' dir='ltr'><strong>instaurare</strong></span> <span class='ocrx_word' id='word_1_424' title='bbox 1018 2221 1136 2256; x_wconf 87' lang='lat' dir='ltr'><strong>posset,</strong></span> <span class='ocrx_word' id='word_1_425' title='bbox 1151 2220 1187 2245; x_wconf 89' lang='lat' dir='ltr'><strong>ut</strong></span> <span class='ocrx_word' id='word_1_426' title='bbox 1200 2225 1299 2245; x_wconf 89' lang='lat' dir='ltr'><strong>unum</strong></span> <span class='ocrx_word' id='word_1_427' title='bbox 1312 2213 1462 2245; x_wconf 89' lang='lat' dir='ltr'><strong>videlicet</strong></span> <span class='ocrx_word' id='word_1_428' title='bbox 1483 2214 1647 2255; x_wconf 81' lang='lat' dir='ltr'><strong>perduret,</strong></span> 
     </span>
     <span class='ocr_line' id='line_1_38' title="bbox 171 2267 1648 2308; baseline 0.002 -12"><span class='ocrx_word' id='word_1_429' title='bbox 171 2267 198 2296; x_wconf 87' lang='lat' dir='ltr'><strong>si</strong></span> <span class='ocrx_word' id='word_1_430' title='bbox 227 2268 366 2308; x_wconf 87' lang='lat' dir='ltr'><strong>corporis</strong></span> <span class='ocrx_word' id='word_1_431' title='bbox 392 2269 629 2300; x_wconf 82' lang='lat' dir='ltr'><strong>tabernaculum</strong></span> <span class='ocrx_word' id='word_1_432' title='bbox 653 2280 671 2299; x_wconf 91' lang='lat' dir='ltr'><strong>a</strong></span> <span class='ocrx_word' id='word_1_433' title='bbox 698 2279 798 2300; x_wconf 82' lang='lat' dir='ltr'><strong>vacuo</strong></span> <span class='ocrx_word' id='word_1_434' title='bbox 828 2269 1032 2300; x_wconf 83' lang='lat' dir='ltr'><strong>divideretur.</strong></span> <span class='ocrx_word' id='word_1_435' title='bbox 1088 2268 1206 2299; x_wconf 90' lang='lat' dir='ltr'><strong>Similis</strong></span> <span class='ocrx_word' id='word_1_436' title='bbox 1236 2275 1341 2299; x_wconf 77' lang='lat' dir='ltr'><strong>autem</strong></span> <span class='ocrx_word' id='word_1_437' title='bbox 1365 2268 1648 2299; x_wconf 80' lang='lat' dir='ltr'><strong>instrumentorum</strong></span> 
     </span>
     <span class='ocr_line' id='line_1_39' title="bbox 173 2319 1647 2365; baseline 0.002 -15"><span class='ocrx_word' id='word_1_438' title='bbox 173 2319 253 2351; x_wconf 88' lang='lat' dir='ltr'><strong>solet</strong></span> <span class='ocrx_word' id='word_1_439' title='bbox 278 2330 347 2351; x_wconf 89' lang='lat' dir='ltr'><strong>esse</strong></span> <span class='ocrx_word' id='word_1_440' title='bbox 364 2322 500 2358; x_wconf 87' lang='lat' dir='ltr'><strong>molitio,</strong></span> <span class='ocrx_word' id='word_1_441' title='bbox 514 2330 547 2354; x_wconf 87' lang='lat' dir='ltr'><strong>et</strong></span> <span class='ocrx_word' id='word_1_442' title='bbox 569 2323 600 2353; x_wconf 91' lang='lat' dir='ltr'><strong>in</strong></span> <span class='ocrx_word' id='word_1_443' title='bbox 620 2323 699 2365; x_wconf 87' lang='lat' dir='ltr'><strong>ipsis</strong></span> <span class='ocrx_word' id='word_1_444' title='bbox 715 2323 845 2364; x_wconf 86' lang='lat' dir='ltr'><strong>quidem</strong></span> <span class='ocrx_word' id='word_1_445' title='bbox 858 2323 1018 2359; x_wconf 82' lang='lat' dir='ltr'><strong>inanimis,</strong></span> <span class='ocrx_word' id='word_1_446' title='bbox 1034 2332 1073 2354; x_wconf 83' lang='lat' dir='ltr'><strong>ex</strong></span> <span class='ocrx_word' id='word_1_447' title='bbox 1088 2332 1127 2353; x_wconf 85' lang='lat' dir='ltr'><strong>ea</strong></span> <span class='ocrx_word' id='word_1_448' title='bbox 1139 2322 1359 2364; x_wconf 82' lang='lat' dir='ltr'><strong>respirationis</strong></span> <span class='ocrx_word' id='word_1_449' title='bbox 1381 2322 1545 2364; x_wconf 82' lang='lat' dir='ltr'><strong>reciproca</strong></span> <span class='ocrx_word' id='word_1_450' title='bbox 1573 2331 1647 2364; x_wconf 89' lang='lat' dir='ltr'><strong>pro-</strong></span> 
     </span>
     <span class='ocr_line' id='line_1_40' title="bbox 172 2373 1649 2418; baseline 0.003 -15"><span class='ocrx_word' id='word_1_451' title='bbox 172 2373 328 2415; x_wconf 83' lang='lat' dir='ltr'><strong>portione.</strong></span> <span class='ocrx_word' id='word_1_452' title='bbox 351 2376 550 2406; x_wconf 78' lang='lat' dir='ltr'><strong>cucurbitula</strong></span> <span class='ocrx_word' id='word_1_453' title='bbox 562 2377 648 2407; x_wconf 87' lang='lat' dir='ltr'><strong>enim</strong></span> <span class='ocrx_word' id='word_1_454' title='bbox 663 2382 697 2408; x_wconf 90' lang='lat' dir='ltr'><strong>et</strong></span> <span class='ocrx_word' id='word_1_455' title='bbox 712 2377 880 2408; x_wconf 89' lang='lat' dir='ltr'><strong>succinum</strong></span> <span class='ocrx_word' id='word_1_456' title='bbox 896 2376 1050 2417; x_wconf 85' lang='lat' dir='ltr'><strong>imagines</strong></span> <span class='ocrx_word' id='word_1_457' title='bbox 1065 2381 1140 2408; x_wconf 88' lang='lat' dir='ltr'><strong>sunt</strong></span> <span class='ocrx_word' id='word_1_458' title='bbox 1148 2377 1375 2418; x_wconf 83' lang='lat' dir='ltr'><strong>respirationis.</strong></span> <span class='ocrx_word' id='word_1_459' title='bbox 1390 2387 1463 2408; x_wconf 84' lang='lat' dir='ltr'><strong>nam</strong></span> <span class='ocrx_word' id='word_1_460' title='bbox 1479 2377 1578 2408; x_wconf 85' lang='lat' dir='ltr'><strong>fluunt</strong></span> <span class='ocrx_word' id='word_1_461' title='bbox 1590 2386 1649 2418; x_wconf 88' lang='lat' dir='ltr'><strong>per</strong></span> 
     </span>
     <span class='ocr_line' id='line_1_41' title="bbox 173 2426 1645 2473; baseline 0.003 -16"><span class='ocrx_word' id='word_1_462' title='bbox 173 2426 272 2469; x_wconf 78' lang='lat'><strong>[102]</strong></span> <span class='ocrx_word' id='word_1_463' title='bbox 297 2438 408 2469; x_wconf 85' lang='lat' dir='ltr'><strong>corpus</strong></span> <span class='ocrx_word' id='word_1_464' title='bbox 423 2429 506 2459; x_wconf 82' lang='lat' dir='ltr'><strong>foras</strong></span> <span class='ocrx_word' id='word_1_465' title='bbox 522 2430 660 2471; x_wconf 70' lang='lat' dir='ltr'><strong>spirituS‚</strong></span> <span class='ocrx_word' id='word_1_466' title='bbox 675 2430 816 2462; x_wconf 80' lang='lat' dir='ltr'><strong>vicissim</strong></span> <span class='ocrx_word' id='word_1_467' title='bbox 831 2436 937 2462; x_wconf 85' lang='lat' dir='ltr'><strong>autem</strong></span> <span class='ocrx_word' id='word_1_468' title='bbox 948 2430 1195 2462; x_wconf 84' lang='lat' dir='ltr'><strong>introducuntur</strong></span> <span class='ocrx_word' id='word_1_469' title='bbox 1210 2441 1268 2473; x_wconf 88' lang='lat' dir='ltr'><strong>per</strong></span> <span class='ocrx_word' id='word_1_470' title='bbox 1286 2430 1525 2472; x_wconf 83' lang='lat' dir='ltr'><strong>respirationem</strong></span> <span class='ocrx_word' id='word_1_471' title='bbox 1542 2436 1574 2461; x_wconf 88' lang='lat' dir='ltr'><strong>et</strong></span> <span class='ocrx_word' id='word_1_472' title='bbox 1590 2438 1645 2461; x_wconf 82' lang='lat' dir='ltr'><strong>ore</strong></span> 
     </span>
     <span class='ocr_line' id='line_1_42' title="bbox 173 2481 1648 2527; baseline 0.003 -17"><span class='ocrx_word' id='word_1_473' title='bbox 173 2486 208 2510; x_wconf 88' lang='lat' dir='ltr'><strong>et</strong></span> <span class='ocrx_word' id='word_1_474' title='bbox 228 2481 368 2512; x_wconf 84' lang='lat' dir='ltr'><strong>naribus.</strong></span> <span class='ocrx_word' id='word_1_475' title='bbox 390 2482 506 2514; x_wconf 88' lang='lat' dir='ltr'><strong>deinde</strong></span> <span class='ocrx_word' id='word_1_476' title='bbox 522 2494 640 2520; x_wconf 77' lang='lat' dir='ltr'><strong>rursuS,</strong></span> <span class='ocrx_word' id='word_1_477' title='bbox 654 2485 742 2516; x_wconf 85' lang='lat' dir='ltr'><strong>velut</strong></span> <span class='ocrx_word' id='word_1_478' title='bbox 766 2485 916 2526; x_wconf 86' lang='lat' dir='ltr'><strong>Euripus,</strong></span> <span class='ocrx_word' id='word_1_479' title='bbox 940 2485 1077 2516; x_wconf 85' lang='lat' dir='ltr'><strong>vicissim</strong></span> <span class='ocrx_word' id='word_1_480' title='bbox 1101 2485 1243 2516; x_wconf 77' lang='lat' dir='ltr'><strong>feruntur</strong></span> <span class='ocrx_word' id='word_1_481' title='bbox 1266 2485 1300 2516; x_wconf 88' lang='lat' dir='ltr'><strong>in</strong></span> <span class='ocrx_word' id='word_1_482' title='bbox 1322 2494 1446 2527; x_wconf 86' lang='lat' dir='ltr'><strong>corpus.</strong></span> <span class='ocrx_word' id='word_1_483' title='bbox 1476 2485 1555 2515; x_wconf 91' lang='lat' dir='ltr'><strong>illud</strong></span> <span class='ocrx_word' id='word_1_484' title='bbox 1571 2494 1648 2516; x_wconf 84' lang='lat' dir='ltr'><strong>vero</strong></span> 
     </span>
     <span class='ocr_line' id='line_1_43' title="bbox 172 2535 1649 2581; baseline 0.003 -17"><span class='ocrx_word' id='word_1_485' title='bbox 172 2535 347 2565; x_wconf 85' lang='lat' dir='ltr'><strong>secundum</strong></span> <span class='ocrx_word' id='word_1_486' title='bbox 361 2535 552 2568; x_wconf 84' lang='lat' dir='ltr'><strong>influxiones</strong></span> <span class='ocrx_word' id='word_1_487' title='bbox 566 2538 766 2570; x_wconf 86' lang='lat' dir='ltr'><strong>distenditur.</strong></span> <span class='ocrx_word' id='word_1_488' title='bbox 812 2538 858 2570; x_wconf 86' lang='lat' dir='ltr'><strong>At</strong></span> <span class='ocrx_word' id='word_1_489' title='bbox 873 2540 1071 2570; x_wconf 85' lang='lat' dir='ltr'><strong>cucurbitula</strong></span> <span class='ocrx_word' id='word_1_490' title='bbox 1082 2544 1267 2581; x_wconf 83' lang='lat' dir='ltr'><strong>consumpto</strong></span> <span class='ocrx_word' id='word_1_491' title='bbox 1279 2539 1353 2580; x_wconf 89' lang='lat' dir='ltr'><strong>igne</strong></span> <span class='ocrx_word' id='word_1_492' title='bbox 1365 2540 1405 2570; x_wconf 82' lang='lat' dir='ltr'><strong>ab</strong></span> <span class='ocrx_word' id='word_1_493' title='bbox 1417 2539 1504 2576; x_wconf 66' lang='lat' dir='ltr'><strong>aete,</strong></span> <span class='ocrx_word' id='word_1_494' title='bbox 1520 2539 1649 2570; x_wconf 82' lang='lat' dir='ltr'><strong>attrahit</strong></span> 
     </span>
     <span class='ocr_line' id='line_1_44' title="bbox 145 2588 1648 2635; baseline 0.003 -17"><span class='ocrx_word' id='word_1_495' title='bbox 145 2607 151 2609; x_wconf 95' lang='lat'>-</span> <span class='ocrx_word' id='word_1_496' title='bbox 172 2588 359 2619; x_wconf 87' lang='lat' dir='ltr'><strong>humorem:</strong></span> <span class='ocrx_word' id='word_1_497' title='bbox 402 2591 563 2622; x_wconf 83' lang='lat' dir='ltr'><strong>succinum</strong></span> <span class='ocrx_word' id='word_1_498' title='bbox 588 2603 662 2623; x_wconf 79' lang='lat' dir='ltr'><strong>vero</strong></span> <span class='ocrx_word' id='word_1_499' title='bbox 690 2601 817 2624; x_wconf 83' lang='lat' dir='ltr'><strong>excreto</strong></span> <span class='ocrx_word' id='word_1_500' title='bbox 838 2594 962 2635; x_wconf 87' lang='lat' dir='ltr'><strong>spiritu,</strong></span> <span class='ocrx_word' id='word_1_501' title='bbox 989 2593 1122 2635; x_wconf 73' lang='lat' dir='ltr'><strong>suscipit</strong></span> <span class='ocrx_word' id='word_1_502' title='bbox 1146 2594 1249 2624; x_wconf 87' lang='lat' dir='ltr'><strong>simile</strong></span> <span class='ocrx_word' id='word_1_503' title='bbox 1271 2603 1394 2635; x_wconf 87' lang='lat' dir='ltr'><strong>corpus.</strong></span> <span class='ocrx_word' id='word_1_504' title='bbox 1445 2593 1549 2624; x_wconf 90' lang='lat' dir='ltr'><strong>Omne</strong></span> <span class='ocrx_word' id='word_1_505' title='bbox 1571 2601 1648 2623; x_wconf 80' lang='lat' dir='ltr'><strong>vero</strong></span> 
     </span>
     <span class='ocr_line' id='line_1_45' title="bbox 173 2642 1649 2688; baseline 0.003 -16"><span class='ocrx_word' id='word_1_506' title='bbox 173 2642 359 2674; x_wconf 78' lang='lat' dir='ltr'><strong>alimentum</strong></span> <span class='ocrx_word' id='word_1_507' title='bbox 374 2654 393 2674; x_wconf 80' lang='lat' dir='ltr'><strong>a</strong></span> <span class='ocrx_word' id='word_1_508' title='bbox 407 2644 512 2676; x_wconf 85' lang='lat' dir='ltr'><strong>radice</strong></span> <span class='ocrx_word' id='word_1_509' title='bbox 534 2646 664 2686; x_wconf 88' lang='lat' dir='ltr'><strong>quidem</strong></span> <span class='ocrx_word' id='word_1_510' title='bbox 687 2647 805 2684; x_wconf 88' lang='lat' dir='ltr'><strong>cordis,</strong></span> <span class='ocrx_word' id='word_1_511' title='bbox 830 2658 849 2678; x_wconf 87' lang='lat' dir='ltr'><strong>a</strong></span> <span class='ocrx_word' id='word_1_512' title='bbox 868 2648 956 2679; x_wconf 81' lang='lat' dir='ltr'><strong>fonte</strong></span> <span class='ocrx_word' id='word_1_513' title='bbox 983 2657 1059 2679; x_wconf 84' lang='lat' dir='ltr'><strong>vero</strong></span> <span class='ocrx_word' id='word_1_514' title='bbox 1084 2648 1253 2679; x_wconf 84' lang='lat' dir='ltr'><strong>ventriculi</strong></span> <span class='ocrx_word' id='word_1_515' title='bbox 1283 2648 1315 2678; x_wconf 86' lang='lat' dir='ltr'><strong>in</strong></span> <span class='ocrx_word' id='word_1_516' title='bbox 1338 2657 1453 2688; x_wconf 85' lang='lat' dir='ltr'><strong>corpus</strong></span> <span class='ocrx_word' id='word_1_517' title='bbox 1477 2647 1649 2679; x_wconf 88' lang='lat' dir='ltr'><strong>inducitur.</strong></span> 
     </span>
     <span class='ocr_line' id='line_1_46' title="bbox 172 2696 1648 2742; baseline 0.002 -15"><span class='ocrx_word' id='word_1_518' title='bbox 172 2696 378 2737; x_wconf 81' lang='lat' dir='ltr'><strong>quodetiam,</strong></span> <span class='ocrx_word' id='word_1_519' title='bbox 395 2699 421 2729; x_wconf 90' lang='lat' dir='ltr'><strong>si</strong></span> <span class='ocrx_word' id='word_1_520' title='bbox 435 2699 509 2740; x_wconf 86' lang='lat' dir='ltr'><strong>plus</strong></span> <span class='ocrx_word' id='word_1_521' title='bbox 532 2699 676 2740; x_wconf 78' lang='lat' dir='ltr'><strong>irrigatur</strong></span> <span class='ocrx_word' id='word_1_522' title='bbox 695 2711 788 2742; x_wconf 82' lang='lat' dir='ltr'><strong>quam</strong></span> <span class='ocrx_word' id='word_1_523' title='bbox 814 2700 941 2738; x_wconf 83' lang='lat' dir='ltr'><strong>defluat,</strong></span> <span class='ocrx_word' id='word_1_524' title='bbox 965 2702 1200 2733; x_wconf 85' lang='lat' dir='ltr'><strong>Incrementum</strong></span> <span class='ocrx_word' id='word_1_525' title='bbox 1216 2701 1355 2732; x_wconf 83' lang='lat' dir='ltr'><strong>dicitur:</strong></span> <span class='ocrx_word' id='word_1_526' title='bbox 1383 2701 1410 2732; x_wconf 90' lang='lat' dir='ltr'><strong>si</strong></span> <span class='ocrx_word' id='word_1_527' title='bbox 1431 2711 1507 2732; x_wconf 82' lang='lat' dir='ltr'><strong>vero</strong></span> <span class='ocrx_word' id='word_1_528' title='bbox 1532 2700 1648 2736; x_wconf 84' lang='lat' dir='ltr'><strong>minus,</strong></span> 
     </span>
     <span class='ocr_line' id='line_1_47' title="bbox 170 2749 1647 2794; baseline 0.003 -15"><span class='ocrx_word' id='word_1_529' title='bbox 170 2749 372 2782; x_wconf 85' lang='lat' dir='ltr'><strong>Imminutio.</strong></span> <span class='ocrx_word' id='word_1_530' title='bbox 416 2752 515 2794; x_wconf 88' lang='lat' dir='ltr'><strong>Vigor</strong></span> <span class='ocrx_word' id='word_1_531' title='bbox 530 2758 637 2785; x_wconf 83' lang='lat' dir='ltr'><strong>autem</strong></span> <span class='ocrx_word' id='word_1_532' title='bbox 649 2753 681 2784; x_wconf 90' lang='lat' dir='ltr'><strong>in</strong></span> <span class='ocrx_word' id='word_1_533' title='bbox 694 2755 806 2786; x_wconf 86' lang='lat' dir='ltr'><strong>borum</strong></span> <span class='ocrx_word' id='word_1_534' title='bbox 819 2755 956 2787; x_wconf 83' lang='lat' dir='ltr'><strong>confinio</strong></span> <span class='ocrx_word' id='word_1_535' title='bbox 972 2755 1130 2792; x_wconf 86' lang='lat' dir='ltr'><strong>consistit,</strong></span> <span class='ocrx_word' id='word_1_536' title='bbox 1146 2760 1179 2785; x_wconf 84' lang='lat' dir='ltr'><strong>et</strong></span> <span class='ocrx_word' id='word_1_537' title='bbox 1199 2755 1232 2786; x_wconf 87' lang='lat' dir='ltr'><strong>in</strong></span> <span class='ocrx_word' id='word_1_538' title='bbox 1253 2754 1442 2786; x_wconf 83' lang='lat' dir='ltr'><strong>defluxionis</strong></span> <span class='ocrx_word' id='word_1_539' title='bbox 1466 2765 1503 2786; x_wconf 83' lang='lat' dir='ltr'><strong>ac</strong></span> <span class='ocrx_word' id='word_1_540' title='bbox 1522 2754 1647 2785; x_wconf 83' lang='lat' dir='ltr'><strong>influxi-</strong></span> 
     </span>
     <span class='ocr_line' id='line_1_48' title="bbox 171 2803 1648 2851; baseline 0.003 -17"><span class='ocrx_word' id='word_1_541' title='bbox 171 2803 244 2834; x_wconf 82' lang='lat' dir='ltr'><strong>onis</strong></span> <span class='ocrx_word' id='word_1_542' title='bbox 270 2806 452 2846; x_wconf 65' lang='lat' dir='ltr'><strong>aequalitate</strong></span> <span class='ocrx_word' id='word_1_543' title='bbox 480 2806 682 2849; x_wconf 84' lang='lat' dir='ltr'><strong>intelligitur.</strong></span> <span class='ocrx_word' id='word_1_544' title='bbox 739 2809 849 2845; x_wconf 88' lang='lat' dir='ltr'><strong>Quum</strong></span> <span class='ocrx_word' id='word_1_545' title='bbox 864 2814 970 2841; x_wconf 84' lang='lat' dir='ltr'><strong>autem</strong></span> <span class='ocrx_word' id='word_1_546' title='bbox 986 2809 1222 2840; x_wconf 84' lang='lat' dir='ltr'><strong>constitutionis</strong></span> <span class='ocrx_word' id='word_1_547' title='bbox 1234 2819 1405 2851; x_wconf 83' lang='lat' dir='ltr'><strong>compages</strong></span> <span class='ocrx_word' id='word_1_548' title='bbox 1418 2808 1648 2844; x_wconf 85' lang='lat' dir='ltr'><strong>dissolvuntur,</strong></span> 
     </span>
     <span class='ocr_line' id='line_1_49' title="bbox 173 2856 1646 2904; baseline 0.003 -18"><span class='ocrx_word' id='word_1_549' title='bbox 173 2856 199 2886; x_wconf 58' lang='lat' dir='ltr'><strong>si</strong></span> <span class='ocrx_word' id='word_1_550' title='bbox 224 2867 287 2889; x_wconf 84' lang='lat' dir='ltr'><strong>nou</strong></span> <span class='ocrx_word' id='word_1_551' title='bbox 310 2860 447 2900; x_wconf 80' lang='lat' dir='ltr'><strong>amplius</strong></span> <span class='ocrx_word' id='word_1_552' title='bbox 471 2862 618 2893; x_wconf 82' lang='lat' dir='ltr'><strong>transitus</strong></span> <span class='ocrx_word' id='word_1_553' title='bbox 634 2867 685 2893; x_wconf 86' lang='lat' dir='ltr'><strong>est</strong></span> <span class='ocrx_word' id='word_1_554' title='bbox 700 2863 839 2904; x_wconf 86' lang='lat' dir='ltr'><strong>spiritui,</strong></span> <span class='ocrx_word' id='word_1_555' title='bbox 854 2869 910 2895; x_wconf 80' lang='lat' dir='ltr'><strong>aut</strong></span> <span class='ocrx_word' id='word_1_556' title='bbox 929 2863 1115 2895; x_wconf 85' lang='lat' dir='ltr'><strong>alimentum</strong></span> <span class='ocrx_word' id='word_1_557' title='bbox 1144 2863 1272 2894; x_wconf 84' lang='lat' dir='ltr'><strong>minime</strong></span> <span class='ocrx_word' id='word_1_558' title='bbox 1299 2863 1505 2897; x_wconf 85' lang='lat' dir='ltr'><strong>distribuitur,</strong></span> <span class='ocrx_word' id='word_1_559' title='bbox 1532 2861 1646 2892; x_wconf 77' lang='lat' dir='ltr'><strong>animal</strong></span> 
     </span>
     <span class='ocr_line' id='line_1_50' title="bbox 171 2912 1646 2960; baseline 0.003 -19"><span class='ocrx_word' id='word_1_560' title='bbox 171 2912 292 2943; x_wconf 82' lang='lat' dir='ltr'><strong>interit.</strong></span> <span class='ocrx_word' id='word_1_561' title='bbox 353 2914 467 2946; x_wconf 68' lang='lat' dir='ltr'><strong>Multae</strong></span> <span class='ocrx_word' id='word_1_562' title='bbox 483 2925 554 2948; x_wconf 82' lang='lat' dir='ltr'><strong>vcro</strong></span> <span class='ocrx_word' id='word_1_563' title='bbox 568 2922 645 2948; x_wconf 87' lang='lat' dir='ltr'><strong>sunt</strong></span> <span class='ocrx_word' id='word_1_564' title='bbox 659 2922 768 2960; x_wconf 74' lang='lat' dir='ltr'><strong>pestes</strong></span> <span class='ocrx_word' id='word_1_565' title='bbox 797 2924 830 2949; x_wconf 83' lang='lat' dir='ltr'><strong>et</strong></span> <span class='ocrx_word' id='word_1_566' title='bbox 855 2928 942 2949; x_wconf 70' lang='lat' dir='ltr'><strong>noxae</strong></span> <span class='ocrx_word' id='word_1_567' title='bbox 973 2918 1058 2955; x_wconf 77' lang='lat' dir='ltr'><strong>vitae,</strong></span> <span class='ocrx_word' id='word_1_568' title='bbox 1086 2922 1118 2949; x_wconf 86' lang='lat' dir='ltr'><strong>et</strong></span> <span class='ocrx_word' id='word_1_569' title='bbox 1146 2918 1252 2948; x_wconf 82' lang='lat' dir='ltr'><strong>mortis</strong></span> <span class='ocrx_word' id='word_1_570' title='bbox 1279 2926 1393 2949; x_wconf 81' lang='lat' dir='ltr'><strong>causae.</strong></span> <span class='ocrx_word' id='word_1_571' title='bbox 1418 2927 1512 2947; x_wconf 90' lang='lat' dir='ltr'><strong>unum</strong></span> <span class='ocrx_word' id='word_1_572' title='bbox 1541 2921 1646 2947; x_wconf 84' lang='lat' dir='ltr'><strong>autem</strong></span> 
     </span>
    </p>
   </div>
  </div>
 </body>
</html>
