1840 3225
157 221 227 270 69]
779 219 1014 258 TIMAEUS.
1538 221 1616 258 263

153 325 334 357 varietatem
347 327 380 357 in
392 336 426 357 se
440 326 604 367 plurimam
617 325 761 356 continet
776 336 782 354 :
799 329 832 354 et
843 334 913 364 quae
929 324 985 354 sub
1002 333 1039 354 eo
1052 329 1124 355 sunt
1136 324 1252 359 omnia,
1268 324 1387 355 colores
1399 328 1560 354 vocantur.
1569 329 1617 353 est

155 387 262 411 autem
280 380 364 411 color
374 380 471 411 veluti
479 380 637 410 flammula
646 379 792 420 quaedam
801 378 844 408 ful
849 388 964 420 gorque
981 388 1000 408 a
1009 378 1141 418 singulis
1156 378 1334 419 corporibus
1345 387 1505 413 emananS,
1513 382 1619 418 partes

157 433 277 466 habens
290 434 369 465 visui
378 434 418 465 ad
429 433 628 465 sentiendum
641 432 908 464 accommodatas.
930 442 1040 464 causas
1049 443 1136 469 vero,
1145 443 1182 463 ex
1194 433 1306 473 quibus
1315 433 1398 463 visus
1409 432 1555 473 gignitur,
1567 442 1618 462 su-

154 498 211 529 pra
218 489 418 520 tractavimus
431 501 436 518 z
451 499 534 519 nunc
546 489 585 519 de
597 488 751 519 coloribus
759 488 956 529 potissimum
964 487 1023 518 hoc
1033 492 1126 528 pacto
1136 488 1309 528 probabilia
1319 486 1454 518 dicenda
1465 485 1620 518 videntur.

155 553 223 583 quae
238 543 276 574 ab
291 544 361 574 aliis
373 543 479 574 delata
493 543 633 584 partibus
647 543 680 573 in
695 548 858 584 aspectum
875 542 1003 578 cadunt,
1016 542 1128 582 partim
1145 542 1396 583 minora,partim
1413 541 1536 582 majora.
1547 550 1618 581 par·

158 597 214 627 tim
223 597 306 628 visus
321 597 417 638 ipsius
436 598 575 638 partibus
591 597 724 638 aequalia
733 603 815 627 sunt.
828 597 962 638 aequalia
979 596 1108 637 quidem
1116 596 1297 627 sentirinon
1314 602 1453 636 possunt,
1464 605 1533 635 quae
1550 594 1619 625 dia-

154 651 269 691 phana,
282 650 316 681 id
328 657 376 682 est
387 651 531 692 utrinque
541 652 718 692 perspicua,
733 652 944 682 nominantur.
957 651 1079 682 minora
1094 661 1167 681 vero
1183 655 1237 681 aut
1249 650 1369 691 majora
1378 650 1492 691 partim
1503 649 1620 680 discer-

153 714 227 736 nere
236 706 350 746 partim
362 707 544 736 contrahere
558 706 658 736 visum
671 705 815 742 dicimus,
827 706 926 737 instar
941 716 1046 736 eorum
1059 716 1127 746 quae
1139 704 1300 736 caliditate
1307 705 1358 734 vel
1366 704 1539 745 frigiditate
1553 713 1620 733 car-

151 768 236 795 nem,
250 764 304 790 aut
317 770 424 791 eorum
436 770 505 801 quae.
521 761 691 792 acrimonia
702 762 753 791 vel
771 761 914 791 acumine
929 759 1129 791 caliditateve
1144 760 1283 800 linguam
1295 759 1482 789 contrahunt
1493 758 1544 787 vel
1557 756 1621 788 dis-

152 819 294 844 cernunt.
306 819 400 856 atque
417 825 465 851 ea,
483 826 552 856 quae
565 815 666 846 visum
681 816 726 846 sic
743 815 892 851 afficiunt,
906 815 976 845 alba
993 816 1122 855 nigrave
1137 824 1284 844 vocamus
1298 825 1304 843 :
1323 824 1393 854 quae
1409 811 1537 853 quidem
1548 821 1622 852 pas-

151 866 256 898 siones
270 878 377 899 eorum
393 874 475 906 sunt,
488 879 557 911 quae
573 869 667 900 modo
678 870 853 905 narrabam,
870 874 903 899 et
917 869 1044 900 illorum
1055 868 1184 910 quidem
1195 877 1345 908 germana
1355 866 1530 907 eademque
1543 876 1620 908 quo-

151 920 332 960 dammodo,
349 924 404 954 sed
420 924 454 954 in
478 934 593 965 genere
609 924 682 960 alio,
699 923 822 955 diversa
835 928 941 954 tamen
957 927 1084 964 propter
1106 923 1162 953 has
1178 932 1286 953 causas
1307 932 1377 952 esse
1396 921 1554 952 videntur.
1577 920 1621 951 sic

149 975 257 1017 utique
274 977 466 1018 appellanda
480 983 552 1008 sunt
565 979 646 1008 ista:
665 977 753 1019 quod
767 978 870 1008 visum
885 977 1055 1019 disgregat,
1069 977 1174 1008 album
1188 988 1196 1015 3
1212 977 1336 1018 nigrum
1347 986 1432 1012 vero,
1448 975 1533 1017 quod
1545 985 1621 1006 con-

153 1036 273 1071 gregat.
309 1032 482 1062 motionem
497 1032 637 1073 profecto
653 1032 824 1063 acutiorem
838 1032 1027 1072 alteriusque
1043 1031 1165 1072 generis
1179 1031 1272 1072 ignis,
1288 1030 1484 1061 incidentem
1499 1029 1620 1071 disper-

152 1090 341 1127 gentemque
357 1086 459 1116 visum
473 1096 572 1127 usque
589 1086 630 1117 ad
643 1086 762 1123 oculos,
778 1086 930 1127 orbesque
946 1086 1032 1127 ipsos
1048 1086 1209 1117 oculorum
1228 1091 1412 1126 meatusque
1428 1084 1460 1115 vi
1475 1084 1619 1115 diverbe-

153 1144 273 1169 rantem
289 1140 620 1182 liquefacientemque,
646 1140 721 1182 [68]
744 1141 851 1181 ignem
871 1150 941 1171 esse
957 1140 1090 1170 dicimus
1106 1151 1143 1171 ex
1160 1140 1305 1181 opposito
1326 1139 1516 1175 obviantem,
1534 1139 1622 1180 cujus

153 1202 282 1224 occursu
296 1194 434 1230 lacrima,
452 1205 563 1236 corpus
576 1205 616 1225 ex
631 1195 697 1236 igni
713 1199 746 1226 et
761 1205 842 1236 aqua
851 1195 996 1230 mixtum,
1012 1195 1194 1226 effunditur.
1209 1200 1242 1225 et
1256 1205 1319 1225 uno
1334 1194 1463 1235 quidem
1478 1194 1551 1234 igne
1565 1203 1618 1224 ve-

152 1247 199 1278 lut
213 1258 232 1278 e
247 1249 461 1280 coruscatione
484 1249 620 1290 quadam
635 1250 812 1286 exsiliente,
829 1250 928 1281 altero
944 1260 1018 1281 vero
1032 1254 1220 1291 penetrante
1236 1254 1268 1280 et
1284 1250 1323 1279 ab
1338 1250 1467 1279 humore
1483 1248 1620 1279 exstinc-

151 1307 195 1338 to,
212 1303 290 1333 varii
305 1309 448 1335 creantur
463 1314 499 1335 ex
516 1304 693 1346 hujusmodi
707 1304 858 1335 mixtione
875 1305 994 1336 colores
1011 1316 1017 1333 :
1036 1310 1129 1346 atque
1144 1304 1248 1345 ipsam
1270 1304 1449 1345 passionem
1464 1303 1622 1344 fulgorem

153 1357 463 1399 coruscationemque
490 1369 659 1397 vocamus;
683 1359 806 1400 quodve
822 1359 857 1390 id
873 1359 959 1396 facit,
976 1359 1179 1400 splendidum
1201 1363 1296 1400 atque
1317 1368 1490 1390 coruscum.
1512 1358 1624 1388 horum

152 1410 293 1442 medium
306 1412 389 1453 ignis
404 1423 502 1454 genus
516 1413 557 1444 ad
571 1414 730 1445 oculorum
747 1415 913 1445 humorem
927 1414 1127 1454 perveniens,
1142 1414 1254 1454 illique
1274 1422 1307 1443 se
1329 1412 1474 1449 miscens,
1489 1412 1620 1443 minime

152 1465 281 1507 quidem
289 1476 462 1504 coruscum,
479 1468 534 1498 sed
548 1478 584 1499 ex
602 1468 670 1510 ipsa
685 1469 772 1510 ignei
783 1468 865 1499 radii
877 1468 917 1500 ad
933 1470 1094 1499 humorem
1109 1468 1312 1503 admixtione,
1330 1466 1538 1508 sanguineum
1553 1476 1622 1496 cre-

153 1525 226 1551 ante
236 1521 386 1558 colorem,
394 1522 526 1553 rubeum
538 1523 748 1554 nominamus.
761 1522 964 1564 splendidum
979 1523 1145 1564 albumque
1161 1522 1257 1553 rubeo
1272 1522 1406 1552 mixtum
1421 1521 1536 1551 flavum
1550 1530 1623 1561 pro·-

153 1581 250 1606 creat.
283 1586 345 1618 quo
361 1581 466 1607 autem
480 1587 634 1608 mensurae
650 1577 745 1609 modo
762 1578 886 1619 singula
901 1578 1033 1619 singulis
1049 1577 1250 1612 misceantur,
1267 1575 1391 1607 etiamsi
1406 1575 1477 1618 quis
1491 1575 1626 1612 noverit,

153 1639 280 1660 narrare
293 1630 458 1671 prudentis
471 1642 535 1662 non
551 1638 617 1663 est:
634 1633 807 1674 praesertim
820 1643 892 1663 cum
905 1642 1009 1674 neque
1024 1631 1235 1663 necessariam
1247 1641 1352 1672 neque
1364 1629 1568 1660 verisimilem
1583 1629 1624 1660 de

153 1684 204 1714 his
214 1684 368 1715 rationem
384 1685 494 1716 afferre
509 1687 574 1717 ullo
588 1686 683 1717 modo
697 1687 808 1727 possit.
830 1686 962 1717 rubeum
977 1697 1050 1718 cum
1064 1686 1136 1718 albo
1151 1686 1303 1727 nigroque
1319 1694 1511 1726 purpureum
1526 1694 1624 1725 gene-

153 1743 213 1769 rat.
228 1740 324 1780 paulo
339 1739 496 1771 obscurior
510 1751 633 1772 moi-eus
648 1742 844 1783 luteolusque
859 1741 894 1772 fit
909 1741 1004 1777 color,
1019 1740 1146 1782 quando
1154 1740 1202 1771 his
1217 1739 1355 1770 invicem
1371 1738 1517 1769 conflatis
1531 1737 1624 1769 adus-

153 1793 258 1835 tisque
285 1794 386 1836 magis
405 1800 454 1825 est
469 1795 617 1837 adjuncta
631 1795 774 1837 nigredo.
797 1796 917 1827 fulvum
939 1796 1013 1826 flavi
1027 1795 1170 1837 fuscique
1189 1793 1418 1835 temperatione
1434 1792 1626 1833 producitur·

155 1847 278 1879 fuscum
294 1859 366 1880 vero
382 1849 446 1880 albi
462 1854 495 1880 et
509 1849 590 1891 nigri
607 1850 802 1881 confusione.
824 1850 978 1891 pallorem
993 1850 1058 1880 albi
1073 1850 1208 1891 flavique
1225 1849 1339 1890 copula
1355 1852 1496 1888 generat.
1517 1847 1625 1887 splen-

157 1901 267 1934 didum
287 1903 359 1934 albo
375 1903 557 1946 adjunctum
577 1905 774 1945 plurimaque
804 1904 938 1934 offusum
961 1903 1126 1944 nigredine
1143 1904 1311 1934 caeruleum
1331 1902 1436 1933 efficit.
1459 1902 1626 1932 caeruleum

156 1966 228 1987 cum
243 1957 314 1988 albo
329 1958 475 1998 glaucum
491 1963 586 1989 creat.
601 1958 680 1988 fulvi
694 1958 840 1998 nigrique
857 1958 1009 1998 temperie
1032 1958 1118 1988 color
1132 1957 1242 1987 viridis
1255 1957 1404 1987 nascitur.
1441 1960 1548 1986 cetera
1563 1956 1625 1986 fer-

156 2020 207 2041 me
223 2020 261 2041 ex
280 1999 332 2042 'his
347 2012 452 2042 omnia
465 2011 635 2042 manifesta
649 2012 738 2042 fiunt.
760 2011 787 2042 si
802 2011 872 2052 quis
897 2011 983 2041 enim
1005 2011 1180 2051 superiores
1200 2010 1371 2041 mixtiones
1387 2010 1527 2041 imitatus
1551 2010 1625 2041 reli-

156 2074 234 2105 quos
249 2065 371 2096 colores
386 2066 576 2107 exsequitur,
592 2066 805 2107 probabilibus
818 2066 991 2096 rationibus
1005 2065 1187 2106 disputabit.
1209 2070 1242 2096 at
1258 2065 1285 2096 si
1300 2066 1368 2107 quis
1383 2066 1493 2096 horum
1505 2064 1625 2096 discus-

154 2118 281 2149 sionem
306 2120 585 2162 probationemque
601 2131 697 2161 opere
712 2121 782 2161 ipso
809 2121 1018 2162 aggredietur,
1035 2119 1112 2162 quid
1136 2120 1220 2150 inter
1234 2120 1404 2150 humanam
1424 2119 1626 2160 divinamque

156 2177 301 2204 naturam
316 2174 449 2210 intersit,
465 2174 607 2215 ignorare
626 2175 791 2206 videbitur.
812 2185 928 2216 nempe
952 2175 1042 2206 Deus
1061 2175 1161 2205 multa
1176 2175 1208 2205 in
1226 2185 1323 2205 unum
1338 2174 1487 2215 colligere
1511 2184 1627 2205 rursus·

156 2237 217 2269 que
232 2238 330 2259 unum
345 2228 378 2259 in
392 2229 492 2260 multa
506 2229 678 2270 producere
694 2230 852 2261 sufficiens
868 2235 917 2260 est
931 2242 937 2260 ι
956 2229 1016 2260 scit
1028 2230 1114 2260 enim
1129 2229 1218 2260 simul
1233 2239 1269 2260 ac
1285 2233 1401 2270 potest.
1415 2229 1508 2259 homo
1521 2234 1626 2259 autem

157 2283 273 2319 nullus,
289 2283 343 2324 qui
357 2283 538 2314 alterutrum
554 2285 670 2321 valeat,
685 2290 740 2315 aut
755 2291 803 2316 est
817 2296 901 2316 nunc
918 2290 972 2316 aut
984 2295 1124 2326 unquam
1139 2284 1210 2315 erit.
1253 2283 1333 2314 Haec
1356 2293 1432 2314 sane
1449 2283 1565 2319 omnia,
1581 2283 1628 2313 ita

157 2341 233 2368 tunc
252 2338 436 2369 naturaliter
451 2339 577 2376 affecta,
593 2349 634 2370 ex
654 2339 842 2371 necessitate
859 2339 914 2370 ille
935 2339 1135 2380 pulcherrimi
1151 2338 1327 2379 optimique
1345 2337 1448 2378 operis
1463 2337 1628 2368 fabricator

156 2389 191 2420 in
207 2390 266 2427 his,
279 2401 348 2432 quoe
362 2392 579 2434 gignebantur,
595 2393 784 2430 assumebat,
797 2393 923 2435 quando
940 2393 1046 2424 Deum
1063 2404 1096 2424 se
1109 2395 1178 2434 ipso
1191 2392 1399 2424 sufficientem
1414 2398 1447 2422 et
1461 2391 1626 2432 perfectis-

158 2444 273 2475 simum
288 2446 468 2487 generabat,
482 2452 576 2478 utens
588 2448 716 2490 quidem
728 2449 830 2480 causis
845 2448 886 2480 ad
900 2449 968 2480 haec
979 2448 1132 2479 ministris
1144 2458 1152 2485 ;
1169 2446 1254 2489 quod
1269 2451 1376 2477 autem
1389 2446 1470 2476 bene
1481 2455 1514 2476 se
1530 2445 1627 2476 habe-

158 2498 222 2535 bat,
234 2499 302 2540 ipse
315 2499 346 2530 in
362 2500 494 2542 singulis
506 2511 614 2542 agenS.
625 2502 703 2533 duas
718 2503 804 2534 enim
815 2513 977 2535 causarum
990 2503 1114 2544 species
1130 2501 1322 2542 distinguere
1334 2501 1439 2536 decet,
1454 2510 1550 2531 unam
1559 2501 1628 2542 qui—

158 2552 233 2584 dem
248 2554 467 2590 necessariam,
493 2556 625 2587 alteram
641 2567 713 2588 vero
728 2557 865 2588 divinam
882 2569 889 2587 :
907 2567 944 2588 ac
961 2556 1101 2588 divinam
1123 2556 1157 2586 in
1173 2555 1317 2587 omnibus
1338 2565 1488 2596 quaerere,
1503 2560 1539 2586 ut
1552 2555 1627 2586 bea-

158 2612 223 2639 tam
237 2608 346 2644 vitam,
362 2608 466 2650 quoad
480 2614 597 2641 naturae
609 2616 722 2642 nostrae
737 2612 885 2653 possibile
902 2618 961 2648 est,
974 2611 1183 2652 adipiscamur
1197 2621 1204 2640 ε
1225 2608 1300 2651 [69]
1318 2609 1529 2643 necessariam
1550 2620 1626 2650 quo-

158 2671 219 2702 que
234 2672 361 2695 causam
375 2663 499 2695 illorum
515 2665 613 2706 gratia
624 2667 820 2706 perscrutari.
837 2667 974 2708 cogitare
988 2666 1073 2697 enim
1085 2669 1219 2706 oportet,
1236 2663 1352 2705 absque
1369 2664 1418 2694 his
1432 2663 1497 2699 illa,
1514 2663 1548 2694 in
1559 2664 1628 2705 qui-

156 2715 215 2747 bus
229 2716 367 2748 studium
382 2718 539 2761 ponimus,
551 2730 615 2751 non
631 2730 724 2761 posse
739 2721 875 2763 intelligi
891 2721 941 2751 vel
956 2718 1184 2760 comprehendi
1208 2719 1257 2749 vel
1273 2717 1553 2759 quomodocunque
1569 2718 1627 2749 ali-

157 2771 206 2801 ter
220 2772 353 2813 percipi.
382 2773 541 2810 Quoniam
554 2784 627 2804 vero
643 2774 733 2805 nobis
747 2775 779 2805 in
795 2775 963 2816 praesentia
979 2774 1077 2804 veluti
1091 2773 1186 2804 fabris
1201 2773 1333 2804 materia
1348 2772 1499 2813 subjacet,
1517 2781 1624 2802 causa-

160 2832 229 2854 rum
244 2824 393 2857 videlicet
408 2837 534 2868 genera,
547 2828 650 2858 vicem
664 2828 762 2859 ferme
772 2829 839 2871 jam
851 2834 1034 2871 praeparatae
1048 2827 1186 2859 materiae
1202 2826 1387 2862 obtinentia,
1401 2836 1440 2857 ex
1456 2826 1568 2867 quibus
1580 2831 1630 2856 est

161 2886 295 2918 sequens
307 2879 478 2921 disputatio
490 2882 700 2920 contexenda,
709 2893 813 2914 rursus
827 2882 868 2914 ad
880 2883 1067 2925 principium
1081 2882 1216 2913 breviter
1226 2881 1403 2916 redeamuS,
1417 2881 1540 2921 citoque
1554 2880 1629 2910 illuc

160 2931 381 2972 regrediamur,
394 2935 478 2965 mide
491 2937 654 2977 hucusque
668 2937 886 2978 processimus,
903 2943 996 2979 atque
1010 2938 1054 2968 ita
1070 2935 1195 2967 demum
1213 2935 1307 2967 finem
1321 2935 1504 2978 apicemque
1521 2934 1626 2974 dispu-
