1840 3225
228 208 312 247 206
839 205 1102 247 PLAroms
1592 211 1692 264 [563

230 310 290 342 So.
308 310 380 353 Age
394 310 566 349 videamus,
583 320 603 342 ο
625 309 725 342 dulcis
741 309 852 348 amice,
865 311 1010 352 quisnam
1025 309 1202 354 tyrannidis
1216 310 1315 353 ipsius
1333 311 1375 344 sit
1387 312 1509 346 modus.
1523 311 1693 355 principio,

230 365 317 406 quod
333 375 371 395 ex
383 364 527 406 populari
541 363 647 401 oritur,
663 363 758 395 ferme
768 369 816 397 est
825 364 1034 406 perspicuum.
1058 364 1141 396 Ani.
1156 364 1375 399 Manifestum.
1397 367 1454 401 So.
1467 366 1586 399 Eadem
1594 367 1689 409 igitur

228 419 352 449 ratione
363 429 402 449 ex
417 418 561 460 populari
573 418 714 460 tyrannis
725 419 831 455 oritur,
845 429 910 460 qua
921 429 958 450 ex
974 429 1142 461 paucorum
1155 419 1297 461 potentia
1309 421 1478 462 popularis.
1500 420 1583 454 Am.
1599 421 1694 459 Qua?

223 472 284 503 So.
301 471 397 509 Quod
412 472 470 503 sibi
484 472 568 504 cives
582 472 614 503 in
631 481 799 513 paucorum
815 473 956 514 potentia
971 477 1120 514 tanquam
1141 474 1258 505 bonurn
1275 480 1517 516 proposuerunt,
1532 486 1590 517 per
1603 475 1691 518 quod

229 530 263 556 et
273 535 442 566 paucorum
457 526 600 567 potentia
614 526 754 562 inolevit,
769 527 800 557 id
813 532 880 558 erat
890 527 1066 558 divitiarum
1083 528 1186 570 copia.
1201 530 1328 560 nonne?
1373 528 1455 561 Am.
1478 529 1566 560 Istuc
1578 529 1694 570 ipsum.

228 579 286 610 So.
310 579 511 621 Inexplebilis
524 579 632 622 itaque
647 580 822 611 divitiarum
839 581 903 612 sitis
928 588 1161 623 ceterorumque
1177 583 1347 614 officiorum
1363 583 1553 625 negligentia
1568 587 1695 624 propter

226 632 331 674 ipsum
346 638 498 675 quaestum
523 645 590 666 eam
619 635 764 675 perdunt.
810 633 892 666 Am.
922 634 1039 665 Verum
1066 635 1097 665 id
1124 635 1262 677 quidem.
1307 636 1364 667 So.
1387 636 1474 673 Quin
1496 636 1590 667 etiarn
1611 635 1695 678 ejus,

228 688 316 728 quod
333 687 364 718 in
381 688 523 730 populari
544 688 659 719 bonum
685 692 840 729 censetur,
862 689 1019 730 cupiditas
1041 689 1239 731 inexplebilis
1262 690 1360 731 ipsam
1382 700 1509 732 quoque
1531 689 1692 731 pervertit.

228 739 313 772 Aur.
336 741 421 778 Quid
439 742 470 771 in
485 752 523 773 ea
538 742 733 784 potissimum
750 742 868 773 censeri
884 743 999 773 bonum
1024 742 1128 774 dicis?
1174 743 1230 775 So.
1255 743 1457 776 Libertatem.
1471 754 1542 774 narn
1557 743 1643 774 istud
1659 743 1691 774 in

228 795 375 836 populari
390 795 518 827 civitate
534 795 652 827 censeri
668 795 932 837 praeclarissimum
948 797 1056 827 audies
1071 809 1077 827 :
1103 798 1237 839 ideoque
1261 798 1293 828 in
1320 798 1380 829 hac
1403 797 1468 828 sola
1482 797 1622 828 habitare
1637 807 1693 838 par

228 854 277 880 est
291 860 361 880 eum
378 850 487 887 virum,
499 850 554 892 qui
569 855 678 881 natura
694 851 734 880 sit
749 850 836 881 liber.
879 850 964 882 Am.
987 850 1080 882 Certe
1094 862 1206 882 nomen
1227 851 1310 882 istud
1328 851 1477 882 libertatis
1491 851 1525 882 in
1540 852 1598 882 hac
1613 850 1692 882 civi»

229 906 293 934 tate
310 903 501 944 frequentius
518 903 715 945 praedicatur.
757 904 812 936 So.
838 904 967 945 Nonne,
982 906 1067 946 quod
1088 905 1227 936 dicturus
1242 916 1337 942 eram,
1354 904 1448 946 hujus
1460 905 1560 946 ipsius
1572 904 1691 945 cupido

226 955 411 988 insatiabilis
425 963 660 999 ceterorumque
676 958 866 999 negligentia
881 959 962 990 hanc
980 964 1078 989 mutat
1094 970 1155 989 rem
1178 959 1347 1000 publicam,
1361 958 1508 1000 cogitque
1525 958 1692 1000 tyrannide

226 1010 388 1051 indigere?
437 1011 521 1042 Am.
541 1013 615 1049 Quo
633 1012 750 1052 pacto?
796 1013 853 1044 So.
877 1012 1016 1049 Quando
1041 1013 1189 1044 videlicet
1210 1013 1372 1054 popularis
1394 1012 1502 1044 civitas
1524 1012 1691 1043 sitiens.i'r-

228 1064 377 1095 bertatem
394 1065 494 1097 malos
510 1066 673 1107 pincernas
696 1066 898 1107 praesidentes
924 1066 1125 1103 nanciscitur,
1140 1072 1172 1097 et
1187 1077 1224 1098 ea
1241 1066 1394 1108 profusius
1409 1076 1502 1108 quam
1517 1066 1610 1097 decet
1623 1072 1691 1097 sese

224 1118 424 1160 ingurgitans
452 1120 661 1156 debacchatur
675 1131 683 1150 t
722 1125 755 1151 et
781 1120 936 1161 principes
962 1131 1071 1151 causas
1095 1126 1242 1162 tanquam
1268 1121 1430 1162 rigidiores
1455 1124 1487 1152 et
1509 1120 1693 1163 tyrannicos

227 1173 333 1213 punit,
348 1173 409 1203 nisi
435 1174 524 1204 mites
539 1175 709 1204 admodum
724 1174 786 1204 sint
800 1174 1029 1216 plurimumque
1045 1175 1223 1206 concedant
1237 1175 1387 1206 licentiae.
1430 1173 1514 1206 Am.
1535 1174 1588 1205 Sic
1603 1183 1690 1214 pror—

226 1236 280 1256 sus
295 1227 422 1258 accidit.
463 1228 518 1260 So.
542 1227 642 1269 Atqui
657 1234 690 1259 et
703 1239 768 1264 coe,
785 1229 838 1269 qui
856 1229 1051 1270 principibus
1067 1231 1188 1270 parent,
1201 1228 1347 1270 objurgat
1362 1233 1509 1270 tanquam
1523 1228 1647 1258 serviles
1658 1232 1692 1258 et

227 1280 322 1321 pretii
336 1280 452 1311 nullius
466 1281 627 1313 homines:
653 1282 810 1323 principes
833 1287 937 1313 autem
953 1283 1086 1314 subditis
1099 1293 1186 1324 pares
1197 1289 1229 1313 et
1243 1283 1384 1314 subditos
1396 1292 1483 1324 pares
1497 1281 1691 1323 principibus

226 1334 370 1375 privatim
385 1340 417 1365 et
430 1335 555 1375 publice
569 1335 676 1366 laudat
689 1343 782 1377 atque
806 1337 951 1369 honorat.
977 1347 1017 1367 an
1046 1347 1109 1367 non
1135 1347 1262 1368 necesse
1285 1341 1334 1367 est
1359 1337 1417 1368 hac
1442 1336 1474 1366 in
1500 1335 1626 1367 civitate
1649 1335 1692 1366 ad

228 1398 380 1418 summam
402 1388 575 1419 libertatem
597 1390 738 1420 homines
761 1390 944 1431 pervenire?
990 1389 1074 1422 Ant.
1103 1390 1219 1421 Procul
1243 1390 1353 1421 dubio.
1396 1389 1452 1422 So.
1475 1389 1583 1430 Atque
1610 1389 1692 1420 hanc

224 1441 351 1472 insitam
365 1443 553 1473 obedientiae
567 1443 782 1484 impatientem
799 1443 968 1479 licentiam,
983 1454 1002 1474 o
1025 1444 1135 1484 amice,
1152 1444 1290 1485 proprias
1305 1444 1435 1484 irrepere
1449 1443 1572 1479 domos,
1592 1446 1690 1484 seque

226 1505 328 1536 usque
344 1496 383 1526 ad
399 1496 488 1526 bruta
510 1497 718 1537 protendere?
742 1497 825 1528 Am.
848 1497 921 1534 Quo
939 1502 1033 1538 pacto
1055 1498 1114 1528 hoc
1129 1497 1285 1528 dicimus?
1331 1497 1388 1529 So.
1412 1496 1514 1533 Quale
1532 1496 1690 1532 videlicet.

227 1549 255 1580 si
268 1555 356 1590 pater
370 1550 435 1581 filio
446 1550 501 1581 fiat
513 1550 622 1581 similis
634 1551 775 1592 filiosque
789 1556 917 1587 metuat,
931 1557 963 1581 et
973 1551 1055 1582 filius
1066 1551 1144 1593 patri
1156 1552 1195 1582 sit
1208 1562 1263 1592 par
1278 1561 1380 1593 neque
1395 1557 1534 1582 vereatur
1549 1557 1693 1592 parentes

226 1610 331 1644 neque
347 1609 474 1641 metuat,
491 1610 525 1635 ut
540 1604 579 1635 sit
595 1605 725 1636 maxime
741 1605 817 1636 liber
831 1617 839 1635 ι
865 1607 963 1648 [563]
982 1606 1150 1647 inquilinus
1167 1611 1316 1647 praeterea
1324 1606 1384 1637 civi
1396 1611 1428 1637 et
1442 1604 1598 1647 inquilino
1612 1605 1690 1636 civis

224 1663 377 1700 aequetur,
393 1659 633 1700 peregrinusque
649 1659 801 1690 similiter.
845 1660 927 1691 on.
950 1660 1003 1691 Sic
1019 1660 1146 1691 accidit.
1189 1660 1246 1691 So.
1268 1660 1348 1691 Haec
1364 1659 1472 1701 utique
1486 1664 1518 1690 et
1533 1658 1593 1689 alia
1607 1669 1689 1689 non·

225 1712 312 1743 nulla
327 1712 447 1743 minora
461 1712 572 1744 similia
598 1714 644 1744 liis
668 1714 828 1745 eveniunt.
849 1724 964 1756 nempe
987 1725 1024 1745 ea
1049 1715 1080 1745 in
1108 1715 1182 1746 urbe
1206 1713 1576 1756 praeceptordiscspulos
1597 1713 1687 1744 timet

225 1766 334 1807 eisque
343 1766 526 1798 blanditur:
551 1767 700 1809 discipuli
722 1775 929 1810 praeceptores
955 1775 1116 1811 spernunt,
1139 1775 1171 1801 et
1192 1769 1334 1800 similiter
1355 1769 1570 1810 paedagogos:
1594 1773 1689 1809 atque

224 1824 261 1850 ut
272 1821 446 1851 summatim
460 1821 575 1857 dicam,
586 1821 727 1862 juniores
742 1823 917 1854 senioribus
933 1834 965 1854 se
981 1823 1096 1853 similes
1119 1828 1281 1864 praestant,
1304 1822 1466 1863 verbisque
1489 1826 1522 1852 et
1543 1822 1689 1862 operibus

224 1875 437 1909 adversantur,
453 1875 589 1904 seniores
604 1880 707 1905 autem
729 1875 887 1915 juniorum
905 1882 1017 1916 gerunt
1032 1876 1130 1907 vicem
1155 1883 1187 1906 et
1206 1882 1354 1917 tanquam
1369 1886 1482 1907 ecurrae
1498 1875 1618 1906 facetiis
1632 1885 1688 1906 eos

223 1928 394 1964 delectant,
421 1938 459 1958 ne
483 1928 580 1958 severi
606 1928 828 1969 imperiosique
852 1929 1030 1961 videantur.
1073 1929 1157 1960 Anr.
1181 1929 1332 1960 Maxime.
1375 1930 1432 1960 So.
1456 1929 1555 1970 Vulgi
1578 1933 1684 1959 autem

224 1981 351 2012 libertas
363 1986 512 2019 extrema,
527 1993 546 2013 o
562 1982 673 2019 amice,
688 1983 744 2013 tali
768 1982 800 2013 in
816 1983 944 2014 civitate
969 1984 1110 2024 quanta?
1135 1984 1390 2025 quandoquidem
1412 1988 1516 2023 empta
1534 1982 1688 2023 mancipia

222 2035 532 2067 nihilominuslibern
545 2041 617 2067 sunt
631 2047 724 2077 quam
749 2042 926 2078 emptores:
952 2042 985 2068 et
1010 2043 1126 2079 quanta
1151 2037 1330 2069 mulieribus
1357 2047 1430 2079 erga
1446 2036 1525 2067 viros
1550 2036 1685 2076 virisque

223 2100 296 2132 erga
311 2090 452 2121 mulieres
467 2090 628 2131 aequalitas
643 2091 829 2132 libertasque
854 2092 904 2126 sit,
931 2091 1027 2123 ferme
1052 2093 1154 2123 dicere
1181 2092 1271 2123 obliti
1287 2102 1403 2122 sumus.
1450 2090 1529 2121 Aur.
1554 2089 1605 2120 An
1621 2100 1685 2120 non

223 2144 394 2176 secundum
412 2144 599 2185 AEschylum
621 2145 772 2181 dicemus,
787 2146 871 2186 quod
896 2156 978 2176 nunc
993 2146 1083 2176 nobis
1099 2146 1131 2176 in
1149 2146 1278 2176 buccam
1296 2145 1405 2175 venit?
1451 2144 1509 2176 So.
1532 2143 1584 2174 Sic
1599 2154 1685 2185 pror-

223 2206 275 2229 sus
289 2204 384 2240 atque
407 2209 466 2239 ego
480 2197 606 2239 quidem
620 2198 664 2229 ita
683 2199 775 2230 dico:
801 2199 941 2240 profecto
963 2205 1082 2241 quanto
1099 2200 1257 2230 liberiores
1272 2199 1335 2229 sint
1351 2200 1408 2229 linc
1426 2198 1458 2228 in
1473 2198 1599 2229 civitate
1616 2197 1686 2229 bes·

223 2252 286 2289 tiae,
302 2262 371 2293 quae
386 2253 443 2282 sub
459 2252 634 2283 hominibus
650 2254 836 2289 nutriuntur,
852 2264 944 2295 quam
961 2254 1047 2290 alibi,
1072 2264 1162 2284 nemo
1186 2253 1246 2284 nisi
1261 2258 1406 2294 expertus
1420 2251 1598 2282 crediderit.
1613 2263 1685 2284 nam

221 2311 254 2337 et
265 2306 398 2346 catellae,
412 2311 447 2336 ut
461 2307 556 2337 habet
570 2307 776 2348 proverbium,
793 2308 921 2349 perinde
937 2318 973 2339 ac
987 2309 1121 2338 dominae
1138 2313 1231 2338 sunt:
1256 2313 1290 2338 et
1304 2307 1375 2348 equi
1391 2313 1423 2337 et
1438 2305 1517 2336 asini
1532 2311 1618 2336 tanta
1630 2315 1685 2346 per

222 2360 288 2391 vias
305 2360 446 2391 libertate
462 2361 605 2402 progredi
620 2367 840 2398 consuescunt,
867 2368 901 2392 ut
916 2362 946 2392 in
962 2363 1089 2393 obvium
1101 2373 1267 2404 quemque
1293 2362 1444 2401 impetum
1470 2359 1599 2396 faciant,
1625 2358 1684 2390 nisi

222 2416 349 2446 cesserit
362 2427 370 2445 :
394 2420 561 2456 ceteraque
575 2416 679 2446 omnia
693 2426 812 2447 summa
826 2422 959 2457 aguntur
980 2416 1117 2447 licentia.
1162 2417 1244 2447 Am.
1269 2417 1378 2447 Meum
1394 2419 1477 2446 certe
1490 2414 1566 2444 mihi
1581 2423 1684 2445 narras

222 2470 424 2501 insomnium.
446 2480 517 2500 nam
533 2470 607 2500 mihi
622 2481 671 2502 rus
689 2471 897 2511 proficiscenti
912 2471 1089 2511 frequenter
1104 2472 1161 2501 ista
1174 2471 1371 2511 contingunt.
1416 2469 1473 2500 So.
1495 2467 1604 2504 Vides,
1619 2477 1684 2508 quo

219 2525 346 2555 tandem
371 2524 508 2554 omnium
531 2534 625 2565 supra
646 2524 800 2556 dictorum
823 2535 940 2556 summa
962 2526 1157 2556 contendat?
1190 2525 1232 2555 ita
1255 2524 1411 2565 siquidem
1435 2522 1508 2553 hinc
1529 2522 1684 2553 delicatus

221 2577 334 2608 civium
351 2577 471 2608 animus
487 2578 639 2614 redditur,
655 2585 690 2610 ut
703 2579 730 2610 si
743 2580 811 2620 quis
828 2579 953 2620 paulum
970 2579 1046 2620 quid
1063 2579 1220 2610 servitutis
1235 2578 1356 2614 afferat,
1367 2587 1448 2619 egre
1463 2576 1563 2607 serant
1577 2585 1681 2617 neque

219 2631 363 2662 tolerent.
387 2632 512 2662 demum
528 2643 600 2662 vero
617 2633 699 2673 leges
714 2643 832 2670 omnes,
851 2639 910 2663 tarn
927 2634 1056 2674 scriptas
1070 2644 1162 2675 quam
1179 2643 1242 2663 uon
1257 2632 1400 2673 scriptas,
1410 2635 1625 2663 contemnunt,
1642 2639 1684 2660 ne

218 2684 287 2726 quis
308 2684 370 2715 illis
394 2685 497 2725 praesit
520 2686 677 2717 dominus.
721 2687 802 2718 Am.
837 2687 1040 2717 Manifestum
1067 2687 1098 2716 id
1127 2686 1268 2727 quidem.
1313 2685 1372 2716 So·
1402 2683 1493 2719 “8⁶2
1520 2693 1542 2712 ⁰
1570 2683 1683 2720 ἰωὴ-’ὴ

218 2738 341 2779 egregia
357 2739 408 2769 illa
423 2745 454 2770 et
468 2740 595 2781 elegans
611 2751 657 2771 res
674 2741 802 2782 publica
823 2745 881 2777 est,
904 2751 940 2771 ex
963 2750 1037 2781 qua,
1053 2745 1088 2770 ut
1116 2740 1188 2770 mihi
1211 2738 1344 2773 videtur,
1369 2736 1509 2778 tyrannis
1532 2735 1683 2768 nascitur·

220 2791 303 2822 Am.
327 2792 462 2834 Elegaus
477 2799 558 2824 certe
573 2805 579 2823 z
606 2795 658 2825 sed
674 2805 819 2835 quorsum
835 2794 924 2825 haec?
969 2794 1027 2826 So.
1051 2794 1184 2824 Morbus
1200 2801 1305 2834 porro,
1318 2790 1373 2832 qui
1387 2789 1420 2820 in
1437 2798 1606 2830 paucorum
1622 2798 1682 2829 poa

217 2845 313 2876 tentia
330 2856 455 2887 serpens
468 2857 535 2877 cam
559 2848 770 2885 labefactavit,
793 2848 876 2879 idern
898 2854 929 2878 et
954 2848 985 2878 in
1011 2848 1070 2878 hac
1093 2847 1251 2888 pullulans
1273 2853 1515 2885 excrescensque
1531 2842 1628 2874 nimia
1642 2853 1680 2874 ex

217 2900 355 2939 lieentia,
370 2900 550 2942 popularem
567 2901 724 2934 cixilatem
737 2902 816 2943 jugo
832 2901 987 2941 servitutis
999 2901 1125 2942 subigit.
1170 2900 1218 2932 Ac
1232 2898 1408 2939 summqtim
1419 2906 1567 2938 excessus
1583 2897 1683 2928 omnis
