1840 3225
188 195 283 245 661]
653 194 724 231 DE
758 192 984 229 LEGIBUS
1018 192 1115 231 ΗΒ.
1149 192 1198 229 11.
1565 192 1643 228 303

184 304 264 334 ferre
290 301 495 332 sententiam:
527 297 716 330 fortitudinis
752 303 869 331 autem,
896 296 969 337 quia
992 306 1051 326 nec
1077 295 1199 326 etiamsi
1224 305 1281 336 per
1306 305 1338 326 se
1363 295 1464 336 ipsum
1485 294 1646 336 intelligit,

185 357 280 387 debet
294 361 417 398 propter
429 355 584 395 ignaviam
596 360 628 383 et
639 351 836 382 formidinem
849 361 884 381 ex
899 350 1008 381 eodem
1022 360 1087 385 orc.
1104 360 1164 389 quo
1173 349 1368 390 judicaturus
1378 349 1462 380 Deos
1476 350 1644 384 invocavit,

185 412 344 442 desidiose
369 411 508 451 iniquum
531 407 686 448 judicium
712 406 919 446 promulgare.
950 415 1013 435 non
1037 405 1120 434 enim
1134 410 1168 433 ut
1184 403 1367 444 discipulus,
1381 404 1436 434 sed
1454 411 1484 434 ut
1503 406 1648 446 magister

186 471 408 507 spectatorum,
424 464 503 494 sicut
516 472 570 503 par
586 467 644 495 est,
656 461 754 503 judex
770 461 861 490 sedet
873 470 928 500 pro
944 458 1105 494 tribunali,
1121 458 1238 498 ineptis
1252 459 1458 498 spectantius»)
1480 460 1646 500 voluptati-

187 522 246 551 bus
267 519 495 550 adversaturus.
519 516 635 547 licebat
662 515 763 556 prisca
786 513 960 554 Graecaque
988 513 1068 554 lege,
1099 512 1364 553 quemadmodum
1390 524 1473 543 nunc
1496 513 1600 544 Sicula
1615 519 1649 544 et

186 575 302 605 Italica
320 585 326 602 ι
351 583 420 614 qnae
441 570 635 601 multitudini
662 574 874 610 spectatorum
899 578 966 598 rem
977 567 1173 610 permittens,
1186 572 1219 597 et
1234 567 1376 596 manibus
1387 568 1484 597 tensis
1500 568 1647 599 victorem

188 629 360 662 declarans,
392 625 575 666 depravavit
603 625 732 665 quidem
761 623 871 664 poetas
899 623 997 664 ipsos,
1021 622 1075 663 qui
1100 621 1140 652 ad
1162 621 1305 662 judicum
1331 621 1502 662 vulgarium
1519 632 1648 662 pravam

187 683 379 723 voluptatem
395 684 586 721 componunt
600 678 714 715 onmia,
734 678 780 709 ita
797 682 830 708 ut
847 677 907 718 ipsi
923 682 1114 718 spectatores
1139 675 1249 717 poetas
1271 680 1303 706 et
1329 685 1363 705 se
1385 676 1472 716 ipsos
1492 676 1649 707 erudiant.

186 735 325 777 corrupit
338 742 370 765 et
385 734 483 776 ipsius
498 733 671 775 spectaculi
687 733 875 774 voluptates.
903 742 978 762 nam
993 742 1062 762 cum
1079 740 1135 761 eos
1148 734 1301 771 oporteat,
1313 729 1364 770 qui
1377 730 1541 765 intersunt,
1556 731 1648 760 meli-

186 800 241 822 ora
261 799 383 830 semper
403 788 540 819 moribus
565 788 629 818 suis
645 787 766 822 audire,
783 793 877 828 atque
894 786 940 817 ita
953 786 1111 817 meliorem
1124 784 1274 825 consequi
1290 784 1493 825 voluptatem,
1509 794 1592 815 nunc
1605 786 1651 816 eis

188 854 226 875 ex
241 844 363 875 theatro
377 843 564 874 contrarium
580 842 705 873 accidit.
727 842 802 883 quid
819 841 914 882 igitur
929 842 995 871 haec
1009 841 1053 871 ita
1070 840 1156 871 dicta
1170 839 1227 869 sibi
1250 838 1378 869 volunt?
1402 839 1652 875 animadvertite,

186 908 265 928 num
290 899 349 929 hoc
374 899 426 938 sit,
458 897 543 939 quod
563 898 686 928 volunt.
732 897 809 928 CLr.
833 896 1019 933 Quidnam?
1067 894 1206 925 Arum«.
1228 894 1290 924 Ter
1309 893 1375 935 jam
1400 899 1454 924 aut
1472 898 1583 935 quater
1610 895 1650 924 ad

188 951 272 983 idem
300 952 525 983 circumvoluta
555 952 652 983 oratio
676 952 753 982 mihi
771 951 906 987 videtur,
932 949 1133 991 disciplinam
1147 948 1368 980 educationem
1384 958 1452 979 esse
1467 958 1649 990 puerorum,

189 1017 259 1047 quae
273 1006 314 1038 ad
328 1017 398 1037 cam
411 1007 535 1038 vivendi
549 1007 701 1038 rationem
715 1006 869 1047 perducit,
887 1016 978 1047 quam
995 1005 1045 1035 lex
1060 1010 1178 1035 rectam
1194 1014 1262 1034 esse
1274 1004 1383 1039 dictat,
1393 1008 1426 1033 et
1437 1003 1491 1033 viri
1505 1003 1652 1044 aequitate

190 1066 376 1102 praestantes
390 1061 590 1102 senioresque
607 1072 662 1092 usu
679 1071 781 1091 rerum
793 1061 886 1091 sicuti
895 1065 1015 1091 rectam
1025 1069 1097 1089 vere
1113 1058 1363 1099 comprobarunt.
1384 1062 1419 1087 ut
1432 1057 1525 1097 igitur
1540 1067 1652 1098 puero-

189 1126 259 1146 rum
269 1116 392 1146 animus
403 1116 507 1156 legem
521 1116 565 1146 ita
577 1121 725 1156 sequatur
735 1139 742 1151 ,
756 1121 791 1145 ut
806 1125 869 1145 non
885 1113 1058 1149 contrariis,
1074 1112 1130 1143 sed
1144 1112 1193 1147 iis,
1207 1112 1318 1153 quibus
1331 1112 1381 1141 lex
1393 1117 1426 1141 et
1437 1111 1550 1147 senior,
1563 1112 1652 1142 dole-

192 1177 224 1200 at
244 1176 338 1211 atque
354 1171 500 1211 gaudeat,
517 1170 633 1212 probus
648 1171 755 1211 legum
770 1170 913 1200 conditor
929 1168 1073 1199 suadebit
1090 1179 1096 1197 ε
1121 1173 1164 1201 et,
1180 1167 1206 1197 si
1221 1176 1301 1206 opus
1316 1165 1421 1200 suerit,
1439 1171 1531 1206 coget
1544 1165 1651 1206 poe'ti-

190 1235 260 1255 cum
271 1225 428 1255 hominem
443 1225 584 1255 honestis
596 1225 629 1255 in
644 1224 748 1255 verbis
763 1229 1003 1265 temperatorum
1015 1228 1048 1253 et
1062 1222 1188 1252 fortium
1197 1226 1231 1251 et
1240 1220 1368 1251 omnino
1385 1220 1536 1250 bonorum
1552 1220 1651 1250 bomi-

191 1288 265 1309 num
281 1285 367 1320 gesta
382 1279 568 1314 describere,
585 1284 651 1309 tam
664 1279 776 1320 figuras
802 1288 910 1309 eorum
925 1278 958 1307 in
978 1276 1143 1318 rhythmis,
1159 1285 1252 1316 quam
1275 1279 1422 1304 accentus
1438 1274 1470 1303 iu
1485 1274 1656 1304 harmoniis

192 1339 226 1364 ut
243 1333 333 1364 decet
349 1333 549 1374 effingentem
566 1343 620 1373 per
637 1343 690 1363 eos
706 1337 826 1367 cantus,
843 1342 919 1373 quas
935 1331 1012 1361 odas
1026 1340 1186 1365 vocamus,
1201 1339 1271 1370 quae
1287 1338 1396 1358 revera
1409 1327 1531 1369 epodae.
1547 1327 1580 1357 id
1596 1333 1655 1363 est,

187 1387 430 1422 incantationes,
452 1387 533 1418 circa
554 1386 674 1416 animos
704 1392 787 1422 sunt,
803 1386 844 1415 de
857 1385 1011 1416 industria
1026 1385 1064 1414 ad
1082 1384 1112 1414 id
1130 1383 1322 1424 compositae,
1338 1387 1373 1412 ut
1383 1381 1546 1412 hominum
1561 1382 1657 1427 animi

191 1441 222 1472 iu
247 1441 384 1473 dolendo
406 1446 438 1471 et
462 1439 628 1481 gaudendo
644 1439 766 1480 legibus
780 1439 1002 1479 obsequantur.
1018 1438 1091 1479 quia
1107 1447 1179 1468 vero
1198 1437 1370 1467 teneriores
1383 1436 1477 1466 animi
1495 1436 1574 1467 seria
1591 1442 1657 1467 stu-

193 1495 244 1526 dia
270 1506 333 1526 non
358 1495 542 1535 suscipiunt,
559 1493 627 1535 joci
653 1499 686 1524 et
711 1498 822 1524 cantus
836 1493 897 1523 ista
917 1491 1062 1523 dicantur
1073 1497 1106 1522 et
1120 1491 1214 1521 fiant:
1239 1490 1388 1531 idemque
1404 1490 1436 1520 in
1450 1491 1497 1520 his
1511 1490 1657 1532 efficitur,

192 1549 278 1590 quod
303 1560 395 1591 agere
416 1550 530 1585 solent,
554 1549 609 1589 qui
623 1548 764 1578 homines
780 1557 909 1588 corpore
924 1552 1111 1587 aegrotantes
1127 1550 1249 1577 curant.
1275 1545 1373 1586 [660]
1397 1544 1429 1575 hi
1444 1555 1581 1586 namque
1596 1545 1655 1576 ali-

196 1610 299 1635 menta
324 1603 544 1635 convenientia
558 1603 685 1643 quidem
695 1602 848 1643 jucundis
863 1601 1074 1632 condimentis
1087 1600 1226 1630 illiniunt
1239 1610 1245 1628 :
1270 1599 1363 1630 noxia
1373 1609 1446 1629 vero
1463 1599 1574 1630 amaris
1585 1600 1657 1630 infi-

195 1659 280 1689 ciunt
294 1670 302 1696 ;
326 1664 361 1689 ut
386 1658 538 1689 asciscere
568 1657 676 1692 altera,
705 1656 804 1687 altera
829 1655 960 1696 rejicere
989 1659 1208 1686 consuescant.
1253 1653 1328 1684 C1.1.
1351 1652 1403 1683 An
1429 1652 1526 1694 igitur
1537 1653 1570 1684 in
1586 1653 1657 1684 aliis

195 1712 373 1744 civitatibus
402 1723 496 1747 nunc,
513 1713 639 1753 hospes,
655 1711 767 1741 servari
784 1712 849 1741 baec
866 1710 997 1741 censes?
1022 1719 1095 1740 nam
1111 1713 1264 1750 quantum
1275 1718 1334 1749 ego
1347 1707 1423 1743 scio,
1440 1717 1509 1748 quae
1527 1712 1560 1737 tu
1577 1718 1656 1748 prae-

194 1766 285 1808 cipiS,
306 1776 462 1808 nusquam
490 1766 552 1796 nisi
577 1766 662 1807 apud
692 1775 749 1796 nos
777 1771 809 1796 et
839 1763 1092 1795 Lacedaemonios
1118 1763 1207 1793 fiunt.
1229 1773 1312 1793 nova
1335 1761 1417 1792 enim
1443 1771 1566 1802 semper
1577 1766 1610 1792 et
1625 1761 1657 1792 in

194 1821 411 1852 saltationibus
433 1826 465 1851 et
482 1821 515 1851 in
530 1821 593 1851 alia
608 1819 726 1851 musica
739 1820 967 1860 excogitantur,
989 1829 1053 1849 non
1070 1828 1087 1848 a
1101 1817 1220 1859 legibus
1238 1821 1364 1852 mutata,
1383 1815 1440 1846 sed
1455 1826 1473 1845 a
1490 1816 1659 1857 voluptati-

196 1875 253 1906 bus
267 1875 453 1916 quibusdam
468 1875 574 1916 vagis:
599 1885 669 1916 quae
683 1874 770 1904 nullo
785 1879 879 1914 pacto
902 1879 956 1903 aut
978 1873 1098 1903 caedem
1119 1877 1192 1902 sunt
1214 1875 1268 1901 aut
1289 1869 1400 1917 eodem
1423 1870 1517 1900 modo
1534 1879 1658 1910 perma-

196 1935 290 1960 nent:
324 1929 381 1960 sed
406 1930 499 1960 variae
526 1940 649 1970 semper
675 1929 766 1963 fiunt,
795 1934 904 1959 contra
932 1938 1030 1958 mores
1055 1927 1125 1957 illos
1156 1925 1392 1968 AEgyptiorum,
1415 1934 1491 1966 quos
1515 1925 1660 1955 narrasti.

199 1983 337 2014 Armes.
361 1984 476 2019 Probe,
500 1994 519 2015 o
539 1982 655 2014 Clinia.
684 1984 711 2014 si
732 1989 836 2013 autem
863 1983 946 2013 visus
971 1993 1035 2012 sum
1065 1981 1211 2022 tibi,quae
1226 1979 1320 2010 modo
1336 1979 1427 2014 dicis,
1443 1977 1531 2019 quasi
1542 1978 1660 2020 ubique

198 2048 282 2068 nunc
310 2037 396 2074 fiant,
414 2048 506 2079 supra
520 2037 649 2075 dixisse,
663 2047 726 2068 non
741 2037 876 2072 mirarer,
893 2037 919 2068 si
934 2037 1038 2067 minus
1050 2036 1144 2071 clare,
1160 2045 1231 2076 quae
1245 2033 1355 2068 sentio,
1372 2031 1579 2074 exposuerim.
1596 2033 1659 2063 dixi

198 2091 356 2133 equidem,
380 2103 451 2134 quae
480 2092 510 2122 iu
537 2093 655 2123 musica
682 2092 750 2122 fieri
773 2093 908 2122 vellem:
933 2097 965 2122 et
992 2102 1030 2121 ea
1050 2090 1118 2125 tibi,
1144 2089 1231 2131 quasi
1254 2089 1340 2124 fiant,
1364 2087 1470 2119 dicere
1486 2087 1566 2117 visus
1582 2098 1661 2117 sum.

199 2147 375 2188 vituperare
400 2148 484 2178 enim
509 2158 570 2178 rem
587 2147 791 2178 insanabilem
808 2152 840 2177 et
853 2156 955 2178 errore
967 2146 1058 2187 longe
1075 2153 1255 2187 provectam
1270 2142 1355 2173 nullo
1373 2141 1662 2182 modojucundum.

199 2201 357 2232 interdum
373 2212 445 2232 vero
460 2202 667 2232 necessarium
685 2208 742 2232 est.
767 2212 871 2232 verum
893 2206 1061 2242 postquam
1077 2201 1108 2230 in
1124 2200 1172 2229 bis
1188 2198 1410 2232 consentimus,
1426 2205 1531 2226 nonne
1553 2205 1661 2236 quaeso

202 2255 286 2296 apud
311 2266 369 2286 vos
393 2262 426 2286 et
454 2255 538 2297 apud
556 2255 632 2286 istos
653 2256 720 2286 liaec
747 2255 846 2296 magis
873 2265 968 2297 quam
983 2254 1068 2296 apud
1079 2254 1154 2285 alios
1171 2253 1300 2284 Graecos
1315 2251 1381 2282 fieri
1399 2249 1535 2280 asseris?
1581 2248 1660 2280 Cu.

202 2309 268 2340 Cur
294 2320 356 2340 non
387 2310 581 2340 asseramus?
606 2310 744 2340 Arum.
769 2309 802 2340 Si
825 2315 857 2340 et
885 2310 969 2350 apud
995 2315 1114 2340 ceteros
1138 2307 1282 2338 similiter
1297 2306 1418 2339 fierent,
1434 2313 1536 2334 nonne
1551 2302 1665 2333 melius

202 2373 296 2403 quam
322 2374 405 2394 nunc
430 2363 616 2404 agerentur?
665 2363 741 2395 Cn.
767 2364 871 2394 Multo
898 2370 981 2394 certe
1006 2362 1213 2404 praestantius.
1245 2362 1270 2391 si
1298 2361 1340 2389 ita
1369 2358 1522 2399 disposita
1545 2362 1662 2391 essent,

202 2416 467 2457 quemadmodum
487 2417 573 2458 apud
597 2417 672 2448 istos
700 2423 732 2447 et
757 2417 841 2458 apud
856 2427 923 2452 nos,
941 2423 973 2447 et
988 2422 1023 2447 ut
1040 2417 1133 2458 paulo
1147 2421 1219 2446 ante
1236 2420 1270 2445 tu
1289 2412 1480 2455 praecepisti.
1524 2410 1663 2440 Arnus.

203 2472 285 2512 Age.
317 2471 487 2507 videamus,
516 2473 657 2512 nunquid
682 2473 748 2503 haec
773 2472 844 2508 sint,
875 2483 944 2513 quau
973 2473 1056 2513 apud
1087 2481 1143 2501 vos
1169 2471 1201 2500 in
1222 2469 1305 2500 omni
1319 2467 1486 2508 disciplina
1499 2470 1531 2496 et
1544 2465 1663 2494 musica

203 2526 423 2568 praedicantur.
456 2526 567 2567 po‘e‘tas
595 2526 782 2556 carminibus
808 2525 912 2557 dicere
937 2527 1058 2567 cogitas
1083 2526 1200 2556 bonum
1231 2524 1342 2558 virum,
1370 2521 1444 2562 quia
1472 2525 1662 2560 temperatim

199 2581 364 2623 justusque
377 2581 426 2616 sit,
443 2581 568 2611 felicem
581 2590 650 2610 esse
664 2586 757 2621 atque
774 2581 910 2617 beatum,
926 2581 991 2611 sive
1007 2591 1138 2621 magnus
1153 2584 1246 2618 atque
1261 2577 1407 2608 robustus
1423 2575 1487 2605 sive
1498 2583 1612 2614 parvus
1625 2583 1663 2602 ac

206 2635 344 2666 debilis:
371 2635 434 2665 sive
460 2644 580 2675 pauper
604 2634 644 2665 sit
670 2645 726 2664 seu
757 2635 866 2665 dives:
899 2634 1047 2675 injustum
1079 2639 1181 2664 autem
1197 2631 1365 2665 hominem,
1378 2629 1500 2661 etiamsi
1516 2627 1611 2658 ditior
1625 2627 1665 2656 sit

207 2700 298 2730 quam
313 2690 445 2731 Cinyras
459 2695 513 2719 aut
529 2689 645 2724 Midas,
662 2689 804 2719 miserum
818 2700 884 2719 esse
894 2690 971 2720 etin
986 2699 1111 2720 moerore
1125 2688 1217 2718 vitam
1230 2686 1355 2717 ducere.
1377 2684 1481 2724 itaque
1496 2681 1593 2723 poe'ta
1608 2690 1664 2711 no-

207 2744 264 2779 bis,
278 2745 398 2774 sirecte
414 2743 568 2783 loquatur,
580 2742 719 2783 inquiet:
738 2753 897 2783 nunquam
913 2754 971 2784 ego
987 2743 1024 2774 de
1038 2743 1093 2773 illo
1107 2742 1296 2772 mentionem
1312 2739 1436 2773 faciam,
1454 2746 1555 2777 neque
1567 2734 1666 2765 virum

209 2797 385 2837 appellabo,
396 2798 449 2838 qui
464 2807 525 2828 non
536 2797 641 2827 omnia
657 2807 726 2837 quae
741 2797 822 2826 bona
839 2796 994 2833 dicuntur,
1010 2808 1081 2827 cum
1090 2797 1213 2838 justitia
1228 2795 1385 2836 possideat
1399 2799 1491 2833 atque
1508 2789 1666 2829 disponat.

212 2849 308 2892 [661]
326 2851 352 2881 is
367 2852 458 2892 igitur
468 2851 590 2894 justitia
600 2857 764 2881 exornatus
777 2851 916 2882 corninus
933 2861 1069 2893 pugnare
1086 2861 1157 2882 cum
1173 2850 1310 2880 hostibus
1331 2849 1514 2879 delectetur.
1535 2843 1666 2883 injustus

212 2912 315 2935 autem
331 2905 597 2945 sanguinolentam
621 2907 740 2937 caedem
759 2905 862 2936 videre
878 2916 939 2936 non
955 2906 1081 2937 audeat.
1097 2915 1198 2945 neque
1215 2902 1363 2935 currendo
1378 2898 1556 2932 Thr-aicium
1571 2902 1667 2935 queat
