1840 3225
214 178 292 216 304
800 174 1067 214 PLA‘roms
1574 179 1672 231 {785

212 281 355 313 omnibus
381 286 575 322 summopere
605 280 823 311 honorentur:
849 279 904 321 qui
927 283 1045 315 contra,
1074 279 1301 320 vituperentur.
1325 279 1422 322 [785]
1447 279 1474 311 si
1496 279 1675 322 contigerit.

209 341 245 367 ut
260 336 367 378 plures
382 336 414 366 in
442 335 534 367 rebus
565 333 720 377 ejusmodi
744 334 905 365 moderate
932 344 966 364 se
994 339 1115 375 gerant,
1131 344 1200 375 quae
1228 334 1446 376 praecepimus,
1459 334 1584 365 silentio
1604 334 1675 365 sine

210 390 337 431 scriptis
363 389 486 431 legibus
514 390 687 420 habeantur
714 393 747 418 et
774 388 872 419 fiant:
898 388 946 419 sin
976 394 1078 419 autem
1109 389 1237 430 plurimi
1262 399 1297 419 se
1312 388 1441 420 minime
1456 388 1676 425 continebunt,

210 444 318 484 legum
348 443 579 485 conscriptione
610 442 822 479 declarentur,
837 448 871 474 et
897 442 938 473 ad
968 453 1077 473 eorum
1105 453 1244 473 normam
1273 443 1313 473 de
1343 442 1478 484 siugulis
1499 442 1674 485 hujusmodi

206 496 369 537 judicetur
384 502 478 539 atque
503 503 622 539 agatur.
645 498 716 528 vitae
743 498 839 528 totius
867 497 994 528 initium
1022 498 1140 538 primus
1170 506 1270 527 annus
1299 496 1441 527 omnibus
1461 502 1520 533 est,
1534 496 1678 538 quemin

212 551 336 581 sacellis
352 551 504 593 paternis,
518 556 554 582 ut
569 550 697 582 vivendi
725 549 848 581 initium
878 556 941 581 tam
971 561 1066 591 puero
1083 561 1174 592 quam
1190 551 1316 591 puellae,
1332 550 1486 591 scriptum
1499 560 1569 581 esse
1584 560 1676 591 opor-

209 609 268 635 tet.
285 606 477 637 adscribatur
492 611 599 636 autem
614 605 647 636 in
678 604 796 646 pariete
825 605 972 635 dealbato
1002 606 1035 635 in
1060 614 1249 646 unaquaque
1265 604 1356 640 tribu,
1374 610 1418 639 ut,
1435 604 1490 645 qui
1505 604 1546 634 ad
1560 604 1676 645 magis-

208 664 309 692 tratus
323 659 429 690 idonei
444 665 525 697 sunt,
540 670 692 690 annorum
716 670 848 690 numero
873 664 997 690 constet
1012 671 1018 688 :
1044 665 1077 689 et
1101 659 1252 700 cujusque
1266 659 1363 689 tribus
1380 658 1519 688 viventes
1534 657 1677 689 homines

212 714 352 755 proxime
380 715 554 745 scribantur
582 725 717 755 semper,
741 720 774 745 et
801 719 921 745 naturae
953 713 1103 745 cedentes
1133 713 1273 743 similiter
1301 713 1476 743 deleantur.
1497 712 1677 755 nuptiarum

210 773 338 809 tempus
352 769 466 809 puellae
483 769 524 799 sit
549 778 568 799 a
594 767 806 798 sextodecimo
823 768 854 797 in
869 767 1067 808 vigesimum,
1080 767 1173 807 idque
1197 767 1238 797 sit
1255 767 1469 807 longissimum
1490 772 1615 807 tempus
1634 766 1675 796 ad

210 821 271 852 hoc
297 821 500 852 institutum:
525 821 675 857 masculo,
698 831 717 851 a
744 820 905 861 trigesimo
933 821 972 851 ad
1002 821 1146 861 quintum
1174 826 1206 851 et
1233 820 1437 861 trigesimum.
1471 821 1672 861 magistratus

211 880 338 916 tempus
349 876 383 906 in
399 876 581 906 mulieribus
596 876 677 906 ultra
706 875 976 916 quadragesimum
1003 875 1045 905 sit
1071 884 1198 904 annum.
1221 874 1254 904 in
1281 874 1356 904 viris
1372 875 1454 905 ultra
1467 873 1675 915 trigesimum.

211 929 288 959 belli
314 929 353 959 ab
390 930 481 960 annis
516 929 627 970 viginti
661 928 702 960 ad
729 929 892 969 sexaginta
926 929 959 959 in
989 928 1082 958 viris:
1108 929 1141 958 in
1179 928 1368 964 mulieribus,
1400 933 1567 970 postquam
1597 928 1679 959 filios

212 989 414 1024 pepererunt,
445 993 545 1024 usque
575 983 614 1013 ad
644 982 937 1024 quinquagesimum
964 983 1065 1013 aetatis
1092 992 1221 1013 annum.
1255 983 1289 1012 in
1315 982 1428 1024 quibus
1451 982 1679 1013 observandum

210 1043 270 1074 est,
294 1046 328 1068 ut
351 1038 389 1068 ad
414 1047 485 1069 eum
508 1037 585 1068 belli
610 1047 697 1067 usum
730 1036 937 1078 potissimum,
961 1037 1016 1077 qui
1039 1043 1072 1067 et
1095 1036 1252 1078 possibilis
1281 1036 1327 1067 eis
1349 1037 1390 1067 sit
1411 1042 1445 1068 et
1466 1037 1597 1073 decens,
1625 1046 1679 1067 ac-

215 1092 381 1134 cipiantur.

818 1267 956 1320 LIB.
995 1268 1119 1320 VII.

215 1378 314 1427 [788]
331 1382 433 1416 Suis
463 1385 559 1426 igitur
584 1385 624 1415 de
646 1384 765 1420 liberis,
781 1390 847 1416 tam
863 1385 1009 1416 masculis
1024 1394 1118 1426 quam
1133 1383 1269 1414 feminis.
1284 1382 1324 1414 de
1340 1382 1481 1424 ipsorum
1493 1381 1680 1413 educatione

212 1444 246 1470 et
261 1439 429 1481 disciplina
456 1443 527 1480 post
541 1440 609 1470 haec
632 1439 722 1470 nobis
738 1444 786 1470 est
810 1438 989 1470 dicendum.
1013 1449 1107 1480 quam
1128 1438 1255 1469 omnino
1283 1437 1408 1468 silentio
1434 1436 1593 1478 praeterire
1622 1436 1679 1466 im-

210 1493 359 1535 possibile
387 1497 437 1524 est
452 1503 458 1522 :
483 1504 520 1524 ac
551 1493 576 1524 si
600 1492 732 1529 dicatur,
762 1493 918 1524 mentioni
942 1493 1065 1524 cuidam
1092 1493 1306 1533 doctrinaeque
1332 1491 1434 1532 potius
1450 1500 1544 1532 quam
1557 1490 1681 1531 legibus

212 1554 353 1588 congrua
376 1547 512 1579 videtur.
537 1558 607 1588 quae
632 1547 717 1578 enim
745 1547 888 1588 privatim
910 1553 943 1577 et
965 1557 1020 1588 per
1036 1546 1175 1587 singulas
1190 1545 1297 1577 domos
1312 1551 1380 1576 tum
1396 1545 1494 1576 multa
1507 1550 1573 1575 tum
1585 1554 1684 1586 parva

210 1607 244 1632 et
259 1602 393 1638 occulta,
410 1600 553 1642 quotidie
569 1601 658 1637 fiunt,
672 1612 741 1632 cum
755 1601 850 1632 facile
866 1612 902 1632 ex
915 1601 1089 1642 voluptate,
1107 1600 1212 1631 dolore
1229 1605 1261 1630 et
1281 1599 1456 1639 cupiditate
1475 1599 1682 1640 singulorum.

210 1661 323 1697 praeter
348 1656 562 1697 legumlatoris
590 1656 766 1691 consilium,
784 1661 927 1697 agantur,
942 1656 1043 1686 varios
1059 1661 1091 1686 et
1106 1655 1274 1686 dissimiles
1284 1664 1388 1685 mores
1403 1653 1517 1684 civium
1534 1652 1683 1684 reddunt·

211 1720 282 1752 quae
298 1720 347 1740 res
362 1709 545 1742 civitatibus
559 1710 666 1741 officit.
691 1720 760 1741 cum
774 1721 847 1741 vero
864 1721 958 1752 parva
974 1716 1007 1740 et
1020 1710 1197 1752 frequentia
1211 1709 1287 1745 sint,
1302 1708 1436 1750 singulis
1450 1708 1568 1738 mulcta
1581 1708 1687 1749 impo-

209 1764 280 1800 sita,
307 1775 347 1795 ea
370 1765 478 1806 legum
501 1765 659 1806 positione
685 1769 802 1800 vetare,
828 1775 893 1795 non
918 1764 994 1795 satis
1021 1765 1188 1795 honestum
1209 1767 1292 1794 esset
1307 1768 1401 1804 atque
1417 1761 1576 1792 decorum.
1606 1761 1683 1803 quin

210 1818 308 1850 etiam
334 1819 458 1861 scriptis
481 1819 605 1860 legibus
631 1819 808 1860 derogaret,
836 1829 909 1850 cum
933 1819 966 1849 in
988 1819 1093 1860 parvis
1107 1825 1141 1849 et
1154 1818 1263 1848 multis
1278 1818 1316 1848 ad
1333 1816 1580 1848 contemnendas
1595 1815 1684 1857 leges
1736 1824 1741 1827 ’

210 1873 354 1905 homines
378 1878 630 1905 consuescerent.
653 1879 845 1915 quapropter
872 1878 905 1904 et
931 1873 1017 1914 leges
1040 1874 1080 1903 de
1109 1873 1157 1903 his
1181 1871 1314 1903 scribere
1329 1870 1455 1901 difficile
1472 1875 1530 1906 est,
1542 1875 1575 1901 et
1589 1869 1683 1900 silere

211 1926 417 1968 impossibile.
440 1927 494 1958 sed
511 1928 658 1963 conabor,
674 1926 870 1958 ostendendo
886 1928 973 1968 quasi
991 1926 1101 1968 digito,
1116 1936 1186 1968 qnae
1201 1925 1283 1962 dico,
1299 1925 1332 1956 in
1347 1925 1452 1956 lucem
1467 1924 1589 1955 efferre.
1598 1933 1684 1954 nunc

211 1981 296 2011 enim
312 1981 471 2012 obscurius
483 1978 569 2012 dicta
583 1981 742 2012 videntur.
786 1980 862 2012 Cu.
887 1980 972 2011 Vera
983 1980 1130 2022 loqueris.
1167 1980 1304 2010 Arnen.
1329 1979 1404 2011 Jam
1417 1987 1492 2009 vero
1508 1983 1591 2009 recte
1606 1977 1686 2008 alias

210 2034 333 2065 dictum
351 2040 408 2071 est,
436 2035 678 2066 existimandum
703 2045 784 2071 esse,
810 2041 923 2066 rectam
951 2034 1176 2066 educationem
1199 2044 1295 2075 posse
1320 2039 1352 2064 et
1371 2042 1484 2074 corpus
1499 2037 1531 2063 et
1545 2033 1682 2063 animum

211 2099 307 2130 quam
323 2089 533 2130 pulcherrima
547 2095 578 2120 et
594 2090 713 2129 optima
728 2089 870 2119 reddere.
917 2087 994 2119 CLr.
1018 2089 1068 2119 Ita
1083 2094 1143 2119 est.
1188 2087 1326 2118 Arnen.
1351 2086 1493 2127 Corpora
1512 2096 1589 2117 vero
1615 2085 1687 2127 pu}-

211 2142 363 2174 cherrima
392 2140 575 2184 simpliciter
601 2153 640 2173 ea
665 2143 729 2173 fore
752 2153 877 2178 censeo,
903 2153 972 2183 quae
996 2143 1172 2173 rectissima
1189 2142 1220 2172 in
1234 2147 1342 2172 tenera
1357 2145 1450 2171 aetate
1467 2145 1684 2173 concrescunt.

213 2195 292 2227 CLr.
316 2196 422 2228 Certe.
468 2196 605 2227 Arnen.
630 2196 718 2233 Quid
730 2197 807 2228 illutl
824 2198 835 2227 ?
858 2207 963 2228 noune
978 2196 1194 2238 intelligimus,
1209 2205 1303 2237 quam
1315 2194 1488 2225 maximum
1502 2198 1597 2235 atque
1614 2194 1684 2235 plu-

214 2251 328 2282 rimum
341 2251 527 2282 incrementi
543 2250 635 2292 primi
647 2258 844 2293 progressum
860 2251 893 2281 in
908 2251 1051 2281 omnibus
1067 2250 1254 2295 animalibus
1271 2249 1337 2279 fieri
1351 2249 1362 2278 ?
1386 2249 1478 2284 adeo,
1503 2252 1536 2278 ut
1554 2253 1684 2279 conten-

212 2305 311 2337 dendi
333 2315 426 2336 ansas
447 2305 555 2336 multis
573 2305 773 2346 praebuerint,
796 2315 925 2347 corpora
941 2306 1075 2336 humana
1091 2315 1109 2334 a
1126 2296 1233 2346 primis
1246 2303 1385 2345 quinque
1401 2302 1494 2333 annis
1509 2302 1542 2333 in
1556 2302 1686 2344 reliquis

210 2359 324 2401 vigin'ti
338 2360 372 2391 in
387 2359 518 2401 duplum
533 2369 597 2389 non
613 2369 764 2390 crescere.
810 2359 887 2390 CLr.
913 2359 995 2390 Vera
1008 2367 1126 2390 narras.
1174 2358 1313 2390 Arnen.
1337 2357 1475 2394 Quando
1492 2357 1561 2388 sine
1577 2357 1684 2388 multis

211 2414 446 2455 moderatisque
475 2413 632 2444 laboribus
660 2413 886 2444 incrementum
913 2414 1017 2444 influit
1039 2414 1219 2454 plurimum,
1247 2422 1287 2443 an
1315 2421 1379 2442 nou
1397 2412 1499 2442 multa
1514 2411 1586 2442 hinc
1602 2412 1685 2442 mala

211 2469 392 2510 corporibus
404 2468 627 2499 innascuntur?
667 2467 763 2508 [⁷89]
803 2468 878 2499 Cu.
902 2467 1052 2498 Omnino.
1097 2467 1234 2498 Arnim.
1258 2466 1404 2498 Pluribus
1434 2475 1508 2506 ergo
1524 2464 1684 2496 laboribus

212 2522 272 2553 sibi
286 2528 361 2554 tunc
377 2533 455 2564 opus
472 2527 531 2557 est,
547 2521 674 2563 quando
688 2531 884 2562 summopere
897 2522 994 2552 affluit
1007 2523 1244 2552 nutrimentum.
1279 2521 1355 2552 Cu.
1379 2519 1465 2557 Quid
1478 2519 1534 2554 ais,
1546 2519 1681 2560 hospes?

210 2576 356 2617 nunquid
376 2577 480 2607 statim
510 2577 594 2606 natis
622 2582 654 2607 et
679 2576 854 2607 tenerrimis
879 2576 984 2616 pueris
998 2577 1123 2607 labores
1138 2577 1290 2618 plurimos
1306 2574 1495 2605 afferemus?
1543 2572 1682 2604 Arnen.

210 2629 285 2660 Non
313 2630 362 2660 his
391 2630 510 2671 primis,
541 2630 599 2660 sed
627 2631 712 2671 prius
740 2631 833 2662 etiam
859 2631 935 2666 illis,
955 2631 1008 2672 qui
1032 2631 1133 2662 adhuc
1151 2631 1182 2661 in
1200 2635 1287 2660 utero
1301 2629 1410 2659 matris
1423 2629 1562 2659 aluntur.
1605 2627 1683 2659 Cm.

212 2682 392 2721 Quomodo,
420 2684 467 2713 vir
493 2685 620 2724 optime,
651 2684 827 2716 faciendum
853 2685 885 2715 id
906 2685 1023 2727 jubes?
1047 2695 1122 2715 num
1146 2685 1180 2719 ii.
1202 2684 1256 2725 qui
1280 2682 1382 2713 adhuc
1398 2683 1431 2713 in
1443 2687 1532 2713 utero
1546 2681 1684 2723 parentis

212 2743 371 2779 geruntur,
387 2737 594 2768 laborabunt?
641 2739 780 2770 Λτιιεκ.
803 2739 909 2771 Certe.
931 2749 991 2769 nec
1016 2749 1091 2770 sane
1113 2739 1224 2769 mimm
1238 2746 1296 2772 est.
1308 2737 1403 2767 sivos
1420 2736 1678 2767 exercitationem

210 2791 343 2822 tantillae
369 2791 471 2822 aetatis
490 2791 654 2832 ignoratis,
680 2803 774 2834 quam
796 2792 898 2829 vobis,
913 2793 987 2823 licet
1002 2792 1146 2823 videatur
1157 2790 1300 2825 absurda,
1319 2790 1412 2831 cupio
1425 2790 1557 2831 aperire.
1603 2789 1680 2821 Cu.

211 2844 361 2876 Omnino.
384 2844 521 2876 Arnen.
544 2846 641 2888 Apud
668 2857 728 2878 nos
756 2847 882 2888 quidem
908 2846 1086 2888 hujusmodi
1113 2845 1264 2888 quiddam
1284 2845 1382 2886 magis
1402 2844 1539 2885 intelligi
1563 2848 1682 2886 potest,

214 2905 381 2942 propterea
407 2899 489 2942 quod
513 2899 556 2931 ibi
573 2901 715 2932 nonnulli
733 2901 765 2932 in
782 2902 865 2932 ludis
881 2901 1066 2944 quibusdam
1081 2900 1180 2941 magis
1195 2909 1291 2941 quam
1306 2899 1398 2930 decet
1413 2902 1678 2929 versuumn-nam
