1840 3225
266 182 338 234 138
858 185 1122 231 PLATONIS
1167 233 1171 235 ‚
1199 225 1204 227 a
1630 193 1728 243 [430

266 282 363 329 aliud.
409 299 463 329 So.
488 297 602 340 Neque
620 297 702 328 enim
723 296 777 327 alii
799 296 831 326 in
853 296 922 337 ipsa
944 295 992 326 vel
1015 295 1117 326 timidi
1133 295 1181 325 vel
1205 295 1298 325 fortes
1315 295 1499 326 exsistentes
1515 295 1729 327 auctoritatem

267 352 396 391 habent,
411 363 472 393 qna
487 362 555 382 eam
574 351 620 382 vel
645 351 784 382 timidam
801 350 849 381 vel
866 350 974 380 fortem
991 350 1134 381 reddant.
1181 348 1296 380 Gm.
1319 349 1394 380 Non
1409 355 1504 380 certe.
1548 349 1606 382 So.
1629 349 1732 381 Fortis

266 404 362 446 igitur
378 416 414 436 ex
433 395 531 446 partex
542 406 588 436 sui
606 404 710 447 aliqua
735 404 844 436 civitas
860 404 930 444 crit,
946 415 983 434 ex
1005 415 1042 434 eo
1060 403 1143 444 quod
1163 403 1192 433 in
1217 414 1254 433 ca
1270 404 1330 433 vim
1347 404 1504 444 quandam
1521 404 1646 445 babeat,
1661 415 1734 446 quae

268 464 364 490 ratam
382 460 412 489 in
437 460 578 490 omnibus
602 464 702 489 servat
719 451 917 500 opinionem,
934 458 1017 499 qnod
1042 468 1078 488 ea
1102 458 1254 487 duntaxat
1269 456 1415 488 terribilia
1430 457 1493 488 sint.
1515 464 1548 488 et
1562 457 1648 494 talia,
1664 467 1736 499 quas

267 517 299 541 et
317 512 422 553 qualia
449 512 604 553 bgislator
630 512 661 542 in
690 511 868 542 eruditione
895 510 1120 552 pronuntiavit.
1143 521 1182 539 an
1209 520 1272 540 non
1290 511 1370 541 banc
1387 510 1600 542 fortitudinem
1618 512 1734 542 vocas?

270 565 385 596 GLiu.
419 565 494 596 Non
525 566 610 602 satis,
640 565 724 606 quod
756 565 874 601 dixisti,
906 564 1041 604 percepi.
1075 564 1160 594 dicas
1192 564 1313 593 iteruin.
1370 563 1427 596 So.
1458 563 1735 596 conservationem

269 619 426 660 quandam
443 619 656 650 fortitudinem
679 629 745 649 esse
762 618 845 648 dico.
889 617 1004 649 Grau.
1029 617 1131 653 Quam
1151 616 1442 648 conservationem?
1487 616 1544 648 So.
1568 617 1737 659 Opinionis

267 673 414 715 videlicet
441 673 509 714 lege
538 683 593 714 per
617 672 835 704 educationem
863 676 1039 711 conceptae,
1063 681 1125 712 qua
1147 670 1331 711 judicantur
1354 681 1424 711 quae
1450 671 1598 702 terribilia
1621 672 1682 702 sint
1706 677 1738 702 ct

268 726 386 766 qualia.
431 727 468 757 In
493 726 636 757 omnibus
653 731 756 757 autem
772 736 841 756 eam
857 724 1122 756 conservationem
1140 734 1207 755 esse
1225 724 1288 755 dixi
1306 736 1312 754 :
1338 725 1400 755 hoc
1413 730 1472 765 est,
1487 730 1523 755 ut
1537 730 1601 756 rata
1616 735 1738 766 semper

268 785 302 810 et
327 780 443 822 ubique
463 785 610 816 servetur,
627 780 690 810 sive
705 780 774 820 quis
799 778 957 809 doloribus
974 778 1124 809 afficiatur
1140 789 1192 808 seu
1218 778 1432 819 voluptatibus
1446 784 1500 809 aut
1513 779 1738 818 cupiditatibus

270 839 325 863 aut
349 833 521 874 timoribus,
535 844 593 865 nec
619 833 682 863 ullo
709 838 801 874 pacto
827 832 896 872 quis
925 837 1050 872 propter
1076 832 1142 862 baec
1167 831 1205 861 ab
1229 842 1266 861 ea
1293 831 1498 864 dimoveatur.
1543 831 1606 863 Cui
1633 837 1737 862 autem

270 885 370 917 simile
392 898 458 918 esse
483 887 514 918 id
537 887 676 923 arbitror,
695 887 719 916 si
740 886 797 922 vis,
815 886 870 916 tibi
887 885 1034 925 aperiam.
1081 884 1198 916 Gaio.
1221 883 1327 926 Cupio
1343 885 1501 926 equidem.
1546 885 1602 916 So.
1626 884 1739 916 Nescis

270 941 354 981 quod
371 940 518 981 fullones,
533 940 678 982 quotiens
698 939 808 970 volunt
831 938 916 969 lanas
934 948 1088 979 purpureo
1111 937 1215 969 colore
1231 938 1367 974 inficere,
1383 939 1482 979 primo
1496 939 1623 982 quidem
1639 949 1676 970 ex
1693 944 1740 970 tot

270 993 429 1025 coloribus
444 994 549 1024 album
573 993 694 1034 eligunt
709 1005 716 1023 ε
741 992 863 1023 deindo
880 1002 944 1022 non
966 991 1114 1022 mediocri
1135 1002 1230 1032 opera
1246 997 1433 1032 praeparant,
1450 997 1485 1022 ut
1499 1002 1592 1032 quam
1608 993 1740 1024 maxime

270 1047 377 1078 ssorem
404 1034 574 1088 suscipiant
590 1059 596 1077 :
623 1053 716 1088 atquc
731 1047 776 1077 ita
800 1047 925 1077 demum
942 1045 1044 1076 colore
1061 1045 1246 1086 inspargunt
1271 1055 1425 1086 purpureo
1441 1045 1452 1076 ?
1475 1046 1560 1086 quod
1576 1052 1679 1078 antem
1695 1047 1740 1078 ita

270 1106 318 1130 est
341 1101 485 1137 tinctum,
501 1100 670 1131 indelebile
698 1104 857 1141 permanet
874 1111 881 1130 :
906 1109 1010 1140 neque
1036 1098 1101 1129 sola
1117 1109 1198 1140 aqua
1225 1099 1318 1138 dilui,
1333 1109 1435 1140 neque
1451 1099 1545 1130 etiam
1560 1100 1676 1130 additis
1690 1101 1740 1131 bis

270 1154 519 1195 purgationibus,
537 1166 606 1196 quae
630 1154 669 1184 ad
687 1154 926 1195 abstergendum
945 1152 1114 1194 pertinent,
1132 1152 1247 1184 aboleri
1264 1152 1321 1183 flos
1335 1152 1387 1184 ille
1403 1152 1514 1184 coloris
1529 1158 1646 1195 potest.
1668 1163 1739 1195 quae

270 1212 375 1238 autem
392 1218 454 1238 non
471 1208 513 1238 ita
536 1214 709 1249 praeparata
724 1213 806 1244 sunt,
823 1207 882 1237 scis
908 1207 1012 1248 qualia
1037 1207 1184 1246 evadant,
1201 1217 1254 1238 seu
1277 1206 1346 1247 quis
1374 1206 1441 1236 aliis
1457 1207 1557 1248 tingat
1571 1207 1740 1248 coloribus,

272 1271 325 1291 seu
351 1261 430 1298 istis,
446 1272 516 1292 curn
541 1262 643 1291 minus
665 1267 758 1292 antea
784 1260 965 1291 excoluerit.
1011 1260 1127 1291 GLAu.
1153 1260 1245 1291 Certe
1270 1259 1423 1291 deformia
1447 1265 1531 1296 sunt.
1555 1260 1738 1302 coloresque

272 1325 376 1344 eorum
394 1315 486 1345 facile
501 1302 673 1346 diluuntur.
720 1315 774 1345 So.
796 1314 873 1345 Tale
899 1314 1015 1355 aliquid
1044 1314 1145 1345 facere
1161 1314 1318 1345 studuisse
1335 1324 1392 1344 nos
1408 1324 1463 1354 pro
1481 1314 1596 1345 viribus
1622 1315 1738 1356 cogita,

272 1369 399 1409 quando
416 1368 528 1400 milites
551 1368 635 1409 ipsos
650 1369 852 1409 eligebamus,
869 1379 984 1408 eosque
1001 1369 1032 1397 in
1060 1367 1156 1409 [4:30]
1186 1368 1304 1398 musica
1319 1373 1351 1398 et
1366 1368 1561 1409 gymnastica
1575 1368 1739 1399 erudieba-

272 1431 363 1453 mus:
389 1428 482 1464 atque
508 1423 650 1453 existima
674 1423 753 1453 nibil
782 1433 839 1453 nos
865 1422 948 1452 aliud
979 1422 1182 1462 excogitasse,
1209 1432 1302 1463 quam
1331 1428 1366 1452 ut
1391 1422 1480 1452 nobis
1502 1432 1594 1462 quam
1620 1422 1740 1463 optime

272 1476 408 1516 persuasi
426 1476 508 1517 leges
534 1477 631 1507 instar
645 1477 756 1507 coloris
782 1476 944 1517 cujusdam
967 1477 1164 1516 imbiberent,
1180 1477 1260 1506 adeo
1284 1481 1318 1506 ut
1340 1486 1445 1507 eorum
1470 1476 1578 1517 opinio
1594 1476 1634 1506 de
1650 1476 1741 1507 rebus

272 1529 458 1560 terribilibus
474 1530 576 1570 deque
592 1530 702 1561 ceteris
719 1530 862 1560 omnibus
885 1529 1051 1559 immobilis
1068 1536 1241 1570 perseveret
1255 1541 1264 1568 3
1288 1541 1324 1560 ex
1341 1540 1379 1560 eo
1395 1530 1478 1571 quod
1496 1529 1616 1571 optima
1630 1536 1740 1561 natura

272 1583 369 1624 geniti
383 1584 537 1614 fuerintet
550 1584 675 1614 decenti
689 1584 875 1614 educatione
886 1583 992 1613 nutriti
1009 1595 1015 1612 :
1033 1594 1136 1624 neque
1149 1583 1371 1614 colorationem
1384 1595 1489 1628 eorum
1501 1584 1605 1615 delere
1616 1577 1740 1616 valeant

272 1637 455 1677 purgamina
486 1638 544 1668 ista
574 1638 612 1667 ad
641 1637 823 1667 diluendum
857 1636 1140 1672 vehementissima,
1170 1636 1313 1677 voluptas
1345 1637 1476 1676 scilicet,
1505 1638 1590 1668 omui
1612 1638 1739 1680 saponis

271 1690 440 1721 acrimonia
461 1691 669 1732 aluminisqne
693 1697 725 1721 et
745 1691 839 1721 calcis
856 1691 894 1720 ad
920 1691 1155 1731 expurgandum
1172 1691 1291 1720 acrior:
1316 1691 1405 1721 dolor
1420 1691 1506 1728 item,
1522 1697 1622 1723 metus
1645 1698 1739 1734 atque

270 1744 438 1788 cupiditas,
467 1746 552 1775 omni
578 1745 640 1774 alio
667 1745 849 1785 purgamine
879 1745 917 1774 ad
945 1745 1184 1785 abstergendum
1213 1745 1399 1785 potentiora.
1431 1746 1512 1776 hanc
1540 1746 1648 1788 utique
1678 1746 1738 1777 vim

271 1797 384 1838 passim
401 1804 491 1829 rectae
509 1798 720 1839 legitimaeque
745 1798 905 1839 opinionis
931 1798 1187 1828 conservatricem
1211 1798 1295 1828 circa
1319 1798 1467 1829 terribilia
1482 1809 1650 1841 eorumque
1665 1810 1741 1841 con-

271 1852 360 1881 traria
375 1851 588 1882 fortitudinem
617 1862 694 1882 voco
721 1852 865 1893 equidem
895 1857 989 1891 atque
1016 1862 1141 1882 assero:
1168 1851 1227 1881 nisi
1255 1857 1286 1881 tu
1316 1851 1396 1882 sorte
1420 1852 1497 1893 quid
1513 1852 1598 1883 aliud
1613 1853 1738 1886 dixeris,

272 1904 387 1936 GLAu.
413 1906 455 1935 At
469 1906 536 1946 ipse
553 1906 627 1935 nihil
645 1905 743 1936 aliud.
765 1905 880 1936 videris
896 1906 978 1935 enim
994 1906 1175 1945 opinionem
1193 1906 1324 1939 eandem
1341 1905 1381 1936 dc
1397 1905 1527 1942 eisdem,
1543 1906 1659 1947 absque
1675 1906 1739 1937 dis·

270 1959 388 1999 ciplina
403 1959 737 1999 conceptau¹‚ferinam
751 1959 899 1989 videlicet
908 1965 939 1990 et
950 1959 1103 1999 servilem,
1117 1960 1357 2000 haudquaquam
1370 1959 1544 1990 existimare
1559 1959 1742 2001 legitimam,

271 2012 325 2042 sed
343 2012 426 2042 aliud
443 2013 592 2053 quiddam
607 2023 699 2053 quam
717 2013 928 2043 fortitudinem
946 2023 1138 2054 nuncupare.
1177 2014 1233 2044 So.
1250 2013 1420 2044 verissima
1435 2013 1582 2055 loqueris.
1625 2013 1741 2045 Guu.

271 2065 416 2096 Admitto
433 2065 525 2106 igitur
540 2067 619 2097 hanc
647 2067 862 2097 fortitudinem
890 2077 967 2097 esse.
1013 2067 1069 2097 So.
1093 2066 1239 2108 Intellige
1266 2067 1393 2107 insuper
1417 2072 1449 2098 et
1474 2067 1619 2098 civilem:
1644 2073 1739 2109 atque

269 2118 314 2148 ita
331 2124 412 2149 recte
428 2119 575 2160 accipies.
621 2119 781 2161 Deinceps
804 2127 907 2150 autem
925 2121 964 2150 de
988 2121 1058 2157 hac,
1074 2120 1099 2150 si
1123 2120 1269 2155 volueris,
1285 2121 1360 2151 alias
1375 2120 1556 2161 diligentius
1571 2126 1739 2162 pertracta-

271 2171 384 2202 bimus.
409 2173 438 2202 in
459 2174 620 2213 praesentia
647 2184 718 2204 vero
735 2185 797 2203 non
822 2168 904 2204 istud
929 2175 1067 2214 quidem,
1084 2174 1136 2203 sed
1160 2173 1313 2214 justitiam
1331 2174 1565 2214 quaerebamus:
1591 2175 1631 2204 ad
1647 2174 1739 2216 cujus

271 2225 541 2266 investigationem
558 2227 632 2257 satis
655 2227 695 2257 de
713 2228 781 2263 hac,
799 2233 833 2258 ut
855 2228 995 2263 arbitror,
1012 2229 1143 2258 dictum.
1189 2226 1300 2258 Grau,
1323 2227 1474 2258 Praeclare
1491 2227 1636 2269 loqueris.
1680 2229 1738 2259 So.

272 2278 348 2309 Duo
366 2285 479 2310 restant
495 2287 643 2321 praeterea
660 2281 690 2311 in
715 2282 842 2312 civitate
857 2282 1093 2317 consideranda,
1121 2282 1325 2322 temperantia
1342 2281 1461 2312 scilicet
1475 2287 1520 2322 et,
1535 2281 1626 2322 cujus
1642 2283 1740 2323 gratia

271 2333 376 2363 onmia
392 2334 735 2375 indagamus,justitia.
779 2335 895 2365 GLAU.
918 2334 1056 2366 Prorsus,
1103 2334 1158 2366 So.
1185 2333 1237 2364 An
1255 2344 1382 2375 quoquo
1400 2334 1492 2364 modo
1502 2333 1658 2374 justitiam
1669 2335 1737 2376 jam

272 2387 387 2428 ipsann
411 2387 542 2428 reperire
575 2387 742 2429 potuimus,
773 2399 812 2419 ne
843 2399 944 2419 rursus
973 2389 1006 2418 in
1039 2388 1253 2429 investiganda
1284 2387 1489 2429 temperantia
1517 2388 1738 2419 immoremur?

273 2440 388 2470 GLAU.
413 2440 506 2471 Haud
533 2441 624 2472 video
650 2442 807 2481 equidem,
824 2453 886 2483 qua
901 2443 1019 2472 ratione
1036 2442 1065 2472 id
1084 2442 1149 2472 fieri
1174 2443 1294 2483 possit:
1319 2442 1396 2483 quin
1413 2452 1515 2483 neque
1531 2441 1641 2474 vellem
1656 2442 1741 2483 prius

271 2494 362 2523 nobis
384 2493 538 2534 justitiam
566 2495 772 2532 innotescere,
795 2506 887 2537 quam
914 2496 1147 2536 temperantiam
1174 2496 1480 2527 consideraverimus.
1504 2505 1598 2536 quare
1625 2496 1743 2527 simihi

271 2547 401 2587 obsequi
428 2548 483 2583 vis,
498 2554 570 2579 ante
596 2549 655 2580 boe
683 2559 776 2590 quam
802 2551 879 2580 illud
908 2550 1105 2590 investigato.
1151 2550 1208 2582 So.
1233 2551 1316 2581 Volo
1342 2549 1502 2591 equidem,
1518 2549 1578 2580 nisi
1603 2549 1636 2579 fit
1653 2550 1740 2580 vobis

271 2599 396 2640 injuria.
443 2602 557 2632 Grau.
581 2601 706 2643 Inquire
729 2603 808 2644 jam.
854 2603 910 2636 So.
933 2603 1015 2634 Ecce
1044 2604 1211 2645 perquiro:
1233 2611 1327 2645 atque
1353 2610 1388 2634 ut
1415 2603 1488 2633 hinc
1517 2602 1629 2633 intueri
1653 2602 1740 2639 licet,

266 2654 484 2684 consonantiae
507 2660 538 2685 et
562 2656 728 2686 harmonias
753 2658 847 2697 magis
864 2668 956 2698 quam
978 2657 1140 2698 superiora
1162 2658 1270 2688 similis
1287 2663 1345 2689 est.
1391 2655 1505 2688 Gtiu.
1529 2655 1603 2692 Quo
1620 2658 1739 2697 paeto?

271 2705 328 2736 So.
346 2706 481 2737 Ornatus
496 2709 622 2748 quidam
639 2716 685 2740 cst
701 2711 917 2752 temperantia.
928 2717 960 2742 et
975 2722 993 2741 a
1009 2712 1222 2752 voluptatibus
1237 2711 1525 2752 cupiditatibusque
1539 2710 1738 2750 quibufflam,

269 2766 306 2790 ut
334 2761 507 2800 perhibent,
535 2763 732 2795 abstinentia.
762 2766 835 2795 dum
865 2776 936 2796 vero
960 2771 1162 2807 temperatum
1191 2765 1347 2796 hominem
1373 2775 1406 2794 se
1433 2764 1502 2805 ipso
1530 2763 1738 2804 potentiorem

267 2814 378 2854 suique
395 2814 539 2844 victorem
556 2817 660 2846 nescio
675 2828 736 2858 qno
755 2819 847 2848 modo
874 2829 940 2850 esse
971 2819 1094 2853 dicunt,
1112 2826 1143 2849 et
1159 2819 1303 2860 quiedam
1318 2817 1428 2848 similia
1444 2824 1590 2858 tanquam
1607 2816 1739 2857 vestigia

265 2868 417 2898 nonnulla
434 2869 645 2909 temperantiae
669 2871 803 2913 signant.
824 2883 864 2903 an
888 2875 978 2904 non?
1025 2874 1140 2904 Grau.
1166 2873 1304 2904 Maxime
1327 2871 1476 2903 omnium.
1523 2871 1580 2901 So.
1604 2868 1737 2902 Nonne·
