1840 3225
218 228 296 264 212
809 225 1074 264 PLATONIS
1591 228 1690 278 [575

221 329 389 360 amicorum
407 329 543 359 omnium
560 329 820 370 antiquissimum,
838 329 960 359 videtur
978 329 1031 359 tibi
1049 328 1093 358 vir
1110 328 1178 358 talis
1203 328 1379 359 verberibus
1395 328 1595 370 objecturus:
1619 338 1689 359 eos-

223 393 285 424 que
300 383 361 413 illis
376 384 584 425 subjecturus,
602 384 626 414 si
643 383 773 414 eandem
790 384 822 413 in
836 384 962 413 domum
979 382 1187 413 conduxerit?
1233 382 1315 412 Am.
1338 382 1398 413 Per
1412 381 1536 418 Jovem,
1548 370 1690 412 omnino.

223 436 279 466 So.
304 436 407 472 Quam
425 436 548 466 beatum
565 446 632 466 esse
649 436 772 466 videtur
788 436 986 477 tyrannicum
1013 435 1110 465 filium
1134 434 1278 475 genuisse
1293 435 1300 465 !
1348 436 1433 467 Am.
1457 435 1531 466 Non
1546 435 1690 465 multum.

225 489 281 520 So.
305 490 391 526 Quid
409 501 479 520 vero
494 490 504 520 ?
528 500 598 521 curn
615 494 776 531 parentum
789 489 991 530 supellectilis
1005 500 1066 519 non
1091 489 1235 525 sufficiet,
1249 490 1278 519 in
1294 499 1394 530 eoque
1403 489 1468 531 jam
1481 489 1540 520 erit
1557 499 1688 520 examen

224 544 482 574 confertissimum
508 544 717 585 voluptatum,
733 554 772 573 an
797 554 859 573 non
878 544 975 584 primo
1002 543 1149 584 parietem
1173 542 1305 584 alicujus
1324 544 1479 584 perfodiet
1491 544 1614 578 domus,
1639 542 1686 573 vel

225 602 318 628 nocte
345 598 432 628 tarde
455 597 560 628 euntis
585 597 714 639 pallium
742 596 864 637 rapiet?
888 597 1003 627 deinde
1029 597 1122 627 etiam
1148 598 1297 637 templum
1323 597 1448 638 aliquod
1477 596 1666 637 exspoliabit
1677 596 1694 633 ἓ,

223 658 318 694 atque
331 653 362 683 in
379 653 427 684 his
442 653 585 682 omnibus
607 662 671 687 eas,
687 661 764 692 quas
779 651 852 682 olim
870 661 886 680 a
906 651 1035 690 pueritia
1061 652 1100 681 de
1123 650 1262 681 honestis
1285 657 1317 682 et
1332 652 1486 692 turpibus,
1508 650 1596 692 quasi
1613 651 1687 692 jura

224 707 381 746 quaedam,
396 717 433 736 ex
448 706 561 747 quibus
579 705 791 746 judicabatur,
820 705 986 745 opiniones
1011 705 1172 744 habuerat,
1196 705 1270 740 illae,
1293 716 1364 747 quae
1387 716 1486 746 nuper
1507 715 1524 736 a
1540 705 1688 736 servitute

224 758 334 789 solutae
350 764 435 799 sunt,
462 767 608 801 tanquam
631 759 780 790 satellites
805 758 958 799 stipantes
982 758 1143 796 Amorem,
1160 770 1222 789 una
1245 770 1315 790 curn
1339 770 1377 790 eo
1389 759 1455 800 jam
1471 759 1685 800 superabunt:

223 823 294 854 quae
309 815 466 854 quondam
481 814 654 845 dormiente
669 814 724 843 illo
742 824 794 854 per
809 813 964 843 insomnia
988 813 1199 849 solvebantur,
1216 814 1342 854 quando
1359 814 1460 844 adhuc
1475 818 1541 844 erat
1554 812 1607 843 ille
1628 813 1687 843 sub

223 864 345 907 legibus
360 867 560 908 paternisque
577 867 740 908 praeceptis
759 866 901 907 populari
916 867 945 896 in
959 877 990 897 se
1003 867 1071 907 ipso
1083 867 1242 897 institutus
1254 867 1435 898 conditione
1449 867 1459 896 ?
1477 867 1602 897 tandem
1615 876 1687 896 vero

226 919 353 950 Amoris
370 921 535 963 tyrannide
563 921 707 956 irretitus,
725 921 825 961 qualis
842 931 909 950 raro
927 926 992 950 erat
1018 920 1050 950 in
1069 920 1196 958 somnis,
1214 921 1283 950 talis
1306 931 1428 961 semper
1453 920 1511 951 erit
1533 920 1688 961 vigilans?

223 984 295 1004 nam
312 979 342 1005 et
358 985 376 1004 a
389 975 474 1004 nulla
485 975 573 1006 caede
587 973 685 1014 impia
698 974 880 1013 abstinebit,
894 974 941 1004 vel
954 974 1092 1014 ingluvie
1103 974 1150 1005 vel
1162 974 1298 1005 facinore
1314 986 1321 1004 z
1339 975 1392 1005 sed
1412 973 1509 1016 [575]
1526 974 1689 1016 tyrannice

223 1027 256 1058 in
272 1027 344 1069 ipso
362 1027 460 1059 Amor
474 1027 557 1059 omni
569 1039 638 1058 curn
658 1028 785 1058 licentia
800 1033 832 1058 et
848 1029 1092 1069 transgressione.
1109 1028 1225 1064 vivens,
1244 1033 1353 1070 utpote
1368 1029 1421 1069 qui
1436 1028 1521 1058 solus
1532 1028 1574 1059 sit
1587 1028 1688 1059 domi·

225 1092 295 1117 nus,
319 1082 379 1112 sibi
395 1081 572 1123 subjectum
596 1082 766 1116 hominem,
785 1087 933 1122 tanquam
958 1083 1131 1119 civitatem,
1149 1082 1346 1124 impudenter
1371 1083 1409 1112 ad
1437 1082 1542 1112 omnia
1567 1082 1691 1122 rapiet:

224 1133 307 1166 unde
323 1141 356 1166 et
368 1147 400 1166 se
415 1136 517 1176 ipsum
532 1142 564 1166 et
580 1137 698 1166 turbam
715 1147 838 1166 suorum
856 1136 1022 1167 satellitum
1040 1137 1170 1175 nutriat,
1189 1137 1297 1177 partim
1316 1136 1504 1167 extrinsecus
1519 1135 1686 1176 ingressam

222 1200 259 1219 ex
285 1189 426 1230 improba
451 1189 584 1230 quadam
610 1189 849 1224 consuetudine,
868 1190 978 1229 partim
1004 1189 1186 1221 intrinsecus
1210 1200 1247 1221 ex
1271 1190 1381 1220 iisdem
1405 1189 1540 1220 moribus
1555 1190 1595 1220 ab
1617 1189 1685 1230 ipso

223 1243 355 1273 solutam
371 1248 402 1273 et
417 1243 588 1273 libe-ratam.
612 1253 717 1273 nonne
733 1243 799 1273 haec
816 1243 886 1273 talis
903 1244 1036 1274 hominis
1049 1244 1109 1274 vita
1126 1245 1136 1273 ?
1184 1244 1265 1275 Am.
1289 1244 1370 1274 Haec
1381 1254 1515 1285 prorsus.
1559 1243 1615 1276 So.
1637 1243 1686 1274 Ac

223 1298 250 1328 si
268 1298 359 1339 pauci
376 1297 453 1328 tales
468 1296 640 1328 in'civitate
651 1297 724 1333 sint,
735 1298 830 1328 ceteri
844 1308 913 1328 vcro
926 1309 1033 1328 omnes
1047 1299 1190 1334 modesti,
1203 1299 1390 1339 prodeuntes
1402 1299 1496 1329 alium
1509 1297 1686 1339 quempiam

225 1356 334 1392 utpote
351 1350 498 1381 satellites
514 1356 634 1380 armant
656 1350 862 1391 muniuntque
891 1356 1057 1392 tyrannum
1082 1362 1118 1382 ac
1141 1351 1166 1382 si
1190 1353 1310 1393 uspiam
1328 1352 1442 1383 bellurn
1464 1352 1616 1387 imminet,
1632 1350 1686 1381 sti-

222 1405 338 1446 pendio
354 1405 501 1436 conducti
518 1410 727 1445 propugnant.
753 1405 816 1435 sive
834 1415 893 1445 pax
911 1411 1030 1446 agatur,
1046 1406 1162 1436 ibidem
1187 1406 1217 1436 in
1233 1406 1360 1437 civitate
1377 1405 1495 1436 minuta
1519 1405 1600 1436 mala
1616 1415 1686 1446 per-

223 1458 320 1488 multa
335 1458 541 1489 committent.
588 1458 669 1489 Am.
694 1458 833 1494 Qualia?
880 1459 934 1490 So.
960 1459 1169 1495 Furabuntur‚
1189 1470 1290 1490 muros
1313 1460 1444 1494 fodient,
1461 1459 1616 1499 marsupia
1635 1458 1682 1488 in-

221 1512 339 1548 cident,
355 1512 574 1552 exspoliabunt
591 1513 882 1554 praedabunturque,
899 1523 983 1544 sacra
1000 1514 1132 1553 rapient,
1148 1519 1257 1554 captos
1268 1513 1408 1544 homines
1420 1514 1531 1543 servire
1543 1518 1658 1553 cogent
1673 1524 1682 1543 ε

221 1576 279 1596 nec
296 1576 359 1595 non
375 1565 645 1596 calumniabuntur
661 1567 862 1607 quandoque,
880 1567 905 1597 si
921 1560 1057 1597 dicendo
1074 1567 1198 1597 facundi
1215 1567 1288 1601 sint,
1306 1566 1508 1608 perjuriisque
1524 1566 1687 1607 decipient

220 1619 372 1655 homines,
400 1624 432 1649 et
458 1620 634 1649 muneribus
659 1626 892 1660 corrumpentur
915 1619 1050 1660 judices.
1098 1621 1179 1652 Am.
1206 1620 1331 1651 Minuta
1356 1620 1422 1650 liaec
1448 1619 1525 1650 dicis
1549 1619 1641 1656 mala,
1657 1619 1683 1650 si

222 1673 312 1714 pauci
331 1673 406 1703 tales
422 1673 506 1703 sint?
552 1674 606 1704 So.
632 1673 710 1704 Haec
734 1674 874 1713 quidem,
889 1674 914 1704 si
942 1675 979 1704 ad
1007 1674 1122 1715 majora
1146 1680 1375 1714 comparentur,
1398 1674 1545 1705 dicuntur
1559 1673 1681 1714 exigua.

220 1732 314 1768 atque
331 1727 396 1757 haec
411 1727 515 1757 omnia
530 1727 567 1757 ad
587 1733 752 1768 tyrannum
769 1727 921 1768 pravitate
935 1733 966 1758 et
978 1728 1099 1758 miseria
1110 1727 1245 1758 civitatis
1256 1727 1453 1769 haudprope,
1470 1732 1506 1757 ut
1520 1725 1681 1767 proverbio

223 1782 328 1817 fertur,
342 1779 501 1812 'accedere
527 1781 697 1821 putandum
721 1786 778 1811 est.
803 1781 947 1821 quotiens
972 1782 1055 1812 enim
1080 1782 1109 1811 in
1134 1781 1260 1811 civitate
1284 1781 1360 1811 tales
1382 1780 1472 1811 multi
1493 1780 1687 1821 reperiuntur

223 1845 339 1876 eosque
355 1835 406 1865 alii
423 1840 593 1875 sequuntur
609 1835 710 1871 multi,
728 1827 930 1876 sentiuntque
954 1836 1112 1877 ingentem
1130 1846 1251 1865 suorum
1276 1835 1410 1875 copiam,
1428 1840 1593 1875 tyrannum
1610 1843 1681 1874 pro-

221 1894 326 1918 creant
342 1899 411 1919 cum
428 1888 550 1918 inscitia
573 1888 682 1929 populi
700 1887 783 1918 illum
804 1899 866 1929 prae
890 1888 1012 1926 ceteris,
1035 1889 1088 1929 qui
1106 1888 1268 1919 interillos
1283 1889 1326 1918 ita
1341 1894 1388 1919 est
1403 1887 1546 1927 affectus,
1564 1891 1598 1916 ut
1612 1886 1682 1927 ejus

220 1942 373 1972 inanimo
391 1948 555 1983 tyrannum
574 1942 709 1972 habeant
733 1943 991 1983 potentissimum.
1038 1943 1121 1973 Aur.
1145 1943 1396 1974 Consentaneum
1420 1941 1452 1972 id
1469 1941 1607 1983 quidem.
1629 1945 1682 1982 ty-

220 2006 334 2026 rannus
349 1997 406 2026 erit
422 1996 667 2036 potentissimus.
712 1997 768 2027 So.
791 1997 908 2027 Nonne
924 1997 1015 2028 facile
1042 1997 1072 2027 id
1092 1998 1137 2034 fit,
1153 1998 1177 2027 si
1201 1997 1348 2028 cesserint
1363 1996 1490 2027 omnes?
1514 1995 1559 2025 sin
1576 1999 1680 2025 autern

219 2049 327 2080 civitas
343 2055 476 2091 tyranno
491 2051 564 2080 huic
581 2051 746 2087 obstiterit,
764 2056 838 2081 tunc
854 2061 928 2081 sane
954 2051 990 2086 is,
1007 2052 1269 2092 quemadmodum
1294 2051 1325 2081 in
1340 2049 1549 2092 superioribus
1563 2054 1680 2089 patrem

220 2109 409 2143 matremque
429 2104 563 2143 subegit,
580 2104 623 2134 sic
647 2115 747 2134 rursus
775 2111 805 2135 et
823 2105 952 2144 patriam
980 2116 1035 2146 pro
1052 2106 1166 2135 viribus
1181 2106 1315 2146 subiget,
1331 2104 1408 2135 alios
1423 2104 1577 2135 inducens
1587 2102 1680 2144 juve-

218 2167 274 2187 nes
289 2169 296 2188 ι
323 2157 432 2198 hisque
449 2158 559 2187 servire
573 2163 666 2197 coget
678 2157 752 2187 olim
769 2158 828 2187 sibi
846 2168 946 2188 caram
964 2158 1091 2198 patriam
1109 2159 1322 2199 matriamque,
1335 2164 1367 2188 ut
1382 2167 1466 2188 more
1481 2154 1678 2187 Cretensium

220 2211 341 2252 loquar,
360 2217 419 2241 tarn
437 2211 623 2241 educatione
651 2221 742 2250 quam
769 2211 896 2241 babitu:
921 2217 1014 2252 atque
1038 2213 1062 2242 is
1089 2213 1145 2243 erit
1161 2211 1342 2252 cupiditatis
1357 2211 1426 2252 ejus
1441 2209 1574 2240 hominis
1596 2208 1677 2240 finis.

218 2265 300 2296 Ant.
324 2265 375 2295 Sic
405 2275 536 2305 prorsuS.
582 2266 639 2296 So.
663 2263 779 2294 Nonne
806 2265 857 2295 isti
885 2266 961 2295 tales
989 2266 1129 2306 privatim
1160 2266 1248 2299 frunt.
1263 2272 1430 2305 antequam
1455 2263 1678 2294 dominentur?

220 2319 370 2359 principio
385 2329 455 2349 cum
482 2314 528 2349 his'
551 2324 772 2348 conversantur
797 2325 830 2348 ut
854 2319 1030 2359 plurimum,
1046 2320 1098 2360 qui
1126 2319 1326 2349 blandiuntur
1347 2318 1409 2349 illis
1432 2323 1464 2348 et
1477 2318 1510 2348 in
1534 2316 1678 2348 omuibus

215 2378 420 2409 assentiuntur,
445 2372 542 2414 [576]
568 2383 604 2403 ac
628 2373 653 2402 si
677 2382 738 2412 qua
765 2383 795 2401 rc
819 2373 990 2412 indigeant.
1007 2373 1090 2403 idem
1115 2378 1146 2403 et
1170 2373 1230 2413 ipsi
1253 2377 1362 2413 agunt,
1377 2371 1565 2402 submittunt
1579 2380 1624 2406 se,
1643 2375 1676 2401 et

217 2435 435 2467 quamcunque
451 2431 561 2466 gerunt
585 2436 761 2466 personam,
779 2431 926 2465 tanquam
951 2427 1134 2456 domestici:
1160 2426 1222 2455 voti
1247 2436 1318 2456 vero
1341 2431 1502 2465 compotes
1516 2435 1587 2455 cum
1604 2423 1679 2454 facti

217 2485 301 2515 sunt,
325 2486 487 2510 extraneos
513 2491 545 2510 se
575 2490 640 2510 esse
665 2479 836 2510 declarant.
881 2480 962 2510 Ani.
987 2479 1027 2510 Et
1055 2480 1185 2510 maxime
1210 2479 1349 2520 quidem.
1395 2479 1451 2510 So.
1475 2477 1608 2509 Omnem
1633 2477 1678 2508 ita

216 2538 338 2563 aetatem
354 2539 461 2573 agunt.
485 2533 578 2564 amici
592 2533 717 2574 quidem
733 2533 849 2563 nemini
866 2543 1013 2574 unquam.
1038 2544 1159 2574 semper
1173 2539 1276 2564 autem
1293 2532 1490 2563 dominantes
1503 2530 1596 2562 alicui
1612 2541 1678 2561 ser·

216 2584 346 2616 vientes.
370 2585 541 2616 libertatem
570 2597 640 2616 vero
666 2593 698 2616 et
725 2586 891 2617 amicitiam
924 2597 1022 2616 veram
1050 2593 1160 2617 natura
1184 2596 1342 2627 nunquam
1369 2585 1532 2626 tyrannica
1558 2589 1674 2624 gustat.

216 2638 296 2668 Ant.
321 2638 481 2669 Maximes
516 2640 572 2670 So.
596 2639 712 2670 Nonne
728 2639 906 2680 hujusmodi
923 2640 1062 2683 homines
1084 2639 1155 2680 jure
1171 2640 1283 2670 infidos
1298 2637 1547 2685 nominabimus?
1593 2637 1674 2671 Am.

214 2691 301 2723 Jure.
347 2691 402 2722 So.
428 2692 608 2728 Quinetiam
629 2693 772 2734 injustos,
789 2703 882 2733 quam
907 2694 1036 2724 maxime
1054 2694 1119 2724 fieri
1138 2700 1254 2735 potest,
1271 2694 1294 2724 si
1314 2693 1406 2723 ruodo
1422 2691 1453 2722 in
1469 2689 1677 2731 superioribus

216 2749 311 2785 recte,
339 2744 471 2776 invicem
496 2747 588 2786 quale
615 2748 691 2788 quid
717 2747 841 2787 justitia
867 2747 919 2783 sit,
947 2748 1167 2779 concessimus.
1212 2748 1294 2778 Am.
1318 2745 1420 2776 Recte
1435 2744 1574 2785 quidem.
1617 2743 1674 2776 So.

216 2797 450 2836 Concludamus
467 2799 570 2839 igitur,
588 2801 642 2841 qui
658 2801 698 2831 sit
722 2801 767 2832 vir
780 2800 942 2842 pessimus.
967 2807 1013 2831 est
1030 2807 1132 2832 autem
1149 2801 1186 2836 is,
1200 2801 1253 2842 qui
1278 2799 1347 2830 talis
1362 2804 1409 2830 est
1423 2797 1573 2839 vigilans:
1598 2807 1676 2843 qua—

214 2851 274 2882 lem
291 2861 383 2892 supra
398 2851 595 2893 figuravimus
610 2854 826 2885 somniantem.
873 2854 954 2886 Ani.
980 2854 1131 2887 Omnino.
1176 2853 1232 2885 So.
1253 2853 1338 2884 Talis
1354 2852 1462 2894 utique
1476 2851 1521 2888 fit,
1537 2851 1677 2892 quisquis

211 2915 282 2936 cum
299 2910 407 2936 natura
424 2907 603 2948 tyrannicus
620 2907 751 2938 maxime
770 2909 820 2943 sit,
839 2913 871 2939 ut
885 2909 968 2940 sotus
984 2909 1170 2944 dominetur,
1184 2908 1377 2950 assequitur:
1396 2911 1427 2937 et
1439 2915 1503 2948 quo
1515 2904 1677 2936 diutiusin
