1840 3225
155 229 252 278 620]
565 229 636 266 DE
667 226 973 267 REPUBLICA
1008 229 1107 269 LIB.
1140 232 1189 268 X.
1523 230 1600 266 235

147 343 209 364 non
221 334 389 375 intelligat,
404 334 478 375 quid
493 332 689 375 pulchritudo
704 342 774 362 curn
787 336 971 372 paupertate
984 332 1034 362 vel
1051 332 1168 363 divitiis
1178 333 1298 374 juncta,
1315 337 1348 362 et
1360 331 1444 373 quali
1459 341 1529 361 cum
1542 331 1596 361 ha-

144 387 209 418 bitu
223 387 334 418 animae
346 389 461 419 malum
474 393 618 429 operatur
626 387 675 416 vel
691 386 805 416 bonum
818 397 824 414 z
842 385 955 426 quidve
972 386 1119 417 nobilitas
1131 387 1181 417 vel
1196 386 1384 428 ignobilitas,
1397 386 1461 416 vita
1473 385 1594 425 privata

142 449 175 472 et
188 442 363 482 imperium,
377 443 467 473 robur
480 448 514 472 et
526 441 735 475 imbecillitas,
749 441 839 470 velox
859 440 1021 481 ingenium
1035 446 1067 471 et
1081 441 1214 477 tardum,
1228 446 1393 482 ceteraque
1406 437 1594 482 hujusmodi,

143 506 213 536 quae
227 502 338 527 natura
351 497 433 527 circa
445 496 580 527 animam
592 500 664 525 sunt
676 500 709 525 et
723 505 792 536 quae
808 495 1016 535 acquiruntur,
1034 495 1170 526 invicem
1188 496 1334 536 copulata
1351 494 1470 525 faciunt
1483 506 1488 523 :
1505 499 1539 524 ut
1555 504 1595 524 ex

141 550 190 580 his
204 550 346 581 omnibus
365 550 555 591 singulorum
572 554 683 580 natura
696 550 801 579 valeat
820 548 1027 584 considerare,
1053 548 1094 579 ad
1118 550 1229 579 anima:
1253 555 1394 579 naturam
1411 547 1594 588 respiciens,

140 605 302 635 meliorem
316 605 413 635 vitam
425 614 445 634 a
463 604 609 634 deteriori
628 603 804 634 discernere
817 614 823 632 ε
839 602 1025 634 deteriorem
1039 612 1109 633 eam
1126 604 1300 644 appellans,
1321 612 1389 643 quae
1402 602 1593 643 injustiorem

140 657 276 688 animam
288 658 383 688 efficit
394 669 403 695 ;
415 658 568 699 potiorem
586 663 701 694 autem,
722 668 791 698 quae
806 658 968 699 justiorem
983 670 988 687 :
1018 657 1139 698 reliqua
1152 667 1225 688 vero
1243 662 1434 687 contemnat.
1456 655 1592 686 vidimus

139 711 224 741 enim
237 717 270 741 et
282 712 401 742 viventi
411 717 444 742 et
457 717 576 743 mortuo
590 712 778 742 electionem
790 713 872 742 hanc
886 712 1036 753 optimam
1046 721 1126 742 esse.
1142 711 1237 754 [619]
1252 711 1333 742 Cum
1346 712 1403 741 hac
1417 710 1511 751 igitur
1524 710 1593 750 opi-

139 765 243 801 nione,
256 765 354 796 instar
367 765 542 797 adamantis
561 766 649 796 firma
668 771 761 807 atque
775 772 853 801 rata,
869 772 991 806 oportet
1008 765 1048 796 ad
1062 765 1178 796 inferos
1196 764 1350 806 proficisci
1366 776 1371 793 :
1387 774 1427 794 ne
1442 763 1512 804 quis
1526 763 1593 793 illic

137 818 260 849 divitias
268 820 412 861 malaque
423 820 598 862 hujusmodi
607 819 775 850 admiretur
786 831 794 857 ;
807 830 887 850 neve
896 820 930 850 in
940 819 1122 862 tyrannides
1134 826 1166 850 et
1177 819 1255 850 alias
1264 818 1440 861 hujusmodi
1451 818 1591 848 actiones

134 872 287 909 incidens,
301 875 399 904 multa
409 880 442 904 et
455 874 639 904 insanabilia
649 874 769 904 scelera
779 880 949 915 perpetret,
962 874 1092 915 ipseque
1102 884 1207 904 rursus
1221 873 1375 904 deteriora
1386 872 1592 913 perpetiatur.

137 926 232 958 immo
245 937 318 958 vero
331 927 410 958 sciat
422 927 560 958 mediam
579 937 702 968 semper
718 928 847 958 istorum
860 928 999 958 omnium
1013 928 1116 958 missis
1135 928 1283 958 extremis
1297 927 1393 957 vitam
1407 926 1535 967 eligere,
1559 931 1592 955 et

135 981 168 1012 in
182 982 240 1012 hac
257 981 322 1012 vita
336 986 369 1012 et
384 982 417 1012 in
431 981 533 1012 futura
545 993 551 1011 z
571 982 617 1012 ita
631 981 715 1011 enim
728 982 858 1022 quisque
873 982 909 1011 fit
922 982 1130 1012 beatissimus.
1153 982 1330 1017 Enimvero,
1341 981 1395 1022 qui
1408 986 1483 1011 tunc
1496 979 1593 1010 rediit

133 1034 221 1066 illinc
233 1035 371 1072 nuntius,
381 1036 569 1077 significavit
580 1035 695 1066 dixisse
710 1036 911 1077 prophetam:
928 1036 1012 1077 quod
1027 1037 1122 1066 etiam
1136 1037 1247 1066 ultimo
1266 1047 1336 1066 cum
1351 1034 1517 1076 prudentia
1531 1034 1589 1064 eli-

134 1089 221 1129 genti
234 1089 299 1120 vita
313 1090 446 1120 occurrit
464 1089 652 1131 expetenda,
667 1100 731 1120 non
744 1090 829 1120 mala
842 1090 979 1121 studiose
994 1090 1125 1125 viventi,
1138 1100 1179 1120 ne
1196 1090 1247 1119 vel
1262 1091 1380 1130 primus
1395 1089 1492 1130 eligat
1509 1098 1586 1128 neg-

130 1143 274 1183 ligenter,
288 1144 338 1174 vel
352 1144 537 1174 novissimus
547 1149 674 1185 propter
689 1145 748 1175 hoc
764 1144 870 1175 doleat
884 1150 934 1184 atq
940 1154 977 1174 ue
991 1150 1125 1185 torpeat.
1150 1144 1231 1174 Cum
1244 1144 1311 1173 haec
1326 1143 1469 1178 dixisset,
1482 1142 1585 1177 illum,

131 1196 185 1237 qui
198 1197 298 1237 piimo
309 1203 424 1228 sortem
433 1203 607 1239 acceperat,
621 1199 723 1239 inquit
743 1199 830 1229 illico
850 1204 1069 1239 properantem
1081 1197 1279 1239 tyrannidem
1291 1198 1459 1227 maximam
1471 1197 1587 1237 elegis-

128 1261 162 1281 se
175 1263 182 1281 ;
199 1261 235 1282 ac
248 1257 373 1293 propter
389 1252 546 1283 inscitiam
563 1252 806 1293 aviditatemque
821 1253 905 1283 haud
925 1253 1115 1283 sufficienter
1129 1252 1251 1292 singula
1265 1251 1350 1292 prius
1363 1251 1559 1281 examinasse
1579 1263 1585 1279 ;

129 1310 162 1335 et
175 1305 288 1336 iccirco
299 1306 425 1336 latuisse
437 1306 537 1342 illum,
553 1307 636 1347 quod
650 1317 688 1337 ea
698 1307 731 1337 in
741 1307 806 1337 vita
817 1307 881 1337 fato
891 1306 1052 1337 decretum
1067 1310 1143 1341 erat,
1158 1311 1191 1335 ut
1208 1306 1289 1335 filios
1303 1315 1375 1335 suos
1387 1304 1495 1334 ederet
1509 1304 1587 1335 alia-

132 1369 194 1400 que
210 1360 294 1390 mala
307 1360 440 1400 plurima
452 1361 629 1391 sustineret.
639 1367 805 1401 postquam
817 1371 891 1391 vero
904 1371 960 1400 per
973 1360 1071 1390 otium
1085 1360 1219 1390 electam
1235 1359 1332 1389 vitam
1346 1357 1585 1393 considerasset,

132 1412 264 1454 ejulasse
283 1414 382 1450 illum,
401 1414 589 1445 electionem
610 1415 737 1444 noxiam
761 1414 988 1454 deplorantem,
1011 1423 1114 1454 neque
1139 1419 1316 1444 servantem
1340 1423 1409 1454 quae
1433 1412 1588 1452 propheta

130 1467 337 1508 praedixerat3
352 1477 454 1508 neque
469 1477 502 1497 se
514 1467 627 1508 ipsum,
640 1472 790 1508 tanquam
803 1468 956 1498 malorum
967 1478 1103 1504 causam,
1119 1468 1348 1503 criminantem,
1362 1466 1419 1497 sed
1429 1466 1586 1496 fortunam

133 1520 352 1562 daemonesque
369 1529 402 1552 et
414 1521 535 1563 reliqua
548 1521 653 1552 omnia
665 1521 769 1562 potius
782 1531 876 1562 quam
890 1532 922 1551 se
940 1522 1053 1562 ipsum.
1089 1521 1197 1552 Fuisse
1211 1531 1285 1551 vero
1301 1521 1392 1551 illum
1408 1530 1448 1551 ex
1458 1521 1517 1556 his,
1531 1519 1588 1561 qui

131 1574 171 1605 de
191 1576 269 1606 caelo
283 1575 521 1611 descenderant,
535 1576 589 1617 qui
602 1585 677 1606 sane
690 1576 724 1605 in
738 1575 888 1616 superiori
901 1576 967 1606 vita
979 1576 1012 1606 in
1025 1576 1151 1606 civitate
1163 1575 1268 1616 aliqua
1278 1573 1440 1605 moderata
1451 1575 1587 1609 vixerat,

130 1629 336 1671 virtutemque
356 1641 411 1661 usu
423 1630 558 1671 quodam
576 1630 691 1671 absque
705 1630 909 1671 philosophiae
930 1629 1041 1660 studiis
1062 1634 1253 1660 exercuerat.
1292 1629 1406 1670 Neque
1422 1629 1586 1670 pauciores

129 1693 170 1713 ex
189 1683 247 1720 his,
262 1684 316 1725 qui
333 1694 373 1714 ex
386 1685 450 1715 alto
467 1683 593 1720 cadunt,
607 1694 700 1725 quam
715 1695 753 1714 ex
771 1685 851 1720 aliis,
867 1690 974 1725 utpote
989 1685 1141 1715 malorum
1154 1685 1289 1725 ignaros,
1304 1683 1409 1724 decipi
1425 1682 1584 1724 eligendo.

129 1736 246 1769 Eorum
260 1748 344 1774 vero,
358 1739 411 1779 qui
428 1749 467 1768 ex
481 1744 563 1770 terra
575 1745 737 1775 venerunt,
752 1739 912 1779 plurimOS,
923 1739 997 1780 quia
1011 1745 1043 1768 et
1058 1739 1120 1779 ipsi
1133 1738 1363 1769 calamitatibus
1376 1737 1584 1768 laboraverint

128 1796 161 1821 et
177 1791 353 1823 laborantes
366 1792 445 1823 alios
458 1792 604 1829 viderint,
617 1792 701 1823 haud
714 1798 832 1823 temere
845 1793 943 1823 vitam
956 1793 1083 1834 eligere.
1106 1793 1211 1829 Quam
1224 1792 1263 1823 ob
1276 1802 1412 1827 causam,
1427 1801 1463 1822 ac
1482 1791 1578 1821 etiam

125 1852 252 1886 propter
265 1847 356 1877 sortis
367 1846 532 1883 fortunam,
546 1847 696 1878 bonorum
707 1848 920 1888 malorumque
934 1847 1042 1877 multis
1052 1847 1165 1877 animis
1174 1847 1378 1877 mutationem
1390 1846 1582 1886 contingere.

127 1898 223 1931 Porro
237 1901 264 1931 si
277 1901 346 1942 quis
360 1911 494 1942 semper,
507 1912 577 1932 cum
592 1901 625 1931 in
637 1902 717 1932 hanc
731 1901 829 1932 vitam
841 1902 973 1937 venerit,
987 1902 1107 1931 sincere
1120 1901 1365 1942 philosophetur,
1380 1909 1482 1940 neque
1495 1899 1579 1929 elec-

125 1953 219 1984 tionis
233 1964 298 1985 sors
310 1955 420 1985 ultima
431 1955 490 1985 sibi
503 1955 664 1996 contingat
678 1967 683 1984 :
701 1965 740 1985 ex
759 1955 818 1991 his,
834 1965 902 1995 quae
917 1954 1005 1985 illinc
1018 1954 1210 1990 nuntiantur,
1224 1960 1355 1995 apparet
1365 1964 1436 1984 eum
1450 1963 1514 1983 non
1527 1953 1580 1983 hic

125 2008 226 2038 solum
238 2008 364 2039 felicem
376 2009 452 2045 fore,
465 2009 522 2039 sed
535 2014 568 2039 et
579 2009 803 2050 profectionem
816 2009 889 2040 hinc
904 2010 980 2040 illuc
993 2009 1281 2050 regressionemque
1296 2009 1355 2038 huc
1369 2008 1481 2038 iterum
1494 2005 1578 2037 haud

125 2071 200 2092 sane
212 2067 367 2093 terrenam
380 2069 413 2093 et
425 2073 566 2104 asperam
575 2073 678 2104 agere,
693 2063 749 2094 sed
763 2065 868 2094 lenem
881 2069 973 2105 atque
989 2064 1158 2094 caelestem.
1180 2063 1250 2093 Hoc
1265 2072 1388 2103 quoque
1402 2060 1578 2092 considera-

126 2116 210 2147 tione
226 2115 355 2158 dignum
368 2117 579 2158 spectaculum
591 2127 659 2148 esse
681 2117 816 2153 dicebat,
831 2117 986 2159 quomodo
1000 2117 1131 2159 singulae
1147 2117 1259 2147 animae
1272 2117 1354 2147 vitas
1366 2116 1504 2157 singulas
1520 2114 1578 2145 eli-

127 2169 252 2211 gebant.
275 2170 369 2213 [620]
384 2171 560 2202 miserabile
574 2172 690 2212 quippe
701 2171 796 2207 istud,
808 2171 984 2207 ridiculum,
1000 2171 1130 2212 visuque
1140 2171 1294 2201 mirabile.
1308 2170 1494 2201 electionem
1506 2179 1580 2199 vero

125 2224 298 2256 secundum
311 2225 382 2256 vitae
396 2226 507 2266 prioris
518 2226 775 2256 consuetudinem
787 2231 822 2256 ut
836 2226 1003 2268 plurimum
1013 2226 1091 2256 fieri.
1113 2226 1261 2256 Animam
1274 2224 1369 2259 enim,
1383 2224 1495 2264 inquit,
1507 2233 1575 2264 quae

126 2279 202 2310 olim
220 2278 340 2321 Orphei
352 2279 462 2316 fuerat,
474 2279 591 2310 vidisse
604 2280 698 2322 cygni
712 2280 809 2312 vitam
822 2280 894 2310 odio
906 2280 1066 2310 muliebris
1077 2280 1200 2321 generis
1212 2279 1381 2320 eligentem
1393 2290 1399 2307 :
1418 2278 1577 2307 nolentem

125 2331 273 2364 videlicet
290 2343 329 2364 ex
346 2334 536 2370 mulieribus,
555 2344 574 2364 a
593 2334 704 2375 quibus
723 2335 845 2365 occisus
865 2334 974 2370 fuerat,
994 2334 1100 2365 nasci:
1125 2333 1288 2374 Thamyris
1299 2342 1373 2362 vero
1387 2331 1577 2372 philomelae.

125 2386 270 2427 Cygnum
284 2387 378 2417 etiam
392 2388 590 2429 conspexisse
613 2388 654 2418 ad
667 2390 810 2419 humanae
825 2389 897 2418 vitae
913 2388 1100 2419 electionem
1113 2397 1306 2422 conversum,
1323 2386 1445 2426 aliaque
1459 2384 1578 2415 musica

127 2439 284 2476 animalia,
298 2445 334 2470 ut
347 2447 591 2472 consentaneum
602 2448 660 2478 est,
675 2443 828 2473 similiter.
872 2442 1022 2483 Aliquam
1036 2452 1110 2472 vero
1127 2452 1165 2471 ex
1184 2440 1316 2471 sortibus
1330 2439 1429 2470 leonis
1443 2438 1575 2479 elegisse

125 2494 231 2524 vitam.
245 2495 326 2524 hanc
340 2504 413 2525 vero
424 2494 530 2537 Ajacis
541 2495 716 2526 Telemonii
730 2496 825 2527 fuisse
838 2496 972 2531 dicebat,
986 2496 1052 2526 fieri
1067 2495 1224 2526 hominem
1236 2494 1418 2535 fugientem,
1438 2491 1512 2522 dum
1527 2502 1575 2522 ar-

125 2557 245 2578 morum
254 2547 406 2590 judicium
423 2548 497 2578 olim
515 2548 622 2580 datum
636 2556 741 2581 mente
761 2551 944 2581 revolveret.
989 2550 1067 2581 Post
1080 2551 1161 2579 hunc
1177 2548 1421 2589 Agamemnonis
1440 2546 1575 2577 animam

124 2606 250 2643 propter
261 2612 423 2637 aerumnas,
437 2601 510 2633 odio
519 2603 646 2633 humani
658 2605 790 2644 generis,
803 2605 900 2635 vitam
911 2604 1023 2645 aquilae
1035 2603 1193 2634 ascivisse.
1215 2601 1382 2632 Atalantes
1391 2607 1495 2631 autem
1509 2601 1577 2631 ani-

124 2665 218 2692 mam,
229 2656 280 2686 cui
292 2655 397 2686 media
410 2655 553 2698 quaedam
564 2667 629 2687 sors
638 2659 820 2700 contigerat,
833 2659 978 2689 intuitam
987 2658 1077 2692 dixit,
1091 2667 1185 2698 quam
1196 2656 1340 2687 maximis
1354 2655 1519 2686 honoribus
1532 2655 1577 2684 vir

123 2713 257 2741 certator
269 2710 430 2746 afficiatur,
443 2711 602 2742 continere
616 2722 649 2742 se
662 2722 725 2742 non
739 2713 887 2753 potuisse,
900 2714 975 2754 quin
989 2713 1085 2742 vitam
1098 2711 1257 2742 certatoris
1271 2711 1411 2751 eligeret.
1427 2709 1575 2740 Animam

125 2762 240 2794 deinde
255 2763 336 2805 Epei
346 2764 559 2805 Panopeeusis
572 2765 612 2795 ad
624 2766 798 2796 artificiosae
809 2767 948 2797 mulieris
956 2771 1099 2796 naturam
1111 2765 1251 2806 protinus
1262 2763 1458 2794 adventasse.
1468 2763 1574 2803 Longe

125 2826 198 2847 vero
211 2817 293 2848 inter
305 2818 488 2849 novissimas
501 2818 658 2849 ridiculosi
671 2818 823 2851 Thersitis
837 2821 972 2851 animam
983 2820 1104 2850 simiam
1114 2818 1262 2849 induisse.
1286 2817 1370 2849 Casu
1382 2828 1455 2848 vero
1474 2816 1579 2848 Ulixis

126 2869 237 2900 animae
256 2877 370 2902 sortem
384 2873 524 2903 ultimam
535 2873 702 2914 contigisse
717 2885 723 2902 :
739 2874 884 2915 quocirca
899 2880 931 2904 et
944 2874 985 2904 ad
999 2873 1178 2914 eligendum
1197 2873 1337 2903 ultimam
1349 2872 1512 2902 advenisse
1528 2870 1573 2899 di-

129 2923 229 2955 cebat.
245 2926 467 2966 praeteritorum
482 2932 585 2958 autem
595 2927 734 2959 laborum
748 2929 896 2960 memoria
909 2929 946 2959 ab
960 2928 1126 2959 ambitione
1143 2932 1326 2963 cessantem,
1341 2925 1466 2966 diuque,
1481 2924 1576 2965 priun-
