1840 3225
162 227 231 277 50]
748 223 1030 266 emmane.
1577 231 1624 268 21

164 327 269 360 Nosce
293 333 322 360 te
346 329 469 370 ipsum?
517 329 570 360 So.
594 327 670 358 Aio.
716 326 905 368 Oppositum
928 326 1001 357 huic
1023 332 1116 364 esset,
1141 327 1165 359 si
1181 327 1259 358 forte
1276 328 1504 369 praeciperetur,
1528 327 1626 360 Nullo

166 383 260 413 modo
278 383 425 425 teipsum
451 393 556 414 nosce.
603 381 689 412 Pno.
713 380 816 412 Esset.
861 380 917 413 8ο.
942 379 971 411 Ο
995 379 1176 418 Protarclie,
1197 392 1310 414 conare
1325 382 1456 414 nuncid
1480 382 1626 415 trifariam

168 436 363 468 distribuere.
410 437 496 468 Pno.
520 435 582 467 Dic
599 441 644 466 tu.
668 445 727 476 ego
744 434 827 466 enim
848 445 983 476 nequeo.
1027 435 1082 466 So.
1109 435 1166 466 Ais
1181 447 1266 477 ergo,
1284 447 1332 467 me
1346 447 1430 468 nunc
1445 436 1528 468 istud
1545 437 1627 468 divi·

168 490 241 521 dere
257 496 399 532 oportere
409 491 423 520 ?
445 490 533 521 Pno.
550 488 614 520 Aio
627 488 786 530 equidem,
800 493 832 519 et
846 489 930 529 quod
944 487 1044 529 majus
1059 493 1119 528 est,
1132 490 1271 522 obsecre.
1295 491 1350 522 So.
1367 489 1483 522 Nonne
1492 490 1626 532 quisque

166 555 203 574 ex
219 544 268 581 iis,
283 544 337 586 qui
352 555 384 575 se
399 544 483 586 ipsos
495 545 651 585 ignorant,
668 543 839 574 secundum
856 542 914 573 tria
929 543 962 573 id
978 543 1150 574 necessario
1167 544 1306 584 patitur?
1331 544 1417 577 Pno.
1434 545 1627 582 Quomodo?

166 598 221 629 So.
245 597 350 629 Primo
377 598 462 629 enim
487 598 659 629 secundum
687 597 848 638 pecunias,
871 596 1098 638 opulentiorem
1123 598 1255 639 quippe,
1280 609 1372 639 quam
1389 599 1442 640 sit,
1455 599 1626 642 aliquando

165 661 198 682 se
212 651 314 692 ipsum
331 652 496 683 existimat.
543 653 630 684 Pno.
655 651 753 682 Multi
769 651 897 692 quidem
922 651 965 682 ita
980 652 1192 693 decipiuntur.
1239 652 1295 684 So.
1321 653 1428 684 Plures
1451 654 1558 692 etiam,
1571 655 1627 697 qui

166 706 298 754 majores
311 706 569 749 formosiore-*que
585 717 617 737 se
645 711 769 747 putant,
792 711 824 737 et
846 716 1042 747 quaecunque
1067 707 1107 736 ad
1123 716 1236 748 corpus
1258 707 1405 744 attinent,
1420 719 1512 750 snpra
1535 719 1629 751 quam

167 760 276 790 veritas
292 761 438 801 patiatur,
454 761 579 792 habere.
625 760 712 791 Pno.
738 760 847 791 Plures
864 760 1015 801 profecto.
1062 760 1117 791 8ο.
1141 760 1269 791 Plurimi
1291 761 1442 803 denique,
1465 763 1520 804 qui
1535 763 1631 795 animi

165 815 256 844 dotes
272 813 414 855 majores,
429 824 523 855 quam
545 814 694 850 habeant,
720 814 834 844 habere
850 824 883 844 se
900 818 1024 854 putant.
1070 813 1157 844 Pao.
1181 814 1224 844 Et
1245 815 1376 846 maxime
1391 816 1529 857 quidem.
1574 818 1630 849 So.

167 868 328 906 Quantum
344 877 416 898 vero
432 868 472 898 ad
498 867 573 909 [49]
598 867 725 898 virtutes
748 867 844 897 animi
860 867 1006 909 pertinet,
1033 877 1138 898 nonne
1161 867 1284 909 vulgus,
1306 869 1490 910 sapientiam
1507 881 1629 911 prorsus

162 921 221 953 sibi
235 921 418 958 vendicans,
432 921 559 963 plenum
575 926 623 952 est
633 920 890 952 contentionibus
901 920 1041 962 falsaque
1054 921 1216 962 sapientiae
1229 922 1326 963 ipsius
1341 923 1491 964 opinione
1504 925 1515 955 ?
1538 924 1633 957 Pno.

165 975 285 1012 Quidni
299 975 310 1006 ?
357 975 413 1007 So.
438 975 472 1006 Si
487 975 557 1017 quis
572 985 644 1016 ergo
660 975 838 1016 passionem
854 976 934 1005 hanc
958 985 1081 1006 omnem
1098 975 1212 1006 malum
1236 977 1385 1017 quiddam
1402 979 1531 1018 vocarit,
1546 985 1630 1011 recte

163 1028 295 1060 nimium
310 1029 494 1070 appellabit.
538 1029 623 1062 Pno.
648 1029 800 1060 Maxime.
847 1030 904 1061 So.
928 1029 1000 1060 Hoc
1016 1028 1139 1069 iterum,
1163 1040 1181 1060 o
1199 1030 1377 1068 Protarche‚
1403 1032 1542 1064 bifariam
1558 1045 1629 1076 par·

170 1082 324 1124 tiindum,
339 1083 364 1114 si
380 1084 530 1115 debemus
545 1084 706 1115 ridiculam
724 1083 873 1115 invidiam
897 1088 1135 1124 cognoscentes,
1152 1084 1256 1115 miram
1275 1086 1443 1127 voluptatis
1461 1092 1493 1117 et
1518 1088 1631 1119 moles-

164 1137 215 1167 tiae
231 1138 411 1168 mixtionem
427 1138 594 1179 inspicere.
640 1139 726 1170 Pno.
749 1138 918 1175 Quomodo
936 1136 1078 1168 bifariam
1095 1138 1316 1178 partiendum?
1362 1140 1417 1171 So.
1440 1140 1502 1172 Ita.
1548 1143 1629 1179 Qui-

165 1201 289 1232 cunque
305 1193 385 1222 hanc
401 1191 508 1224 falsam
525 1193 565 1223 de
581 1203 613 1223 se
629 1193 811 1233 opinionem
826 1192 921 1222 stulte
937 1197 1144 1233 praesumunt,
1159 1194 1423 1234 quemadmodum
1439 1200 1471 1225 et
1485 1196 1630 1228 omnibus

166 1245 353 1281 hominibus,
368 1245 413 1276 sic
429 1250 461 1276 et
474 1246 512 1276 iis
528 1246 622 1276 etiam
636 1246 760 1276 accidat
775 1255 903 1276 necesse
916 1250 973 1282 est,
991 1250 1026 1275 ut
1037 1245 1164 1286 quidam
1181 1257 1285 1276 eorum
1302 1248 1394 1278 robur
1404 1258 1440 1280 ac
1457 1250 1630 1290 potentiam

165 1299 198 1330 in
214 1299 253 1330 iis
268 1309 338 1340 quae
360 1299 559 1341 profitentur,
582 1299 777 1340 possideant,
804 1299 933 1340 quidam
961 1309 1032 1330 vero
1049 1310 1256 1341 nequaquam.
1302 1301 1388 1332 Pno-
1412 1302 1630 1335 Necessarium

164 1358 223 1385 est.
268 1354 325 1384 So.
348 1353 418 1385 Hac
447 1364 520 1395 ergo
548 1353 667 1386 ratione
694 1353 865 1395 distingue,
893 1353 1074 1395 quicunque
1101 1365 1139 1385 ex
1166 1354 1203 1385 iis
1228 1354 1398 1387 imbecilles
1421 1363 1505 1398 sunt,
1528 1369 1632 1400 neque

165 1407 272 1439 ulcisci
289 1407 417 1449 injurias
433 1418 537 1449 neque
552 1407 611 1439 sibi
627 1407 702 1449 ipsis
718 1419 812 1450 opem
827 1409 905 1439 serre
921 1407 1039 1444 valent,
1056 1408 1164 1439 merito
1179 1408 1301 1440 ridiculi
1317 1417 1558 1452 nuncupantur:
1575 1414 1631 1454 qui

166 1473 239 1494 vero
253 1467 395 1504 possunt,
413 1462 563 1498 terribiles
588 1468 620 1493 et
635 1463 753 1493 robusti
769 1467 801 1494 et
822 1461 952 1493 hostiles
971 1461 1043 1503 jure
1065 1468 1224 1495 vocantur.
1270 1463 1452 1505 Ignorantia
1474 1466 1555 1497 enim
1573 1478 1630 1508 po-

163 1522 283 1548 tentum
300 1517 557 1557 robustorumque
574 1517 735 1547 hominurn
751 1516 871 1548 hostilis
887 1521 981 1558 atque
997 1517 1152 1553 teterrima
1166 1528 1214 1549 res
1229 1523 1287 1549 est.
1310 1518 1485 1557 haecferstm,
1497 1526 1529 1551 et
1544 1531 1630 1562 quae-

161 1582 286 1613 cunque
312 1571 381 1613 ejus
405 1571 529 1607 similia,
554 1571 699 1612 proximis
727 1571 871 1602 omnibus
896 1570 1001 1602 noxia.
1017 1571 1065 1606 sin
1082 1576 1185 1613 autern
1207 1571 1371 1603 imbecillis
1385 1573 1561 1614 ignorantia
1577 1576 1630 1618 sit,

160 1626 361 1657 ridiculorum
384 1631 524 1656 naturam
547 1626 641 1656 subit.
686 1625 775 1657 Pno.
800 1624 905 1656 Recte
928 1625 1075 1667 loqueris.
1097 1630 1234 1656 attamen
1258 1627 1429 1668 voluptatis
1451 1628 1630 1672 dolorisque

163 1689 330 1710 concursus
357 1680 499 1710 nonduin
523 1679 555 1710 in
583 1679 623 1710 iis
650 1679 740 1711 nobis
768 1679 880 1720 patuit.
924 1679 981 1711 So.
1006 1679 1127 1710 Livoris
1150 1680 1283 1720 primum
1298 1681 1359 1712 vim
1376 1683 1497 1724 accipe.
1541 1684 1631 1719 Pno.

164 1733 242 1765 Dic.
288 1734 344 1765 So.
366 1733 507 1765 Tristitia
532 1735 676 1776 quaedam
702 1739 734 1765 et
761 1734 869 1764 laetitia
892 1734 1007 1775 injusta
1031 1735 1101 1765 est?
1146 1735 1234 1767 Pno.
1258 1735 1475 1768 Necessarium
1491 1739 1550 1770 hoc
1573 1746 1633 1772 est.

165 1788 222 1819 So.
245 1787 502 1819 Adversariorum
529 1789 618 1820 malis
635 1789 732 1820 laetari
756 1799 814 1820 nec
829 1788 981 1830 injustum
1005 1798 1063 1820 nec
1078 1788 1218 1819 invidum
1233 1795 1291 1822 est.
1337 1790 1424 1824 Pno.
1447 1792 1534 1825 Non.
1578 1794 1633 1826 So.

164 1842 262 1874 Malis
278 1849 382 1874 autem
398 1843 566 1874 amicorum
583 1844 681 1874 laetari
696 1843 812 1885 potius,
834 1852 927 1883 quam
946 1842 1070 1883 tristari,
1086 1853 1192 1873 nonne
1206 1842 1305 1874 invidi
1320 1850 1367 1874 est
1381 1851 1475 1886 atque
1499 1847 1632 1888 injusti?

166 1895 254 1928 Pno.
280 1896 347 1929 Est.
393 1898 450 1930 So.
474 1898 688 1939 Ignorantiam
712 1897 858 1929 omnibus
882 1896 994 1927 malam
1018 1906 1085 1927 esse
1100 1896 1249 1928 diximus.
1293 1898 1382 1930 PRO.
1407 1899 1448 1929 Et
1464 1906 1547 1932 recte
1561 1902 1631 1943 qui-

165 1951 249 1983 dem.
294 1952 350 1983 So.
373 1952 553 1983 Amicorum
579 1952 673 1993 igitur
701 1950 977 1992 praesumptionem
1003 1950 1165 1991 sapientiae
1195 1956 1290 1993 atque
1316 1951 1570 1993 pulchritudinis,
1599 1961 1633 1987 et

165 2005 378 2047 quodcunque
394 2006 489 2047 paulo
505 2010 578 2036 ante
593 2005 726 2038 diximus
749 2005 846 2035 tribus
861 2005 893 2035 in
909 2004 1073 2045 speciebus
1088 2005 1167 2042 fieri,
1191 2005 1322 2037 ridicula
1335 2007 1462 2048 quidem
1485 2019 1555 2040 cum
1572 2010 1631 2043 im-

164 2058 300 2098 becillia,
315 2059 425 2090 odiosa
441 2069 512 2089 vero
528 2069 598 2089 cum
614 2059 738 2089 valida:
764 2059 860 2094 hunc,
878 2058 1017 2099 inquam,
1031 2057 1198 2089 amicorum
1213 2059 1352 2091 habiturn
1369 2071 1474 2093 nonne
1485 2063 1630 2101 fatemur,

165 2123 237 2143 cum
253 2112 322 2154 quis
337 2113 433 2144 habet
447 2113 609 2144 innoxium
633 2113 713 2150 aliis,
729 2123 797 2144 esse
810 2112 1003 2144 ridiculum?
1049 2112 1136 2145 Pno.
1160 2112 1306 2145 Fatemur
1328 2126 1413 2147 sane.
1459 2116 1515 2149 So.
1538 2117 1636 2151 Hunc

164 2177 303 2208 quoque,
319 2177 389 2198 cum
405 2166 580 2208 ignorantia
596 2168 647 2209 sit,
662 2168 776 2198 malum
800 2177 868 2199 esse
883 2168 894 2197 ?
942 2167 1029 2198 Pno.
1054 2167 1159 2200 Certe.
1202 2167 1257 2199 So.
1282 2169 1491 2208 Laetamnrne,
1508 2181 1550 2203 an
1566 2173 1634 2204 tris-

161 2224 276 2258 tamur,
300 2221 375 2252 dum
391 2222 474 2252 hunc
498 2221 683 2253 irridemus?
706 2222 781 2263 [50]
805 2220 894 2253 Pno.
919 2221 1077 2252 Laetamur
1100 2221 1202 2262 plane.
1249 2222 1305 2255 So.
1332 2223 1537 2266 Voluptatem
1560 2237 1635 2258 vero

162 2274 196 2306 in
209 2275 378 2306 amicorum
394 2275 493 2306 malis.
509 2286 614 2307 nonne
637 2286 655 2306 a
671 2275 767 2306 livore
783 2275 940 2317 proficisci
954 2275 1175 2316 praediximus?
1223 2276 1311 2310 Pno.
1336 2277 1440 2309 Certe.
1484 2279 1540 2312 So.
1564 2279 1635 2312 Nos

164 2329 260 2370 igitur
274 2330 307 2360 in
331 2329 498 2361 amicorum
514 2331 604 2362 rebus
627 2330 770 2362 ridiculis
785 2330 995 2370 subridentes,
1013 2331 1142 2362 miscere
1157 2330 1350 2371 voluptatem
1367 2332 1478 2370 dolori,
1494 2333 1569 2364 dum
1585 2335 1634 2365 in-

165 2384 257 2415 vidiae
281 2383 422 2415 laetitiam
449 2385 608 2425 addimus,
633 2385 711 2416 ratio
738 2384 798 2415 ista
820 2385 992 2416 conc-ludit·
1016 2384 1144 2416 livorem
1167 2385 1285 2426 quippe
1307 2386 1460 2416 tristitiam
1477 2388 1635 2428 quandam

171 2438 282 2469 animae
293 2437 480 2480 jamdudum
497 2449 564 2470 esse
579 2438 745 2470 constitit:
772 2439 961 2470 derisionem
986 2449 1057 2471 vero
1083 2439 1243 2470 laetitiam:
1268 2440 1421 2481 simulque
1448 2441 1514 2472 liaec
1541 2452 1578 2472 eo
1599 2442 1632 2473 iu

166 2497 305 2534 tempore
321 2493 468 2534 congredi
483 2494 596 2534 patuit.
645 2493 730 2525 Pno.
754 2493 837 2524 Vera
854 2493 1000 2535 loqueris.
1046 2493 1100 2525 So.
1127 2492 1224 2524 Ratio
1240 2493 1332 2534 igitur
1342 2494 1431 2524 nobis
1444 2495 1510 2526 liaec
1521 2495 1631 2533 dictat,

165 2557 222 2578 nos
239 2557 302 2577 non
318 2547 412 2577 modo
429 2546 459 2577 in
475 2547 552 2588 ipsis
567 2547 755 2588 spectaculis
767 2558 814 2579 res
827 2553 929 2588 gestas
941 2548 1233 2588 repraesentantibus
1243 2553 1275 2578 et
1287 2547 1318 2577 in
1329 2548 1398 2578 aliis
1407 2548 1512 2579 multis
1520 2550 1631 2580 eodem

170 2605 276 2641 pacto,
293 2601 346 2632 sed
362 2600 396 2631 in
414 2601 510 2631 totius
526 2601 599 2632 vitae
616 2602 750 2642 quadam
766 2601 863 2633 veluti
880 2601 1029 2642 tragoedia
1051 2607 1144 2642 atque
1159 2601 1324 2643 comoedia,
1346 2602 1469 2634 dolores
1487 2604 1632 2645 volupta-

165 2654 249 2685 tibus
272 2654 456 2686 immiscere.
502 2654 590 2686 Pno.
614 2655 812 2696 Impossibile
842 2661 901 2693 est,
931 2656 991 2686 ista
1019 2655 1089 2692 tibi,
1120 2665 1139 2686 o
1170 2656 1324 2693 Socrates,
1352 2666 1415 2686 non
1445 2658 1632 2696 concedere,

164 2708 287 2739 etiamsi
303 2709 373 2750 quis
387 2708 477 2739 alteri
493 2708 572 2750 parti
589 2710 784 2750 potissimum
799 2710 1053 2751 adstipularetur.
1100 2709 1156 2741 So.
1181 2710 1275 2752 Iram,
1299 2710 1497 2748 desiderium,
1515 2711 1633 2743 lamen-

170 2762 334 2804 tationem,
349 2768 479 2805 metum,
495 2773 642 2800 amorem,
659 2765 901 2806 aemulationem,
915 2765 1078 2802 invidiam,
1102 2764 1331 2806 proposuimus,
1347 2770 1511 2806 ceteraque
1526 2765 1634 2806 hujus-

165 2816 272 2847 modi:
296 2817 329 2847 in
345 2817 458 2858 quibus
482 2827 532 2853 ea,
548 2827 618 2859 quae
637 2817 703 2858 jam
727 2828 811 2860 saepe
836 2819 1016 2860 repetimus,
1041 2818 1124 2850 coire
1147 2829 1204 2850 nos
1220 2818 1354 2848 diximus
1382 2823 1568 2859 reperturos.
1591 2830 1632 2850 an

160 2870 250 2902 non?
296 2871 383 2903 Pno.
406 2870 466 2903 Ita.
513 2872 571 2904 So.
595 2871 680 2903 Num
696 2872 898 2914 advertimus,
926 2874 966 2904 de
983 2873 1221 2910 lamentatione,
1237 2872 1281 2903 ira
1297 2878 1390 2913 atque
1409 2872 1526 2903 invidia
1540 2884 1635 2914 supe—

162 2924 241 2956 riora
270 2926 527 2967 pertractavisse?
573 2927 662 2959 Pan.
700 2927 822 2964 Quidni
853 2927 1073 2960 adverterimus
1087 2928 1100 2959 ἶ
1147 2928 1202 2959 So.
1236 2927 1342 2960 Multa
1371 2926 1463 2967 igitur
1492 2932 1610 2958 restant
1624 2929 1636 2958 ?
