1840 3225
204 232 313 282 986]
802 230 1089 271 131>1NOM1S-
1601 230 1679 266 457

199 340 286 367 sunt.
309 334 463 368 sedrnunc
476 334 510 365 id
522 344 648 376 quoque
674 333 714 365 de
738 333 812 364 Diis
837 344 1062 365 asseveremus.
1085 343 1199 376 nempe
1222 345 1293 366 cum
1319 334 1381 365 duo
1405 333 1555 365 animalia
1583 334 1676 364 nobis

197 388 336 419 visibilia
350 389 598 430 cognoverimus,
615 398 744 430 quorum
771 389 905 420 alterum
927 388 1127 426 immortale;
1154 389 1287 419 alterum
1306 399 1388 424 vero,
1411 388 1496 429 quod
1520 393 1676 418 terrenum

197 448 256 478 est,
282 453 374 473 omne
400 444 532 474 mortale
559 443 620 472 sit:
642 442 709 484 jam
735 443 795 473 tria
819 442 859 473 de
885 443 1036 483 quinque,
1062 441 1206 473 medium
1231 442 1341 472 sortita
1371 443 1487 483 locum,
1520 441 1676 483 probabili

196 496 319 527 ratione
333 497 493 528 declarare
506 507 666 527 conemur.
689 497 805 527 aetliera
820 501 894 537 post
908 497 1016 537 ignem
1031 505 1197 537 ponamus,
1221 505 1259 525 ex
1284 505 1346 535 quo
1369 496 1503 525 animam
1528 494 1679 525 animalia

196 549 325 590 gignere
350 551 560 587 arbitremur;
586 560 655 590 quae
681 549 838 591 similiter,
868 555 904 580 ut
920 550 951 579 in
967 549 1078 580 ceteris
1101 548 1272 589 generibus
1286 548 1332 583 fit,
1359 547 1527 588 plurimum
1552 547 1592 577 de
1619 558 1677 578 suo

195 603 344 640 habeant,
373 605 535 635 minimum
559 609 663 634 autem
693 604 814 645 copulae
837 603 939 645 gratia
965 603 1006 633 de
1037 602 1207 644 generibus
1234 602 1368 633 alienis:
1397 606 1468 642 post
1493 602 1608 631 aethera
1637 612 1676 632 ex

195 656 268 689 aere
285 658 418 688 alterum
435 657 617 687 animalium
644 668 764 698 genus;
787 658 914 689 tertium
940 668 980 688 ex
1006 667 1089 697 aqua
1113 656 1261 687 similiter
1293 655 1332 686 ab
1358 656 1464 686 anima
1493 654 1579 696 fingi.
1604 666 1675 696 qua:

195 710 304 741 omnia
316 721 388 741 cum
411 711 515 741 anima
539 710 683 747 finxerit3
705 715 805 741 totum
832 710 1020 740 animalibus
1049 709 1165 740 coelum
1194 709 1350 750 implevit,
1382 708 1539 744 omnibus,
1567 708 1673 749 quoad

194 764 262 795 fien'
290 770 422 805 poterat,
450 764 618 805 generibus
645 774 713 800 usa,
735 774 806 805 quae
831 765 938 795 onmia
966 764 1041 794 vitae
1067 763 1235 805 participia
1265 769 1350 795 sunt.
1373 762 1514 793 secunda
1542 772 1614 792 vero
1643 767 1675 792 et

192 818 297 854 tertia,
314 824 424 859 quarta
449 823 481 849 et
496 819 618 860 quinta,
635 828 655 848 a
675 818 914 849 manifestorum
929 818 1133 859 generatione
1156 817 1296 848 Deorum
1324 816 1525 857 incipientia,
1551 816 1590 847 ad
1617 826 1677 847 nos

195 871 325 904 tandem
340 873 482 903 homines
497 872 706 903 deducuntur.
751 872 838 902 Deos
854 872 948 913 igitur
963 872 1078 903 Jovem
1100 877 1133 902 et
1156 873 1175 904 J
1181 882 1316 902 unonem
1341 876 1527 911 ceterosque
1554 880 1676 906 omnes,

194 925 479 968 quomodocunque
512 927 628 968 aliquis
658 927 744 963 velit,
771 927 895 957 locato:
923 927 1017 957 modo
1042 927 1147 967 legem
1176 927 1308 957 eandem
1335 930 1442 956 servet
1470 930 1565 965 atque
1593 924 1675 955 hanc

193 981 350 1012 rationem
366 982 511 1012 stabilem
523 986 644 1012 teneat.
666 981 809 1011 visibiles
825 982 931 1022 itaque
952 981 1050 1017 Deos,
1068 981 1222 1011 maximos
1234 989 1496 1020 summopereque
1520 979 1677 1009 honoran-

192 1034 250 1065 dos
265 1035 508 1075 acutissimeque
528 1036 666 1076 undique
683 1040 799 1066 cuncta
816 1035 957 1066 videntes
975 1046 1011 1066 ac
1032 1035 1159 1076 primos,
1185 1041 1330 1065 naturam
1355 1042 1517 1069 astrorum,
1545 1038 1576 1063 et
1604 1043 1674 1073 quae

193 1098 266 1119 cum
288 1089 379 1119 astris
406 1089 491 1119 facta
515 1089 680 1125 sentimus,
708 1089 886 1119 fatendum.
909 1089 1064 1130 deinceps
1089 1099 1163 1119 vero
1192 1089 1248 1119 sub
1274 1088 1342 1118 istis
1371 1088 1542 1123 daemones,
1574 1096 1676 1127 genus

192 1142 334 1179 aereum.
349 1143 382 1173 in
397 1143 492 1174 tertia
516 1143 683 1183 mediaque
713 1143 854 1184 regione,
886 1144 939 1184 qui
966 1143 1237 1185 interpretationis
1262 1152 1357 1173 causa
1381 1149 1464 1178 sunt,
1493 1141 1677 1177 collocatos,

191 1197 388 1228 orationibus
402 1198 519 1233 colere,
547 1197 647 1238 gratia
671 1197 844 1228 laudabilis
869 1197 1104 1228 intercessionis
1133 1196 1478 1238 interpretationisque,
1509 1194 1674 1226 debemus.

191 1251 303 1282 horum
319 1251 448 1293 quidem
464 1252 596 1282 duorum
612 1251 794 1282 animalium
817 1252 951 1282 alterum
978 1262 1014 1283 ex
1043 1252 1169 1287 aethere,
1198 1252 1331 1281 alterum
1358 1249 1511 1290 deinceps
1536 1259 1574 1279 ex
1599 1249 1675 1280 ae're

189 1311 252 1337 est.
274 1316 311 1336 ac
327 1310 473 1336 neutrum
489 1306 630 1346 conspici
647 1310 747 1335 totum
763 1311 888 1345 potest:
917 1306 972 1336 sed
988 1306 1130 1346 quamvis
1155 1305 1186 1335 hi
1208 1304 1370 1335 daemones
1393 1314 1492 1345 prope
1517 1313 1573 1333 nos
1600 1302 1675 1339 sint,

189 1368 349 1400 nunquam
377 1365 482 1390 tamen
508 1358 673 1390 manifeste
696 1360 790 1390 nobis
816 1365 981 1400 apparent.
1005 1359 1102 1401 [965]
1127 1359 1303 1401 prudentia:⁴
1330 1357 1482 1389 mirabilis
1501 1357 1674 1398 participes

189 1419 264 1444 sunt
278 1426 285 1444 ε
310 1419 403 1445 acuto
417 1414 535 1455 quippe
550 1413 679 1454 ingenio
696 1414 865 1454 tenacique
882 1414 1033 1444 memoria
1049 1413 1261 1454 cogitationes
1272 1421 1399 1442 nostras
1415 1421 1526 1442 omues
1540 1421 1676 1451 cognos-

190 1475 278 1500 cunt.
304 1469 454 1499 honestos
472 1469 636 1508 bonosque
652 1468 795 1498 homines
813 1468 942 1499 mirifice
959 1467 1109 1509 dilig-unt,
1125 1467 1284 1508 improbos
1301 1467 1502 1496 vehementer
1517 1464 1651 1495 oderunt
1665 1477 1674 1504 ς

186 1519 300 1563 htpote
313 1523 365 1563 qui
382 1521 501 1552 doloris
518 1521 684 1562 participes
701 1526 785 1552 sunt.
808 1522 862 1552 sed
881 1521 983 1557 Deus,
1001 1522 1055 1562 qui
1073 1521 1214 1552 divinam
1230 1526 1346 1551 sortem
1362 1519 1503 1561 perfecte
1519 1518 1673 1560 possidet,

189 1585 209 1606 a
236 1575 394 1607 doloribus
418 1575 700 1616 voluptatibusque
729 1576 819 1611 liber,
850 1569 1006 1616 sapientia
1031 1574 1277 1616 cognitionequc
1302 1575 1427 1616 penitus
1454 1573 1576 1604 fruitur.
1600 1583 1673 1603 cum

191 1634 298 1666 autem
323 1630 471 1660 refertum
500 1629 686 1660 animalibus
713 1630 825 1660 coelum
857 1631 917 1660 sit:
947 1635 980 1660 et
996 1630 1052 1660 Dii
1081 1631 1195 1661 summi
1222 1635 1255 1659 et
1282 1628 1441 1659 daemones
1471 1638 1505 1657 se
1536 1627 1672 1657 invicem

191 1683 448 1724 interpretantur.
473 1683 576 1714 media
603 1684 689 1714 enim
714 1684 862 1715 animalia
892 1690 955 1714 tum
983 1683 1024 1714 ad
1047 1689 1160 1714 terram
1189 1689 1255 1714 tum
1283 1683 1322 1714 ad
1356 1683 1469 1713 coelum
1494 1681 1557 1711 levi
1587 1686 1671 1711 motu

188 1737 342 1768 feruntur.
364 1737 509 1779 quintum
524 1748 610 1775 vero,
627 1738 711 1778 quod
723 1749 760 1768 ex
777 1748 857 1780 aqua
879 1744 936 1775 est,
958 1743 1045 1769 rectc
1062 1738 1233 1768 semideum
1248 1737 1438 1768 vocabimus.
1461 1735 1496 1767 id
1525 1745 1672 1766 nonnun-

187 1801 283 1833 quam
299 1792 448 1828 cernitur.
465 1802 694 1833 nonnunquam
709 1793 852 1834 aspectui
868 1798 976 1823 nostro
998 1803 1032 1823 se
1058 1793 1234 1823 subtrahit:
1265 1798 1297 1822 et
1320 1802 1392 1822 cum
1418 1791 1554 1824 videtur,
1583 1790 1672 1820 tenui

189 1846 257 1876 visu
271 1852 455 1888 perceptum
480 1846 719 1878 admirationem
739 1847 840 1877 affert.
864 1857 935 1881 cum
953 1847 1045 1887 igitur
1072 1847 1210 1887 quinque
1236 1847 1302 1876 lucc
1326 1845 1473 1876 animalia
1496 1844 1570 1879 sint,
1602 1855 1672 1885 qua:

188 1905 245 1930 aut
258 1900 387 1931 somniis
403 1906 456 1931 aut
473 1900 619 1931 vaticinio
636 1900 810 1942 audituque
826 1912 882 1942 per
907 1912 1017 1932 vocem
1042 1912 1190 1932 sanorum
1219 1906 1274 1931 aut
1299 1899 1520 1941 a‘grotantium
1546 1898 1673 1929 niuibus

188 1962 352 1996 percepta,
378 1954 544 1985 autetiam
562 1955 679 1996 inipso
704 1965 721 1985 e
750 1956 814 1986 vita
841 1966 970 1986 excessu
993 1955 1082 1986 nobis
1109 1966 1178 1985 sese
1195 1954 1373 1989 offerentia,
1399 1958 1523 1983 nostros
1549 1952 1671 1983 animos

189 2015 321 2039 movent
336 2020 344 2047 ;
372 2010 454 2039 unde
471 2009 570 2039 multa
587 2009 691 2039 multis
706 2019 794 2039 sacra
808 2014 841 2039 et
856 2010 1000 2050 privatim
1027 2014 1059 2039 et
1072 2009 1199 2050 publice
1225 2010 1272 2038 his
1299 2007 1500 2049 opinionibus
1526 2006 1673 2036 instituta

191 2067 263 2093 sunt
288 2063 554 2103 instituenturque
576 2063 608 2092 iu
636 2068 816 2104 posterum:
845 2064 956 2093 burum
982 2064 1123 2093 omnium
1153 2064 1325 2104 legislator,
1350 2062 1402 2103 qui
1426 2062 1477 2091 vel
1507 2060 1670 2090 minimum

190 2117 304 2147 mentis
334 2116 458 2152 habeat,
477 2127 638 2156 nunquam
664 2116 783 2157 aliquid
810 2117 987 2148 innovabit.
1011 2117 1135 2148 cavebit
1159 2118 1263 2158 enim,u
1281 2127 1321 2147 ne
1353 2116 1393 2146 ad
1423 2126 1537 2145 novum
1570 2116 1672 2145 minus

189 2176 283 2203 certae
298 2171 462 2212 religionis
479 2170 597 2201 cultum
614 2171 774 2201 civitatem
790 2181 879 2201 suam
895 2176 1006 2202 vertat.
1030 2181 1088 2201 nec
1115 2182 1185 2211 qua)
1211 2170 1312 2212 patria
1330 2172 1400 2211 lege
1427 2170 1477 2199 vel
1503 2174 1670 2200 consuctu-

189 2225 265 2256 diue
283 2225 321 2256 de
334 2225 539 2256 sacrificando
563 2225 684 2255 firmata
706 2230 790 2261 sunt,
816 2236 942 2255 movere
970 2225 1109 2256 audebit.
1133 2226 1212 2256 scire
1243 2236 1379 2265 namque
1410 2224 1516 2259 debet,
1550 2223 1674 2254 mortali

189 2284 310 2310 naturae
338 2290 401 2310 non
429 2289 499 2309 esse
527 2279 694 2320 possibile,
725 2280 803 2310 certi
830 2280 996 2320 quicquam
1023 2279 1062 2310 de
1092 2280 1139 2310 his
1172 2290 1375 2320 cognoscere.
1415 2278 1527 2308 cadem
1551 2277 1671 2308 ratione

191 2333 319 2375 pessimi
337 2333 472 2364 habendi
490 2338 565 2364 sunt
579 2333 622 2369 hi,
641 2333 694 2374 qui
714 2333 800 2364 Deos
815 2344 887 2365 vere,
910 2334 1010 2366 oculis
1038 2334 1219 2364 manifestos
1244 2344 1307 2365 non
1332 2332 1516 2374 przedicant,
1544 2336 1578 2362 et
1605 2331 1672 2362 sine

191 2386 352 2418 sacrificiis
365 2386 542 2427 debitisque
560 2387 728 2417 honoribus
744 2388 879 2429 relinqui
896 2398 949 2418 eos
963 2388 1001 2418 ab
1025 2387 1206 2418 hominibus
1230 2387 1401 2429 patiuntur.
1425 2385 1557 2427 perinde
1585 2386 1671 2416 euim

193 2441 325 2476 faciunt,
348 2451 384 2471 ac
402 2440 515 2481 siquis
541 2441 638 2470 solem
671 2441 841 2482 lunamque
869 2442 976 2473 omnia
1006 2443 1138 2472 lustrare
1167 2442 1321 2482 nulloque
1351 2441 1384 2471 in
1413 2441 1532 2471 honore
1563 2439 1672 2470 haberi

195 2494 322 2532 videat;
353 2494 432 2524 nolit
447 2499 552 2524 tamen
568 2504 624 2535 pro
647 2495 731 2525 virili
749 2505 804 2525 sua
821 2501 908 2537 parte
925 2497 1011 2527 clara
1025 2496 1092 2527 baec
1109 2495 1288 2526 hominibus
1303 2495 1446 2530 reddere,
1462 2499 1498 2525 ut
1513 2494 1674 2524 solemnes

195 2549 266 2580 dies
290 2549 336 2579 eis
359 2548 572 2588 sacrificiaque
596 2553 741 2589 agantur,
767 2559 802 2580 ac
819 2555 963 2591 tempora
990 2550 1137 2592 majorum
1165 2549 1382 2589 minorumque
1409 2558 1494 2589 saepe
1521 2557 1671 2578 annorum

194 2609 283 2635 certa.
297 2602 532 2634 distribuantur.
556 2601 653 2644 [986]
679 2613 783 2633 nonne
799 2604 901 2634 malus
916 2609 950 2635 et
964 2604 1025 2635 sibi
1039 2604 1103 2645 ipsi
1118 2608 1150 2634 et
1165 2602 1369 2645 cognoscenti
1384 2602 1510 2643 cuique,
1533 2601 1559 2632 si
1585 2600 1675 2632 dica-

192 2662 256 2694 tur,
284 2657 393 2688 merito
419 2655 482 2687 dici
510 2655 688 2686 videbitur?
737 2657 814 2688 Cm.
836 2657 938 2690 Immo
970 2668 1043 2688 vero
1074 2658 1242 2699 pessimus.
1288 2657 1425 2687 ΛΤΗΕΝ.
1450 2655 1487 2686 Id
1520 2655 1636 2696 ipsum,
1653 2665 1672 2685 ο

197 2710 315 2746 Clinia,
331 2710 413 2742 scias
429 2710 502 2740 milii
518 2720 601 2740 nuuc
614 2710 779 2741 accidisse.
827 2711 903 2744 Cu.
929 2712 1079 2749 Quonam
1089 2717 1182 2753 pacto
1199 2711 1210 2741 ?
1257 2710 1397 2741 Aruns.
1421 2710 1540 2741 Scitote
1556 2714 1627 2740 octo
1640 2709 1672 2739 in

199 2765 281 2797 coelo
305 2775 375 2796 esse
399 2765 539 2800 virtutes,
566 2763 625 2794 sibi
653 2764 787 2796 invicem
805 2775 938 2801 sorores,
955 2776 1032 2806 quas
1048 2776 1109 2807 ego
1124 2765 1250 2807 inspexi
1266 2775 1325 2795 nec
1343 2763 1446 2804 magui
1463 2763 1582 2804 aliquid
1599 2763 1676 2793 feci.

201 2819 302 2851 cuivis
320 2819 404 2850 enim
429 2819 488 2849 hoc
514 2818 606 2849 facile
627 2824 687 2849 est.
712 2819 820 2849 harum
845 2824 908 2850 tres
934 2820 981 2850 hae
1007 2825 1099 2851 sunt:
1125 2819 1200 2850 solis
1214 2828 1289 2855 una,
1303 2819 1387 2849 lunae
1402 2827 1488 2848 unat
1512 2816 1671 2846 stellarum

203 2872 354 2908 omnium,
371 2872 411 2904 de
427 2872 541 2913 quibus
556 2878 629 2904 ante.
645 2872 789 2908 diximus,
806 2883 868 2904 uua
887 2884 892 2902 :
923 2879 1018 2916 atque
1035 2874 1104 2904 uliae
1121 2873 1273 2915 quinque.
1289 2873 1346 2903 lias
1361 2881 1470 2903 omnes
1485 2876 1518 2899 et
1533 2880 1597 2903 ρος,
1617 2870 1672 2909 qui

203 2926 239 2959 in
267 2925 316 2958 his
340 2931 425 2961 sunt,
451 2925 516 2958 sive
533 2927 592 2968 ipsi
609 2928 845 2969 progrediantur
861 2927 928 2959 sive
945 2928 978 2959 in
996 2928 1148 2961 vehiculis
1164 2928 1314 2964 serantur,
1330 2926 1436 2958 nullus·
1452 2924 1493 2955 ita
1511 2924 1622 2954 habore
1641 2934 1671 2954 re

296 2980 385 3012 Ptat.
406 2980 460 3012 Tr.
907 2982 953 3014 11.
1507 2982 1526 3010 3
1551 2977 1587 3008 M
