<?xml version="1.0" encoding="UTF-8"?>
<!DOCTYPE html PUBLIC "-//W3C//DTD XHTML 1.0 Transitional//EN"
    "http://www.w3.org/TR/xhtml1/DTD/xhtml1-transitional.dtd">
<html xmlns="http://www.w3.org/1999/xhtml" xml:lang="en" lang="en">
 <head>
  <title>
</title>
<meta http-equiv="Content-Type" content="text/html;charset=utf-8" />
  <meta name='ocr-system' content='tesseract 3.04.00' />
  <meta name='ocr-capabilities' content='ocr_page ocr_carea ocr_par ocr_line ocrx_word'/>
</head>
<body>
  <div class='ocr_page' id='page_1' title='image "./platonisetquaeve11plat_0497.png"; bbox 0 0 1840 3225; ppageno 0'>
   <div class='ocr_carea' id='block_1_1' title="bbox 191 239 1664 291">
    <p class='ocr_par' dir='ltr' id='par_1_1' title="bbox 191 239 1664 291">
     <span class='ocr_line' id='line_1_1' title="bbox 191 239 1664 291; baseline -0.002 -11"><span class='ocrx_word' id='word_1_1' title='bbox 191 240 293 291; x_wconf 86' lang='lat'>330]</span> <span class='ocrx_word' id='word_1_2' title='bbox 749 239 1012 278; x_wconf 88' lang='lat' dir='ltr'><strong>EPISTOLA</strong></span> <span class='ocrx_word' id='word_1_3' title='bbox 1041 240 1134 278; x_wconf 87' lang='lat' dir='ltr'><strong>Vll.</strong></span> <span class='ocrx_word' id='word_1_4' title='bbox 1588 240 1664 278; x_wconf 80' lang='lat'><strong>481</strong></span> 
     </span>
    </p>
   </div>
   <div class='ocr_carea' id='block_1_2' title="bbox 180 342 1675 2941">
    <p class='ocr_par' dir='ltr' id='par_1_2' title="bbox 180 342 1675 2941">
     <span class='ocr_line' id='line_1_2' title="bbox 189 342 1668 386; baseline -0.001 -12"><span class='ocrx_word' id='word_1_5' title='bbox 189 344 294 375; x_wconf 88' lang='lat' dir='ltr'><strong>omnia</strong></span> <span class='ocrx_word' id='word_1_6' title='bbox 319 344 543 386; x_wconf 85' lang='lat' dir='ltr'><strong>perfecturum.</strong></span> <span class='ocrx_word' id='word_1_7' title='bbox 566 344 770 386; x_wconf 82' lang='lat' dir='ltr'><strong>quamobrem</strong></span> <span class='ocrx_word' id='word_1_8' title='bbox 792 345 852 375; x_wconf 84' lang='lat' dir='ltr'><strong>hac</strong></span> <span class='ocrx_word' id='word_1_9' title='bbox 874 343 1033 374; x_wconf 84' lang='lat' dir='ltr'><strong>sententia</strong></span> <span class='ocrx_word' id='word_1_10' title='bbox 1059 343 1236 384; x_wconf 82' lang='lat' dir='ltr'><strong>fiduciaque</strong></span> <span class='ocrx_word' id='word_1_11' title='bbox 1267 343 1360 373; x_wconf 90' lang='lat' dir='ltr'><strong>domo</strong></span> <span class='ocrx_word' id='word_1_12' title='bbox 1381 342 1486 373; x_wconf 78' lang='lat' dir='ltr'><strong>abivi:</strong></span> <span class='ocrx_word' id='word_1_13' title='bbox 1511 351 1575 372; x_wconf 88' lang='lat' dir='ltr'><strong>non</strong></span> <span class='ocrx_word' id='word_1_14' title='bbox 1605 352 1668 383; x_wconf 84' lang='lat' dir='ltr'><strong>qua</strong></span> 
     </span>
     <span class='ocr_line' id='line_1_3' title="bbox 187 396 1667 441; baseline -0.002 -12"><span class='ocrx_word' id='word_1_15' title='bbox 187 399 397 439; x_wconf 85' lang='lat' dir='ltr'><strong>opinabantur</strong></span> <span class='ocrx_word' id='word_1_16' title='bbox 409 399 546 441; x_wconf 85' lang='lat' dir='ltr'><strong>quidam,</strong></span> <span class='ocrx_word' id='word_1_17' title='bbox 562 399 617 430; x_wconf 89' lang='lat' dir='ltr'><strong>sed</strong></span> <span class='ocrx_word' id='word_1_18' title='bbox 633 398 768 440; x_wconf 84' lang='lat' dir='ltr'><strong>quadam</strong></span> <span class='ocrx_word' id='word_1_19' title='bbox 783 397 923 429; x_wconf 78' lang='lat' dir='ltr'><strong>scientiae</strong></span> <span class='ocrx_word' id='word_1_20' title='bbox 938 397 1134 428; x_wconf 87' lang='lat' dir='ltr'><strong>verecundia</strong></span> <span class='ocrx_word' id='word_1_21' title='bbox 1154 397 1297 438; x_wconf 83' lang='lat' dir='ltr'>inprimis</span> <span class='ocrx_word' id='word_1_22' title='bbox 1309 396 1475 433; x_wconf 85' lang='lat' dir='ltr'><strong>adductus,</strong></span> <span class='ocrx_word' id='word_1_23' title='bbox 1489 406 1528 426; x_wconf 91' lang='lat' dir='ltr'><strong>ne</strong></span> <span class='ocrx_word' id='word_1_24' title='bbox 1540 397 1667 437; x_wconf 84' lang='lat' dir='ltr'><strong>quando</strong></span> 
     </span>
     <span class='ocr_line' id='line_1_4' title="bbox 186 450 1664 495; baseline -0.002 -12"><span class='ocrx_word' id='word_1_25' title='bbox 186 453 263 483; x_wconf 87' lang='lat' dir='ltr'><strong>mihi</strong></span> <span class='ocrx_word' id='word_1_26' title='bbox 278 453 341 495; x_wconf 86' lang='lat' dir='ltr'><strong>ipsi</strong></span> <span class='ocrx_word' id='word_1_27' title='bbox 357 454 479 485; x_wconf 85' lang='lat' dir='ltr'><strong>viderer</strong></span> <span class='ocrx_word' id='word_1_28' title='bbox 492 454 586 485; x_wconf 85' lang='lat' dir='ltr'><strong>verba</strong></span> <span class='ocrx_word' id='word_1_29' title='bbox 600 454 700 484; x_wconf 86' lang='lat' dir='ltr'><strong>solum</strong></span> <span class='ocrx_word' id='word_1_30' title='bbox 717 452 844 490; x_wconf 83' lang='lat' dir='ltr'><strong>habere,</strong></span> <span class='ocrx_word' id='word_1_31' title='bbox 857 452 1008 483; x_wconf 84' lang='lat' dir='ltr'><strong>effectum</strong></span> <span class='ocrx_word' id='word_1_32' title='bbox 1022 462 1097 482; x_wconf 81' lang='lat' dir='ltr'><strong>vero</strong></span> <span class='ocrx_word' id='word_1_33' title='bbox 1113 450 1311 492; x_wconf 89' lang='lat' dir='ltr'><strong>officiumque</strong></span> <span class='ocrx_word' id='word_1_34' title='bbox 1331 451 1453 481; x_wconf 92' lang='lat' dir='ltr'><strong>nullum</strong></span> <span class='ocrx_word' id='word_1_35' title='bbox 1464 455 1577 491; x_wconf 84' lang='lat' dir='ltr'><strong>sponte</strong></span> <span class='ocrx_word' id='word_1_36' title='bbox 1586 460 1664 491; x_wconf 86' lang='lat' dir='ltr'><strong>prae-</strong></span> 
     </span>
     <span class='ocr_line' id='line_1_5' title="bbox 186 504 1666 550; baseline -0.001 -13"><span class='ocrx_word' id='word_1_37' title='bbox 186 511 283 545; x_wconf 83' lang='lat' dir='ltr'><strong>stare,</strong></span> <span class='ocrx_word' id='word_1_38' title='bbox 299 508 495 550; x_wconf 81' lang='lat' dir='ltr'><strong>prodereque</strong></span> <span class='ocrx_word' id='word_1_39' title='bbox 519 508 658 549; x_wconf 88' lang='lat' dir='ltr'><strong>primum</strong></span> <span class='ocrx_word' id='word_1_40' title='bbox 671 507 784 538; x_wconf 88' lang='lat' dir='ltr'><strong>Dionis</strong></span> <span class='ocrx_word' id='word_1_41' title='bbox 800 506 1051 547; x_wconf 61' lang='lat' dir='ltr'>hospitalitatem</span> <span class='ocrx_word' id='word_1_42' title='bbox 1066 506 1314 546; x_wconf 74' lang='lat' dir='ltr'><strong>amicitiamque,</strong></span> <span class='ocrx_word' id='word_1_43' title='bbox 1328 515 1392 535; x_wconf 89' lang='lat' dir='ltr'><strong>non</strong></span> <span class='ocrx_word' id='word_1_44' title='bbox 1405 505 1510 546; x_wconf 80' lang='lat' dir='ltr'><strong>parvis</strong></span> <span class='ocrx_word' id='word_1_45' title='bbox 1529 504 1666 545; x_wconf 81' lang='lat' dir='ltr'><strong>subjecti</strong></span> 
     </span>
     <span class='ocr_line' id='line_1_6' title="bbox 184 559 1666 604; baseline -0.001 -13"><span class='ocrx_word' id='word_1_46' title='bbox 184 561 346 602; x_wconf 80' lang='lat' dir='ltr'><strong>periculis.</strong></span> <span class='ocrx_word' id='word_1_47' title='bbox 359 563 410 593; x_wconf 90' lang='lat' dir='ltr'><strong>cui</strong></span> <span class='ocrx_word' id='word_1_48' title='bbox 425 563 451 593; x_wconf 89' lang='lat' dir='ltr'><strong>si</strong></span> <span class='ocrx_word' id='word_1_49' title='bbox 465 563 540 604; x_wconf 82' lang='lat' dir='ltr'><strong>quid</strong></span> <span class='ocrx_word' id='word_1_50' title='bbox 555 562 678 593; x_wconf 71' lang='lat' dir='ltr'><strong>adversi</strong></span> <span class='ocrx_word' id='word_1_51' title='bbox 693 562 861 597; x_wconf 85' lang='lat' dir='ltr'><strong>accideret,</strong></span> <span class='ocrx_word' id='word_1_52' title='bbox 877 561 927 592; x_wconf 81' lang='lat' dir='ltr'><strong>vel</strong></span> <span class='ocrx_word' id='word_1_53' title='bbox 943 561 1112 602; x_wconf 81' lang='lat' dir='ltr'>pelleretur</span> <span class='ocrx_word' id='word_1_54' title='bbox 1125 571 1143 591; x_wconf 90' lang='lat' dir='ltr'><strong>a</strong></span> <span class='ocrx_word' id='word_1_55' title='bbox 1154 560 1308 602; x_wconf 73' lang='lat' dir='ltr'><strong>Dionysio</strong></span> <span class='ocrx_word' id='word_1_56' title='bbox 1323 560 1502 599; x_wconf 71' lang='lat' dir='ltr'><strong>ceterisque</strong></span> <span class='ocrx_word' id='word_1_57' title='bbox 1518 559 1666 596; x_wconf 83' lang='lat' dir='ltr'><strong>inimicis,</strong></span> 
     </span>
     <span class='ocr_line' id='line_1_7' title="bbox 185 613 1665 658; baseline -0.002 -12"><span class='ocrx_word' id='word_1_58' title='bbox 185 620 279 656; x_wconf 88' lang='lat' dir='ltr'><strong>atque</strong></span> <span class='ocrx_word' id='word_1_59' title='bbox 293 617 443 658; x_wconf 80' lang='lat' dir='ltr'><strong>profugus</strong></span> <span class='ocrx_word' id='word_1_60' title='bbox 459 618 498 647; x_wconf 89' lang='lat' dir='ltr'><strong>ad</strong></span> <span class='ocrx_word' id='word_1_61' title='bbox 516 617 631 648; x_wconf 76' lang='lat' dir='ltr'><strong>uosliis</strong></span> <span class='ocrx_word' id='word_1_62' title='bbox 642 616 743 647; x_wconf 82' lang='lat' dir='ltr'><strong>verbis</strong></span> <span class='ocrx_word' id='word_1_63' title='bbox 754 615 958 656; x_wconf 78' lang='lat' dir='ltr'><strong>confugeret:</strong></span> <span class='ocrx_word' id='word_1_64' title='bbox 985 615 1014 646; x_wconf 93' lang='lat' dir='ltr'>O</span> <span class='ocrx_word' id='word_1_65' title='bbox 1041 615 1146 652; x_wconf 86' lang='lat' dir='ltr'><strong>Plato,</strong></span> <span class='ocrx_word' id='word_1_66' title='bbox 1171 615 1263 645; x_wconf 83' lang='lat' dir='ltr'><strong>venio</strong></span> <span class='ocrx_word' id='word_1_67' title='bbox 1291 614 1330 644; x_wconf 86' lang='lat' dir='ltr'><strong>ad</strong></span> <span class='ocrx_word' id='word_1_68' title='bbox 1359 619 1390 644; x_wconf 84' lang='lat' dir='ltr'><strong>te</strong></span> <span class='ocrx_word' id='word_1_69' title='bbox 1410 613 1514 654; x_wconf 84' lang='lat' dir='ltr'><strong>patria</strong></span> <span class='ocrx_word' id='word_1_70' title='bbox 1542 614 1665 654; x_wconf 85' lang='lat' dir='ltr'><strong>pulsus,</strong></span> 
     </span>
     <span class='ocr_line' id='line_1_8' title="bbox 183 667 1666 711; baseline -0.003 -11"><span class='ocrx_word' id='word_1_71' title='bbox 183 680 256 701; x_wconf 90' lang='lat' dir='ltr'><strong>cum</strong></span> <span class='ocrx_word' id='word_1_72' title='bbox 269 680 372 711; x_wconf 87' lang='lat' dir='ltr'><strong>neque</strong></span> <span class='ocrx_word' id='word_1_73' title='bbox 387 670 539 701; x_wconf 80' lang='lat' dir='ltr'><strong>militibus</strong></span> <span class='ocrx_word' id='word_1_74' title='bbox 555 681 658 710; x_wconf 88' lang='lat' dir='ltr'><strong>neque</strong></span> <span class='ocrx_word' id='word_1_75' title='bbox 675 669 835 709; x_wconf 89' lang='lat' dir='ltr'><strong>equitibus</strong></span> <span class='ocrx_word' id='word_1_76' title='bbox 853 680 1002 705; x_wconf 82' lang='lat' dir='ltr'><strong>carerem,</strong></span> <span class='ocrx_word' id='word_1_77' title='bbox 1019 679 1154 710; x_wconf 89' lang='lat' dir='ltr'><strong>quorum</strong></span> <span class='ocrx_word' id='word_1_78' title='bbox 1174 669 1293 700; x_wconf 86' lang='lat' dir='ltr'><strong>viribus</strong></span> <span class='ocrx_word' id='word_1_79' title='bbox 1312 668 1491 699; x_wconf 72' lang='lat' dir='ltr'><strong>resisterem</strong></span> <span class='ocrx_word' id='word_1_80' title='bbox 1506 667 1642 697; x_wconf 83' lang='lat' dir='ltr'><strong>inimicis</strong></span> <span class='ocrx_word' id='word_1_81' title='bbox 1658 678 1666 704; x_wconf 85' lang='lat'>;</span> 
     </span>
     <span class='ocr_line' id='line_1_9' title="bbox 181 721 1666 765; baseline -0.002 -11"><span class='ocrx_word' id='word_1_82' title='bbox 181 724 238 755; x_wconf 89' lang='lat' dir='ltr'><strong>sed</strong></span> <span class='ocrx_word' id='word_1_83' title='bbox 253 723 355 755; x_wconf 90' lang='lat' dir='ltr'><strong>verbis</strong></span> <span class='ocrx_word' id='word_1_84' title='bbox 369 723 639 765; x_wconf 83' lang='lat' dir='ltr'><strong>persuasioneque</strong></span> <span class='ocrx_word' id='word_1_85' title='bbox 655 722 845 764; x_wconf 81' lang='lat' dir='ltr'><strong>indigerem,</strong></span> <span class='ocrx_word' id='word_1_86' title='bbox 872 734 935 763; x_wconf 87' lang='lat' dir='ltr'><strong>qua</strong></span> <span class='ocrx_word' id='word_1_87' title='bbox 958 723 1094 754; x_wconf 81' lang='lat' dir='ltr'><strong>maxime</strong></span> <span class='ocrx_word' id='word_1_88' title='bbox 1119 723 1259 754; x_wconf 85' lang='lat' dir='ltr'><strong>sciebam</strong></span> <span class='ocrx_word' id='word_1_89' title='bbox 1287 727 1319 753; x_wconf 88' lang='lat' dir='ltr'><strong>te</strong></span> <span class='ocrx_word' id='word_1_90' title='bbox 1344 732 1439 763; x_wconf 85' lang='lat' dir='ltr'><strong>posse</strong></span> <span class='ocrx_word' id='word_1_91' title='bbox 1458 722 1594 763; x_wconf 86' lang='lat' dir='ltr'><strong>juvenes</strong></span> <span class='ocrx_word' id='word_1_92' title='bbox 1626 721 1666 751; x_wconf 87' lang='lat' dir='ltr'><strong>ad</strong></span> 
     </span>
     <span class='ocr_line' id='line_1_10' title="bbox 180 774 1664 820; baseline -0.001 -12"><span class='ocrx_word' id='word_1_93' title='bbox 180 778 372 819; x_wconf 86' lang='lat' dir='ltr'><strong>probitatem</strong></span> <span class='ocrx_word' id='word_1_94' title='bbox 390 777 610 820; x_wconf 85' lang='lat' dir='ltr'><strong>justitiamque</strong></span> <span class='ocrx_word' id='word_1_95' title='bbox 638 776 834 808; x_wconf 85' lang='lat' dir='ltr'><strong>exhortando</strong></span> <span class='ocrx_word' id='word_1_96' title='bbox 864 777 896 807; x_wconf 89' lang='lat' dir='ltr'><strong>in</strong></span> <span class='ocrx_word' id='word_1_97' title='bbox 928 777 1099 808; x_wconf 70' lang='lat' dir='ltr'><strong>amicitiam</strong></span> <span class='ocrx_word' id='word_1_98' title='bbox 1128 775 1462 817; x_wconf 79' lang='lat' dir='ltr'><strong>necessitudinemque</strong></span> <span class='ocrx_word' id='word_1_99' title='bbox 1491 774 1664 807; x_wconf 85' lang='lat' dir='ltr'><strong>devincire.</strong></span> 
     </span>
     <span class='ocr_line' id='line_1_11' title="bbox 180 829 1666 873; baseline -0.002 -10"><span class='ocrx_word' id='word_1_100' title='bbox 180 842 310 873; x_wconf 85' lang='lat' dir='ltr'><strong>quarum</strong></span> <span class='ocrx_word' id='word_1_101' title='bbox 329 832 457 863; x_wconf 85' lang='lat' dir='ltr'><strong>defectu</strong></span> <span class='ocrx_word' id='word_1_102' title='bbox 486 842 592 863; x_wconf 86' lang='lat' dir='ltr'><strong>rerum</strong></span> <span class='ocrx_word' id='word_1_103' title='bbox 613 831 707 862; x_wconf 82' lang='lat' dir='ltr'><strong>modo</strong></span> <span class='ocrx_word' id='word_1_104' title='bbox 738 841 795 872; x_wconf 87' lang='lat' dir='ltr'><strong>per</strong></span> <span class='ocrx_word' id='word_1_105' title='bbox 819 836 849 862; x_wconf 92' lang='lat' dir='ltr'><strong>te</strong></span> <span class='ocrx_word' id='word_1_106' title='bbox 873 831 993 862; x_wconf 84' lang='lat' dir='ltr'><strong>factum</strong></span> <span class='ocrx_word' id='word_1_107' title='bbox 1016 836 1076 867; x_wconf 84' lang='lat' dir='ltr'><strong>est,</strong></span> <span class='ocrx_word' id='word_1_108' title='bbox 1103 835 1139 861; x_wconf 86' lang='lat' dir='ltr'><strong>ut</strong></span> <span class='ocrx_word' id='word_1_109' title='bbox 1163 841 1223 872; x_wconf 82' lang='lat' dir='ltr'><strong>ego</strong></span> <span class='ocrx_word' id='word_1_110' title='bbox 1241 830 1402 872; x_wconf 86' lang='lat' dir='ltr'><strong>Syracusis</strong></span> <span class='ocrx_word' id='word_1_111' title='bbox 1429 829 1580 870; x_wconf 90' lang='lat' dir='ltr'><strong>expulsus</strong></span> <span class='ocrx_word' id='word_1_112' title='bbox 1604 829 1666 860; x_wconf 87' lang='lat' dir='ltr'><strong>huc</strong></span> 
     </span>
     <span class='ocr_line' id='line_1_12' title="bbox 180 883 1667 929; baseline -0.004 -11"><span class='ocrx_word' id='word_1_113' title='bbox 180 886 377 918; x_wconf 83' lang='lat' dir='ltr'><strong>accesserim.</strong></span> <span class='ocrx_word' id='word_1_114' title='bbox 399 891 433 918; x_wconf 91' lang='lat' dir='ltr'><strong>et</strong></span> <span class='ocrx_word' id='word_1_115' title='bbox 447 897 517 918; x_wconf 87' lang='lat' dir='ltr'><strong>mea</strong></span> <span class='ocrx_word' id='word_1_116' title='bbox 532 886 662 929; x_wconf 89' lang='lat' dir='ltr'><strong>quidem</strong></span> <span class='ocrx_word' id='word_1_117' title='bbox 677 886 802 916; x_wconf 79' lang='lat' dir='ltr'><strong>fortuna</strong></span> <span class='ocrx_word' id='word_1_118' title='bbox 827 886 883 916; x_wconf 86' lang='lat' dir='ltr'><strong>abs</strong></span> <span class='ocrx_word' id='word_1_119' title='bbox 911 890 941 917; x_wconf 91' lang='lat' dir='ltr'><strong>te</strong></span> <span class='ocrx_word' id='word_1_120' title='bbox 956 885 1085 916; x_wconf 83' lang='lat' dir='ltr'><strong>deserta</strong></span> <span class='ocrx_word' id='word_1_121' title='bbox 1109 885 1214 916; x_wconf 83' lang='lat' dir='ltr'><strong>minus</strong></span> <span class='ocrx_word' id='word_1_122' title='bbox 1228 885 1287 915; x_wconf 89' lang='lat' dir='ltr'><strong>tibi</strong></span> <span class='ocrx_word' id='word_1_123' title='bbox 1301 883 1543 925; x_wconf 70' lang='lat' dir='ltr'><strong>vituperationis</strong></span> <span class='ocrx_word' id='word_1_124' title='bbox 1556 883 1667 914; x_wconf 87' lang='lat' dir='ltr'><strong>affert:</strong></span> 
     </span>
     <span class='ocr_line' id='line_1_13' title="bbox 181 939 1667 983; baseline -0.002 -11"><span class='ocrx_word' id='word_1_125' title='bbox 181 946 215 972; x_wconf 88' lang='lat' dir='ltr'><strong>at</strong></span> <span class='ocrx_word' id='word_1_126' title='bbox 230 950 304 972; x_wconf 86' lang='lat' dir='ltr'><strong>vero</strong></span> <span class='ocrx_word' id='word_1_127' title='bbox 320 941 389 983; x_wconf 86' lang='lat' dir='ltr'><strong>ipsa</strong></span> <span class='ocrx_word' id='word_1_128' title='bbox 411 942 622 983; x_wconf 84' lang='lat' dir='ltr'><strong>philosophia,</strong></span> <span class='ocrx_word' id='word_1_129' title='bbox 649 951 740 983; x_wconf 87' lang='lat' dir='ltr'><strong>quam</strong></span> <span class='ocrx_word' id='word_1_130' title='bbox 758 951 884 981; x_wconf 80' lang='lat' dir='ltr'><strong>semper</strong></span> <span class='ocrx_word' id='word_1_131' title='bbox 898 939 1020 975; x_wconf 83' lang='lat' dir='ltr'><strong>laudas,</strong></span> <span class='ocrx_word' id='word_1_132' title='bbox 1038 950 1171 981; x_wconf 82' lang='lat' dir='ltr'><strong>quamve</strong></span> <span class='ocrx_word' id='word_1_133' title='bbox 1197 939 1285 980; x_wconf 85' lang='lat' dir='ltr'><strong>apud</strong></span> <span class='ocrx_word' id='word_1_134' title='bbox 1310 939 1391 969; x_wconf 85' lang='lat' dir='ltr'><strong>alios</strong></span> <span class='ocrx_word' id='word_1_135' title='bbox 1415 948 1521 969; x_wconf 88' lang='lat' dir='ltr'><strong>carere</strong></span> <span class='ocrx_word' id='word_1_136' title='bbox 1546 939 1667 969; x_wconf 88' lang='lat' dir='ltr'><strong>honore</strong></span> 
     </span>
     <span class='ocr_line' id='line_1_14' title="bbox 182 993 1666 1037; baseline -0.001 -11"><span class='ocrx_word' id='word_1_137' title='bbox 182 996 393 1037; x_wconf 86' lang='lat' dir='ltr'><strong>conquereris,</strong></span> <span class='ocrx_word' id='word_1_138' title='bbox 407 993 515 1026; x_wconf 83' lang='lat' dir='ltr'><strong>nonne</strong></span> <span class='ocrx_word' id='word_1_139' title='bbox 543 997 599 1026; x_wconf 90' lang='lat' dir='ltr'><strong>abs</strong></span> <span class='ocrx_word' id='word_1_140' title='bbox 613 1001 644 1027; x_wconf 89' lang='lat' dir='ltr'><strong>te</strong></span> <span class='ocrx_word' id='word_1_141' title='bbox 656 1006 742 1026; x_wconf 89' lang='lat' dir='ltr'><strong>nunc</strong></span> <span class='ocrx_word' id='word_1_142' title='bbox 764 1006 828 1026; x_wconf 74' lang='lat' dir='ltr'><strong>una</strong></span> <span class='ocrx_word' id='word_1_143' title='bbox 848 1005 969 1026; x_wconf 88' lang='lat' dir='ltr'><strong>mecum</strong></span> <span class='ocrx_word' id='word_1_144' title='bbox 987 994 1113 1035; x_wconf 86' lang='lat' dir='ltr'><strong>prodita</strong></span> <span class='ocrx_word' id='word_1_145' title='bbox 1137 994 1209 1025; x_wconf 87' lang='lat' dir='ltr'><strong>est?</strong></span> <span class='ocrx_word' id='word_1_146' title='bbox 1236 993 1334 1035; x_wconf 82' lang='lat'>[329]</span> <span class='ocrx_word' id='word_1_147' title='bbox 1359 994 1444 1034; x_wconf 89' lang='lat' dir='ltr'><strong>quod</strong></span> <span class='ocrx_word' id='word_1_148' title='bbox 1470 995 1496 1024; x_wconf 90' lang='lat' dir='ltr'><strong>si</strong></span> <span class='ocrx_word' id='word_1_149' title='bbox 1523 994 1666 1035; x_wconf 82' lang='lat' dir='ltr'><strong>Megaris</strong></span> 
     </span>
     <span class='ocr_line' id='line_1_15' title="bbox 182 1048 1665 1091; baseline -0.001 -11"><span class='ocrx_word' id='word_1_150' title='bbox 182 1050 328 1090; x_wconf 80' lang='lat' dir='ltr'><strong>fuissem,</strong></span> <span class='ocrx_word' id='word_1_151' title='bbox 356 1050 498 1081; x_wconf 81' lang='lat' dir='ltr'><strong>venisses</strong></span> <span class='ocrx_word' id='word_1_152' title='bbox 521 1050 631 1091; x_wconf 89' lang='lat' dir='ltr'><strong>utique</strong></span> <span class='ocrx_word' id='word_1_153' title='bbox 652 1050 730 1080; x_wconf 88' lang='lat' dir='ltr'><strong>mihi</strong></span> <span class='ocrx_word' id='word_1_154' title='bbox 761 1049 898 1091; x_wconf 88' lang='lat' dir='ltr'><strong>adjutor,</strong></span> <span class='ocrx_word' id='word_1_155' title='bbox 929 1059 1001 1080; x_wconf 92' lang='lat' dir='ltr'><strong>cum</strong></span> <span class='ocrx_word' id='word_1_156' title='bbox 1025 1054 1058 1079; x_wconf 87' lang='lat' dir='ltr'><strong>te</strong></span> <span class='ocrx_word' id='word_1_157' title='bbox 1082 1058 1270 1079; x_wconf 81' lang='lat' dir='ltr'><strong>vocassem:</strong></span> <span class='ocrx_word' id='word_1_158' title='bbox 1296 1049 1437 1089; x_wconf 86' lang='lat' dir='ltr'><strong>alioquin</strong></span> <span class='ocrx_word' id='word_1_159' title='bbox 1467 1053 1498 1078; x_wconf 88' lang='lat' dir='ltr'><strong>te</strong></span> <span class='ocrx_word' id='word_1_160' title='bbox 1525 1048 1665 1079; x_wconf 87' lang='lat' dir='ltr'><strong>omnium</strong></span> 
     </span>
     <span class='ocr_line' id='line_1_16' title="bbox 181 1102 1665 1146; baseline -0.001 -11"><span class='ocrx_word' id='word_1_161' title='bbox 181 1104 422 1145; x_wconf 85' lang='lat' dir='ltr'><strong>ignavissimum</strong></span> <span class='ocrx_word' id='word_1_162' title='bbox 446 1104 664 1146; x_wconf 71' lang='lat' dir='ltr'><strong>judicavisses.</strong></span> <span class='ocrx_word' id='word_1_163' title='bbox 687 1115 773 1135; x_wconf 90' lang='lat' dir='ltr'><strong>nunc</strong></span> <span class='ocrx_word' id='word_1_164' title='bbox 803 1108 912 1135; x_wconf 88' lang='lat' dir='ltr'><strong>autem</strong></span> <span class='ocrx_word' id='word_1_165' title='bbox 942 1104 981 1134; x_wconf 93' lang='lat' dir='ltr'><strong>ob</strong></span> <span class='ocrx_word' id='word_1_166' title='bbox 1004 1103 1129 1134; x_wconf 85' lang='lat' dir='ltr'><strong>itineris</strong></span> <span class='ocrx_word' id='word_1_167' title='bbox 1159 1103 1396 1144; x_wconf 83' lang='lat' dir='ltr'><strong>longitudinem</strong></span> <span class='ocrx_word' id='word_1_168' title='bbox 1424 1102 1665 1144; x_wconf 88' lang='lat' dir='ltr'><strong>periculumque</strong></span> 
     </span>
     <span class='ocr_line' id='line_1_17' title="bbox 184 1157 1667 1201; baseline -0.001 -13"><span class='ocrx_word' id='word_1_169' title='bbox 184 1159 396 1200; x_wconf 84' lang='lat' dir='ltr'><strong>navigationis</strong></span> <span class='ocrx_word' id='word_1_170' title='bbox 421 1164 515 1201; x_wconf 84' lang='lat' dir='ltr'><strong>atque</strong></span> <span class='ocrx_word' id='word_1_171' title='bbox 540 1160 666 1190; x_wconf 86' lang='lat' dir='ltr'><strong>labores</strong></span> <span class='ocrx_word' id='word_1_172' title='bbox 693 1164 723 1190; x_wconf 91' lang='lat' dir='ltr'><strong>te</strong></span> <span class='ocrx_word' id='word_1_173' title='bbox 749 1168 912 1194; x_wconf 72' lang='lat' dir='ltr'><strong>excusam,</strong></span> <span class='ocrx_word' id='word_1_174' title='bbox 939 1157 1100 1189; x_wconf 83' lang='lat' dir='ltr'><strong>infamiam</strong></span> <span class='ocrx_word' id='word_1_175' title='bbox 1124 1157 1243 1188; x_wconf 83' lang='lat' dir='ltr'><strong>evitare</strong></span> <span class='ocrx_word' id='word_1_176' title='bbox 1271 1162 1301 1188; x_wconf 83' lang='lat' dir='ltr'><strong>te</strong></span> <span class='ocrx_word' id='word_1_177' title='bbox 1331 1157 1450 1199; x_wconf 85' lang='lat' dir='ltr'><strong>putas?</strong></span> <span class='ocrx_word' id='word_1_178' title='bbox 1473 1157 1667 1198; x_wconf 89' lang='lat' dir='ltr'><strong>permultum</strong></span> 
     </span>
     <span class='ocr_line' id='line_1_18' title="bbox 184 1211 1664 1255; baseline -0.001 -12"><span class='ocrx_word' id='word_1_179' title='bbox 184 1218 270 1244; x_wconf 87' lang='lat' dir='ltr'><strong>certe</strong></span> <span class='ocrx_word' id='word_1_180' title='bbox 287 1213 397 1244; x_wconf 86' lang='lat' dir='ltr'><strong>aberit.</strong></span> <span class='ocrx_word' id='word_1_181' title='bbox 419 1214 457 1250; x_wconf 90' lang='lat' dir='ltr'><strong>si,</strong></span> <span class='ocrx_word' id='word_1_182' title='bbox 475 1214 613 1255; x_wconf 86' lang='lat' dir='ltr'><strong>inquam,</strong></span> <span class='ocrx_word' id='word_1_183' title='bbox 629 1214 698 1245; x_wconf 86' lang='lat' dir='ltr'><strong>haec</strong></span> <span class='ocrx_word' id='word_1_184' title='bbox 716 1214 769 1244; x_wconf 91' lang='lat' dir='ltr'><strong>ille</strong></span> <span class='ocrx_word' id='word_1_185' title='bbox 786 1214 917 1249; x_wconf 86' lang='lat' dir='ltr'><strong>diceret,</strong></span> <span class='ocrx_word' id='word_1_186' title='bbox 936 1223 1081 1254; x_wconf 83' lang='lat' dir='ltr'><strong>quaenam</strong></span> <span class='ocrx_word' id='word_1_187' title='bbox 1097 1211 1173 1242; x_wconf 80' lang='lat' dir='ltr'><strong>milii</strong></span> <span class='ocrx_word' id='word_1_188' title='bbox 1189 1217 1275 1242; x_wconf 87' lang='lat' dir='ltr'><strong>esset</strong></span> <span class='ocrx_word' id='word_1_189' title='bbox 1288 1211 1460 1253; x_wconf 87' lang='lat' dir='ltr'><strong>probabilis</strong></span> <span class='ocrx_word' id='word_1_190' title='bbox 1474 1212 1637 1253; x_wconf 81' lang='lat' dir='ltr'><strong>responsio</strong></span> <span class='ocrx_word' id='word_1_191' title='bbox 1654 1217 1664 1247; x_wconf 69' lang='grc' dir='ltr'>ξ</span> 
     </span>
     <span class='ocr_line' id='line_1_19' title="bbox 182 1265 1665 1309; baseline -0.001 -11"><span class='ocrx_word' id='word_1_192' title='bbox 182 1272 269 1299; x_wconf 80' lang='lat' dir='ltr'><strong>certe</strong></span> <span class='ocrx_word' id='word_1_193' title='bbox 280 1268 379 1299; x_wconf 89' lang='lat' dir='ltr'><strong>nulla.</strong></span> <span class='ocrx_word' id='word_1_194' title='bbox 403 1279 482 1309; x_wconf 86' lang='lat' dir='ltr'><strong>quas</strong></span> <span class='ocrx_word' id='word_1_195' title='bbox 496 1269 536 1299; x_wconf 90' lang='lat' dir='ltr'><strong>ob</strong></span> <span class='ocrx_word' id='word_1_196' title='bbox 551 1279 613 1305; x_wconf 86' lang='lat' dir='ltr'><strong>res,</strong></span> <span class='ocrx_word' id='word_1_197' title='bbox 628 1268 815 1304; x_wconf 86' lang='lat' dir='ltr'><strong>rationibus,</strong></span> <span class='ocrx_word' id='word_1_198' title='bbox 832 1267 938 1309; x_wconf 87' lang='lat' dir='ltr'><strong>quoad</strong></span> <span class='ocrx_word' id='word_1_199' title='bbox 953 1267 1022 1298; x_wconf 89' lang='lat' dir='ltr'><strong>fieri</strong></span> <span class='ocrx_word' id='word_1_200' title='bbox 1037 1271 1151 1309; x_wconf 86' lang='lat' dir='ltr'><strong>potest,</strong></span> <span class='ocrx_word' id='word_1_201' title='bbox 1166 1266 1384 1308; x_wconf 83' lang='lat' dir='ltr'><strong>probabilibus</strong></span> <span class='ocrx_word' id='word_1_202' title='bbox 1396 1270 1491 1307; x_wconf 86' lang='lat' dir='ltr'><strong>atque</strong></span> <span class='ocrx_word' id='word_1_203' title='bbox 1507 1266 1579 1307; x_wconf 83' lang='lat' dir='ltr'><strong>ipso</strong></span> <span class='ocrx_word' id='word_1_204' title='bbox 1590 1265 1665 1307; x_wconf 85' lang='lat' dir='ltr'><strong>jure</strong></span> 
     </span>
     <span class='ocr_line' id='line_1_20' title="bbox 186 1320 1666 1365; baseline -0.001 -13"><span class='ocrx_word' id='word_1_205' title='bbox 186 1323 342 1354; x_wconf 89' lang='lat' dir='ltr'><strong>adductus</strong></span> <span class='ocrx_word' id='word_1_206' title='bbox 358 1323 489 1359; x_wconf 75' lang='lat' dir='ltr'><strong>accessi,</strong></span> <span class='ocrx_word' id='word_1_207' title='bbox 503 1324 692 1365; x_wconf 85' lang='lat' dir='ltr'><strong>relinquens</strong></span> <span class='ocrx_word' id='word_1_208' title='bbox 703 1322 953 1354; x_wconf 74' lang='lat' dir='ltr'><strong>consuetudines</strong></span> <span class='ocrx_word' id='word_1_209' title='bbox 968 1332 1054 1353; x_wconf 86' lang='lat' dir='ltr'><strong>meas</strong></span> <span class='ocrx_word' id='word_1_210' title='bbox 1071 1322 1148 1352; x_wconf 84' lang='lat' dir='ltr'><strong>satis</strong></span> <span class='ocrx_word' id='word_1_211' title='bbox 1164 1320 1291 1362; x_wconf 90' lang='lat' dir='ltr'><strong>quidem</strong></span> <span class='ocrx_word' id='word_1_212' title='bbox 1309 1322 1468 1357; x_wconf 74' lang='lat' dir='ltr'><strong>honestas,</strong></span> <span class='ocrx_word' id='word_1_213' title='bbox 1486 1321 1546 1351; x_wconf 90' lang='lat' dir='ltr'><strong>sub</strong></span> <span class='ocrx_word' id='word_1_214' title='bbox 1557 1327 1666 1363; x_wconf 85' lang='lat' dir='ltr'><strong>tyran-</strong></span> 
     </span>
     <span class='ocr_line' id='line_1_21' title="bbox 184 1375 1665 1419; baseline 0 -13"><span class='ocrx_word' id='word_1_215' title='bbox 184 1376 304 1413; x_wconf 87' lang='lat' dir='ltr'><strong>nidem,</strong></span> <span class='ocrx_word' id='word_1_216' title='bbox 324 1387 428 1419; x_wconf 88' lang='lat' dir='ltr'><strong>neque</strong></span> <span class='ocrx_word' id='word_1_217' title='bbox 441 1378 521 1408; x_wconf 89' lang='lat' dir='ltr'><strong>meis</strong></span> <span class='ocrx_word' id='word_1_218' title='bbox 534 1379 728 1409; x_wconf 83' lang='lat' dir='ltr'><strong>sermonibus</strong></span> <span class='ocrx_word' id='word_1_219' title='bbox 742 1389 845 1419; x_wconf 88' lang='lat' dir='ltr'><strong>neque</strong></span> <span class='ocrx_word' id='word_1_220' title='bbox 857 1378 935 1408; x_wconf 90' lang='lat' dir='ltr'><strong>mihi</strong></span> <span class='ocrx_word' id='word_1_221' title='bbox 952 1377 1206 1408; x_wconf 78' lang='lat' dir='ltr'><strong>convenientem.</strong></span> <span class='ocrx_word' id='word_1_222' title='bbox 1230 1375 1360 1406; x_wconf 84' lang='lat' dir='ltr'><strong>veniens</strong></span> <span class='ocrx_word' id='word_1_223' title='bbox 1384 1381 1487 1406; x_wconf 86' lang='lat' dir='ltr'><strong>autem</strong></span> <span class='ocrx_word' id='word_1_224' title='bbox 1515 1386 1567 1405; x_wconf 90' lang='lat' dir='ltr'><strong>me</strong></span> <span class='ocrx_word' id='word_1_225' title='bbox 1583 1375 1665 1406; x_wconf 86' lang='lat' dir='ltr'><strong>libe-</strong></span> 
     </span>
     <span class='ocr_line' id='line_1_22' title="bbox 184 1431 1661 1474; baseline 0 -14"><span class='ocrx_word' id='word_1_226' title='bbox 184 1431 264 1467; x_wconf 89' lang='lat' dir='ltr'><strong>ravi,</strong></span> <span class='ocrx_word' id='word_1_227' title='bbox 290 1432 393 1463; x_wconf 87' lang='lat' dir='ltr'><strong>nevel</strong></span> <span class='ocrx_word' id='word_1_228' title='bbox 410 1432 576 1473; x_wconf 86' lang='lat' dir='ltr'><strong>hospitalis</strong></span> <span class='ocrx_word' id='word_1_229' title='bbox 599 1432 748 1474; x_wconf 85' lang='lat' dir='ltr'><strong>Juppiter</strong></span> <span class='ocrx_word' id='word_1_230' title='bbox 772 1433 823 1463; x_wconf 89' lang='lat' dir='ltr'><strong>vel</strong></span> <span class='ocrx_word' id='word_1_231' title='bbox 850 1432 1072 1473; x_wconf 79' lang='lat' dir='ltr'><strong>philosophica</strong></span> <span class='ocrx_word' id='word_1_232' title='bbox 1098 1441 1164 1462; x_wconf 86' lang='lat' dir='ltr'><strong>sors</strong></span> <span class='ocrx_word' id='word_1_233' title='bbox 1182 1440 1330 1461; x_wconf 86' lang='lat' dir='ltr'><strong>accusare</strong></span> <span class='ocrx_word' id='word_1_234' title='bbox 1358 1440 1406 1460; x_wconf 88' lang='lat' dir='ltr'><strong>me</strong></span> <span class='ocrx_word' id='word_1_235' title='bbox 1433 1434 1552 1470; x_wconf 87' lang='lat' dir='ltr'><strong>posset.</strong></span> <span class='ocrx_word' id='word_1_236' title='bbox 1575 1434 1661 1461; x_wconf 84' lang='lat' dir='ltr'><strong>certe</strong></span> 
     </span>
     <span class='ocr_line' id='line_1_23' title="bbox 184 1484 1670 1527; baseline -0.001 -12"><span class='ocrx_word' id='word_1_237' title='bbox 184 1485 394 1527; x_wconf 68' lang='lat' dir='ltr'><strong>philosophiae</strong></span> <span class='ocrx_word' id='word_1_238' title='bbox 407 1485 557 1518; x_wconf 84' lang='lat' dir='ltr'><strong>dedecori</strong></span> <span class='ocrx_word' id='word_1_239' title='bbox 572 1487 712 1523; x_wconf 84' lang='lat' dir='ltr'><strong>fuissem,</strong></span> <span class='ocrx_word' id='word_1_240' title='bbox 728 1487 755 1518; x_wconf 85' lang='lat' dir='ltr'><strong>si</strong></span> <span class='ocrx_word' id='word_1_241' title='bbox 771 1487 811 1518; x_wconf 92' lang='lat' dir='ltr'><strong>ob</strong></span> <span class='ocrx_word' id='word_1_242' title='bbox 826 1486 995 1517; x_wconf 86' lang='lat' dir='ltr'><strong>mollitiem</strong></span> <span class='ocrx_word' id='word_1_243' title='bbox 1010 1486 1173 1516; x_wconf 70' lang='lat' dir='ltr'><strong>timiditatt</strong></span> <span class='ocrx_word' id='word_1_244' title='bbox 1183 1495 1277 1526; x_wconf 89' lang='lat' dir='ltr'><strong>mque</strong></span> <span class='ocrx_word' id='word_1_245' title='bbox 1290 1485 1463 1525; x_wconf 80' lang='lat' dir='ltr'><strong>vituperari</strong></span> <span class='ocrx_word' id='word_1_246' title='bbox 1475 1484 1650 1526; x_wconf 82' lang='lat' dir='ltr'><strong>potuissem</strong></span> <span class='ocrx_word' id='word_1_247' title='bbox 1662 1507 1670 1515; x_wconf 91' lang='lat'><strong>.</strong></span> 
     </span>
     <span class='ocr_line' id='line_1_24' title="bbox 184 1539 1666 1583; baseline 0 -13"><span class='ocrx_word' id='word_1_248' title='bbox 184 1545 321 1571; x_wconf 86' lang='lat' dir='ltr'><strong>ceterum</strong></span> <span class='ocrx_word' id='word_1_249' title='bbox 337 1551 408 1571; x_wconf 90' lang='lat' dir='ltr'><strong>cum</strong></span> <span class='ocrx_word' id='word_1_250' title='bbox 423 1551 462 1571; x_wconf 87' lang='lat' dir='ltr'><strong>eo</strong></span> <span class='ocrx_word' id='word_1_251' title='bbox 476 1542 644 1578; x_wconf 79' lang='lat' dir='ltr'><strong>venissem,</strong></span> <span class='ocrx_word' id='word_1_252' title='bbox 662 1552 765 1583; x_wconf 86' lang='lat' dir='ltr'><strong>neque</strong></span> <span class='ocrx_word' id='word_1_253' title='bbox 781 1541 864 1573; x_wconf 89' lang='lat' dir='ltr'><strong>enim</strong></span> <span class='ocrx_word' id='word_1_254' title='bbox 879 1545 1004 1582; x_wconf 83' lang='lat' dir='ltr'><strong>oportet</strong></span> <span class='ocrx_word' id='word_1_255' title='bbox 1017 1541 1141 1581; x_wconf 88' lang='lat' dir='ltr'><strong>longius</strong></span> <span class='ocrx_word' id='word_1_256' title='bbox 1156 1539 1295 1580; x_wconf 85' lang='lat' dir='ltr'><strong>evagari,</strong></span> <span class='ocrx_word' id='word_1_257' title='bbox 1311 1539 1419 1570; x_wconf 89' lang='lat' dir='ltr'><strong>omnia</strong></span> <span class='ocrx_word' id='word_1_258' title='bbox 1435 1540 1517 1581; x_wconf 86' lang='lat' dir='ltr'><strong>apud</strong></span> <span class='ocrx_word' id='word_1_259' title='bbox 1536 1539 1666 1581; x_wconf 87' lang='lat' dir='ltr'><strong>Diony-</strong></span> 
     </span>
     <span class='ocr_line' id='line_1_25' title="bbox 185 1593 1668 1637; baseline 0 -13"><span class='ocrx_word' id='word_1_260' title='bbox 185 1593 265 1624; x_wconf 80' lang='lat' dir='ltr'><strong>sium</strong></span> <span class='ocrx_word' id='word_1_261' title='bbox 283 1594 448 1625; x_wconf 79' lang='lat' dir='ltr'><strong>seditionis</strong></span> <span class='ocrx_word' id='word_1_262' title='bbox 463 1596 558 1636; x_wconf 80' lang='lat' dir='ltr'><strong>plena</strong></span> <span class='ocrx_word' id='word_1_263' title='bbox 585 1596 725 1627; x_wconf 84' lang='lat' dir='ltr'><strong>offendi:</strong></span> <span class='ocrx_word' id='word_1_264' title='bbox 752 1603 845 1637; x_wconf 83' lang='lat' dir='ltr'><strong>atque.</strong></span> <span class='ocrx_word' id='word_1_265' title='bbox 862 1595 1091 1626; x_wconf 87' lang='lat' dir='ltr'><strong>calumniarum</strong></span> <span class='ocrx_word' id='word_1_266' title='bbox 1118 1595 1151 1624; x_wconf 88' lang='lat' dir='ltr'><strong>in</strong></span> <span class='ocrx_word' id='word_1_267' title='bbox 1180 1594 1331 1630; x_wconf 89' lang='lat' dir='ltr'><strong>Dionem,</strong></span> <span class='ocrx_word' id='word_1_268' title='bbox 1355 1593 1444 1635; x_wconf 85' lang='lat' dir='ltr'><strong>quasi</strong></span> <span class='ocrx_word' id='word_1_269' title='bbox 1468 1593 1668 1636; x_wconf 83' lang='lat' dir='ltr'><strong>tyrannidem</strong></span> 
     </span>
     <span class='ocr_line' id='line_1_26' title="bbox 184 1648 1667 1692; baseline 0 -14"><span class='ocrx_word' id='word_1_270' title='bbox 184 1648 359 1679; x_wconf 82' lang='lat' dir='ltr'><strong>affectaret.</strong></span> <span class='ocrx_word' id='word_1_271' title='bbox 381 1648 513 1681; x_wconf 87' lang='lat' dir='ltr'><strong>defendi</strong></span> <span class='ocrx_word' id='word_1_272' title='bbox 542 1650 648 1691; x_wconf 82' lang='lat' dir='ltr'><strong>igitur,</strong></span> <span class='ocrx_word' id='word_1_273' title='bbox 678 1656 830 1692; x_wconf 88' lang='lat' dir='ltr'><strong>quantum</strong></span> <span class='ocrx_word' id='word_1_274' title='bbox 859 1650 939 1681; x_wconf 86' lang='lat' dir='ltr'><strong>valui</strong></span> <span class='ocrx_word' id='word_1_275' title='bbox 957 1661 962 1679; x_wconf 90' lang='lat'>:</span> <span class='ocrx_word' id='word_1_276' title='bbox 998 1649 1055 1680; x_wconf 89' lang='lat' dir='ltr'><strong>sed</strong></span> <span class='ocrx_word' id='word_1_277' title='bbox 1081 1659 1191 1690; x_wconf 87' lang='lat' dir='ltr'><strong>parum</strong></span> <span class='ocrx_word' id='word_1_278' title='bbox 1222 1648 1323 1690; x_wconf 85' lang='lat' dir='ltr'><strong>potui.</strong></span> <span class='ocrx_word' id='word_1_279' title='bbox 1348 1653 1460 1690; x_wconf 88' lang='lat' dir='ltr'><strong>quarto</strong></span> <span class='ocrx_word' id='word_1_280' title='bbox 1489 1648 1576 1679; x_wconf 90' lang='lat' dir='ltr'><strong>enim</strong></span> <span class='ocrx_word' id='word_1_281' title='bbox 1600 1649 1667 1679; x_wconf 85' lang='lat' dir='ltr'><strong>fere</strong></span> 
     </span>
     <span class='ocr_line' id='line_1_27' title="bbox 186 1702 1669 1748; baseline 0 -16"><span class='ocrx_word' id='word_1_282' title='bbox 186 1712 296 1733; x_wconf 85' lang='lat' dir='ltr'><strong>mense</strong></span> <span class='ocrx_word' id='word_1_283' title='bbox 309 1707 380 1744; x_wconf 87' lang='lat' dir='ltr'><strong>post</strong></span> <span class='ocrx_word' id='word_1_284' title='bbox 390 1704 561 1735; x_wconf 82' lang='lat' dir='ltr'><strong>adventum</strong></span> <span class='ocrx_word' id='word_1_285' title='bbox 573 1716 679 1736; x_wconf 90' lang='lat' dir='ltr'><strong>meum</strong></span> <span class='ocrx_word' id='word_1_286' title='bbox 690 1705 876 1748; x_wconf 83' lang='lat' dir='ltr'><strong>Dionysius,</strong></span> <span class='ocrx_word' id='word_1_287' title='bbox 894 1715 1047 1736; x_wconf 87' lang='lat' dir='ltr'><strong>accusans</strong></span> <span class='ocrx_word' id='word_1_288' title='bbox 1061 1704 1213 1740; x_wconf 82' lang='lat' dir='ltr'><strong>Dionem,</strong></span> <span class='ocrx_word' id='word_1_289' title='bbox 1228 1703 1315 1745; x_wconf 85' lang='lat' dir='ltr'><strong>quasi</strong></span> <span class='ocrx_word' id='word_1_290' title='bbox 1328 1702 1493 1745; x_wconf 80' lang='lat' dir='ltr'><strong>tyrannidi</strong></span> <span class='ocrx_word' id='word_1_291' title='bbox 1502 1702 1669 1733; x_wconf 84' lang='lat' dir='ltr'><strong>insidiare·</strong></span> 
     </span>
     <span class='ocr_line' id='line_1_28' title="bbox 184 1757 1669 1801; baseline -0.001 -14"><span class='ocrx_word' id='word_1_292' title='bbox 184 1762 248 1794; x_wconf 87' lang='lat' dir='ltr'><strong>tur,</strong></span> <span class='ocrx_word' id='word_1_293' title='bbox 263 1758 298 1788; x_wconf 91' lang='lat' dir='ltr'><strong>in</strong></span> <span class='ocrx_word' id='word_1_294' title='bbox 310 1768 441 1799; x_wconf 87' lang='lat' dir='ltr'><strong>parvum</strong></span> <span class='ocrx_word' id='word_1_295' title='bbox 457 1759 592 1801; x_wconf 87' lang='lat' dir='ltr'><strong>conjecit</strong></span> <span class='ocrx_word' id='word_1_296' title='bbox 603 1760 764 1801; x_wconf 74' lang='lat' dir='ltr'><strong>navigium</strong></span> <span class='ocrx_word' id='word_1_297' title='bbox 780 1770 817 1791; x_wconf 89' lang='lat' dir='ltr'><strong>ac</strong></span> <span class='ocrx_word' id='word_1_298' title='bbox 834 1760 966 1801; x_wconf 83' lang='lat' dir='ltr'><strong>turpiter</strong></span> <span class='ocrx_word' id='word_1_299' title='bbox 982 1759 1118 1800; x_wconf 84' lang='lat' dir='ltr'><strong>expulit.</strong></span> <span class='ocrx_word' id='word_1_300' title='bbox 1141 1758 1233 1789; x_wconf 90' lang='lat' dir='ltr'><strong>amici</strong></span> <span class='ocrx_word' id='word_1_301' title='bbox 1261 1768 1333 1788; x_wconf 88' lang='lat' dir='ltr'><strong>vero</strong></span> <span class='ocrx_word' id='word_1_302' title='bbox 1359 1757 1484 1793; x_wconf 85' lang='lat' dir='ltr'><strong>Dionis,</strong></span> <span class='ocrx_word' id='word_1_303' title='bbox 1512 1762 1669 1798; x_wconf 83' lang='lat' dir='ltr'><strong>quotquot</strong></span> 
     </span>
     <span class='ocr_line' id='line_1_29' title="bbox 183 1812 1669 1855; baseline 0.001 -14"><span class='ocrx_word' id='word_1_304' title='bbox 183 1821 322 1848; x_wconf 86' lang='lat' dir='ltr'><strong>eramus,</strong></span> <span class='ocrx_word' id='word_1_305' title='bbox 337 1813 444 1844; x_wconf 86' lang='lat' dir='ltr'><strong>cuncti</strong></span> <span class='ocrx_word' id='word_1_306' title='bbox 459 1813 717 1851; x_wconf 82' lang='lat' dir='ltr'><strong>formidabamus,</strong></span> <span class='ocrx_word' id='word_1_307' title='bbox 743 1825 784 1845; x_wconf 89' lang='lat' dir='ltr'><strong>ne</strong></span> <span class='ocrx_word' id='word_1_308' title='bbox 797 1814 879 1845; x_wconf 86' lang='lat' dir='ltr'><strong>forte</strong></span> <span class='ocrx_word' id='word_1_309' title='bbox 895 1814 1036 1855; x_wconf 87' lang='lat' dir='ltr'><strong>aliquem</strong></span> <span class='ocrx_word' id='word_1_310' title='bbox 1050 1818 1190 1844; x_wconf 88' lang='lat' dir='ltr'><strong>nostrum</strong></span> <span class='ocrx_word' id='word_1_311' title='bbox 1214 1812 1406 1854; x_wconf 77' lang='lat' dir='ltr'><strong>Dionysius,</strong></span> <span class='ocrx_word' id='word_1_312' title='bbox 1430 1812 1520 1853; x_wconf 86' lang='lat' dir='ltr'><strong>quasi</strong></span> <span class='ocrx_word' id='word_1_313' title='bbox 1547 1812 1669 1842; x_wconf 86' lang='lat' dir='ltr'><strong>socium</strong></span> 
     </span>
     <span class='ocr_line' id='line_1_30' title="bbox 181 1865 1669 1910; baseline 0.001 -15"><span class='ocrx_word' id='word_1_314' title='bbox 181 1865 272 1896; x_wconf 79' lang='lat' dir='ltr'><strong>illius</strong></span> <span class='ocrx_word' id='word_1_315' title='bbox 298 1866 449 1904; x_wconf 88' lang='lat' dir='ltr'><strong>criminis,</strong></span> <span class='ocrx_word' id='word_1_316' title='bbox 480 1869 640 1910; x_wconf 84' lang='lat' dir='ltr'><strong>supplicio</strong></span> <span class='ocrx_word' id='word_1_317' title='bbox 657 1869 805 1902; x_wconf 86' lang='lat' dir='ltr'><strong>afficeret.</strong></span> <span class='ocrx_word' id='word_1_318' title='bbox 827 1880 932 1900; x_wconf 89' lang='lat' dir='ltr'><strong>rumor</strong></span> <span class='ocrx_word' id='word_1_319' title='bbox 945 1874 1048 1899; x_wconf 89' lang='lat' dir='ltr'><strong>autem</strong></span> <span class='ocrx_word' id='word_1_320' title='bbox 1065 1873 1193 1899; x_wconf 75' lang='lat' dir='ltr'><strong>exortus</strong></span> <span class='ocrx_word' id='word_1_321' title='bbox 1209 1872 1258 1898; x_wconf 88' lang='lat' dir='ltr'><strong>est</strong></span> <span class='ocrx_word' id='word_1_322' title='bbox 1271 1866 1450 1909; x_wconf 87' lang='lat' dir='ltr'><strong>Syracusis,</strong></span> <span class='ocrx_word' id='word_1_323' title='bbox 1464 1876 1515 1897; x_wconf 90' lang='lat' dir='ltr'><strong>me</strong></span> <span class='ocrx_word' id='word_1_324' title='bbox 1530 1866 1669 1897; x_wconf 88' lang='lat' dir='ltr'><strong>occisum</strong></span> 
     </span>
     <span class='ocr_line' id='line_1_31' title="bbox 182 1920 1668 1965; baseline 0.001 -14"><span class='ocrx_word' id='word_1_325' title='bbox 182 1930 252 1951; x_wconf 86' lang='lat' dir='ltr'><strong>esse</strong></span> <span class='ocrx_word' id='word_1_326' title='bbox 269 1931 287 1951; x_wconf 90' lang='lat' dir='ltr'><strong>a</strong></span> <span class='ocrx_word' id='word_1_327' title='bbox 301 1920 473 1964; x_wconf 72' lang='lat' dir='ltr'><strong>Dionysio,</strong></span> <span class='ocrx_word' id='word_1_328' title='bbox 490 1923 579 1964; x_wconf 89' lang='lat' dir='ltr'><strong>quasi</strong></span> <span class='ocrx_word' id='word_1_329' title='bbox 595 1923 747 1961; x_wconf 87' lang='lat' dir='ltr'><strong>omnium,</strong></span> <span class='ocrx_word' id='word_1_330' title='bbox 777 1933 847 1965; x_wconf 84' lang='lat' dir='ltr'><strong>quae</strong></span> <span class='ocrx_word' id='word_1_331' title='bbox 875 1929 951 1954; x_wconf 90' lang='lat' dir='ltr'><strong>tunc</strong></span> <span class='ocrx_word' id='word_1_332' title='bbox 978 1922 1166 1962; x_wconf 84' lang='lat' dir='ltr'><strong>acciderint,</strong></span> <span class='ocrx_word' id='word_1_333' title='bbox 1194 1927 1369 1953; x_wconf 88' lang='lat' dir='ltr'><strong>auctorem.</strong></span> <span class='ocrx_word' id='word_1_334' title='bbox 1392 1925 1424 1951; x_wconf 85' lang='lat' dir='ltr'><strong>at</strong></span> <span class='ocrx_word' id='word_1_335' title='bbox 1448 1921 1504 1951; x_wconf 91' lang='lat' dir='ltr'><strong>ille</strong></span> <span class='ocrx_word' id='word_1_336' title='bbox 1526 1921 1668 1952; x_wconf 85' lang='lat' dir='ltr'><strong>sentiens</strong></span> 
     </span>
     <span class='ocr_line' id='line_1_32' title="bbox 183 1975 1670 2017; baseline 0.001 -13"><span class='ocrx_word' id='word_1_337' title='bbox 183 1984 243 2005; x_wconf 85' lang='lat' dir='ltr'><strong>nos</strong></span> <span class='ocrx_word' id='word_1_338' title='bbox 254 1985 364 2006; x_wconf 87' lang='lat' dir='ltr'><strong>omnes</strong></span> <span class='ocrx_word' id='word_1_339' title='bbox 384 1976 430 2007; x_wconf 89' lang='lat' dir='ltr'><strong>sic</strong></span> <span class='ocrx_word' id='word_1_340' title='bbox 445 1976 589 2013; x_wconf 87' lang='lat' dir='ltr'><strong>affectos,</strong></span> <span class='ocrx_word' id='word_1_341' title='bbox 605 1978 726 2009; x_wconf 87' lang='lat' dir='ltr'><strong>veritus</strong></span> <span class='ocrx_word' id='word_1_342' title='bbox 741 1988 780 2008; x_wconf 92' lang='lat' dir='ltr'><strong>ne</strong></span> <span class='ocrx_word' id='word_1_343' title='bbox 797 1989 834 2008; x_wconf 86' lang='lat' dir='ltr'><strong>ex</strong></span> <span class='ocrx_word' id='word_1_344' title='bbox 852 1983 938 2008; x_wconf 85' lang='lat' dir='ltr'><strong>metu</strong></span> <span class='ocrx_word' id='word_1_345' title='bbox 951 1982 1060 2008; x_wconf 91' lang='lat' dir='ltr'><strong>nostro</strong></span> <span class='ocrx_word' id='word_1_346' title='bbox 1074 1977 1196 2017; x_wconf 86' lang='lat' dir='ltr'><strong>aliquid</strong></span> <span class='ocrx_word' id='word_1_347' title='bbox 1218 1976 1323 2007; x_wconf 82' lang='lat' dir='ltr'><strong>forsan</strong></span> <span class='ocrx_word' id='word_1_348' title='bbox 1347 1975 1506 2007; x_wconf 87' lang='lat' dir='ltr'><strong>accideret</strong></span> <span class='ocrx_word' id='word_1_349' title='bbox 1532 1975 1670 2016; x_wconf 84' lang='lat' dir='ltr'><strong>gravius,</strong></span> 
     </span>
     <span class='ocr_line' id='line_1_33' title="bbox 185 2029 1668 2072; baseline 0 -13"><span class='ocrx_word' id='word_1_350' title='bbox 185 2029 326 2071; x_wconf 85' lang='lat' dir='ltr'><strong>benigne</strong></span> <span class='ocrx_word' id='word_1_351' title='bbox 343 2030 511 2061; x_wconf 85' lang='lat' dir='ltr'><strong>admodum</strong></span> <span class='ocrx_word' id='word_1_352' title='bbox 528 2041 636 2062; x_wconf 88' lang='lat' dir='ltr'><strong>omnes</strong></span> <span class='ocrx_word' id='word_1_353' title='bbox 652 2032 791 2072; x_wconf 84' lang='lat' dir='ltr'><strong>recepit:</strong></span> <span class='ocrx_word' id='word_1_354' title='bbox 818 2042 867 2061; x_wconf 90' lang='lat' dir='ltr'><strong>me</strong></span> <span class='ocrx_word' id='word_1_355' title='bbox 878 2036 963 2062; x_wconf 82' lang='lat' dir='ltr'><strong>certe</strong></span> <span class='ocrx_word' id='word_1_356' title='bbox 976 2032 1078 2072; x_wconf 81' lang='lat' dir='ltr'><strong>ipsum</strong></span> <span class='ocrx_word' id='word_1_357' title='bbox 1092 2030 1273 2061; x_wconf 86' lang='lat' dir='ltr'><strong>consolatus</strong></span> <span class='ocrx_word' id='word_1_358' title='bbox 1299 2030 1410 2060; x_wconf 84' lang='lat' dir='ltr'><strong>bonam</strong></span> <span class='ocrx_word' id='word_1_359' title='bbox 1440 2029 1556 2060; x_wconf 84' lang='lat' dir='ltr'><strong>habere</strong></span> <span class='ocrx_word' id='word_1_360' title='bbox 1578 2039 1668 2070; x_wconf 87' lang='lat' dir='ltr'><strong>spem</strong></span> 
     </span>
     <span class='ocr_line' id='line_1_34' title="bbox 183 2083 1669 2126; baseline -0.001 -12"><span class='ocrx_word' id='word_1_361' title='bbox 183 2083 292 2125; x_wconf 83' lang='lat' dir='ltr'><strong>jussit,</strong></span> <span class='ocrx_word' id='word_1_362' title='bbox 308 2089 404 2125; x_wconf 88' lang='lat' dir='ltr'><strong>atque</strong></span> <span class='ocrx_word' id='word_1_363' title='bbox 418 2090 455 2116; x_wconf 91' lang='lat' dir='ltr'><strong>ut</strong></span> <span class='ocrx_word' id='word_1_364' title='bbox 470 2095 690 2126; x_wconf 86' lang='lat' dir='ltr'><strong>permanerem</strong></span> <span class='ocrx_word' id='word_1_365' title='bbox 703 2086 832 2116; x_wconf 89' lang='lat' dir='ltr'><strong>omnino</strong></span> <span class='ocrx_word' id='word_1_366' title='bbox 843 2086 977 2126; x_wconf 84' lang='lat' dir='ltr'><strong>rogavit.</strong></span> <span class='ocrx_word' id='word_1_367' title='bbox 1000 2089 1068 2115; x_wconf 83' lang='lat' dir='ltr'><strong>erat</strong></span> <span class='ocrx_word' id='word_1_368' title='bbox 1089 2084 1172 2115; x_wconf 87' lang='lat' dir='ltr'><strong>euim</strong></span> <span class='ocrx_word' id='word_1_369' title='bbox 1189 2084 1249 2114; x_wconf 90' lang='lat' dir='ltr'><strong>sibi</strong></span> <span class='ocrx_word' id='word_1_370' title='bbox 1261 2084 1290 2113; x_wconf 86' lang='lat' dir='ltr'><strong>in</strong></span> <span class='ocrx_word' id='word_1_371' title='bbox 1302 2083 1378 2125; x_wconf 84' lang='lat' dir='ltr'><strong>suga</strong></span> <span class='ocrx_word' id='word_1_372' title='bbox 1390 2083 1520 2124; x_wconf 72' lang='lat' dir='ltr'><strong>quidem</strong></span> <span class='ocrx_word' id='word_1_373' title='bbox 1536 2094 1609 2114; x_wconf 88' lang='lat' dir='ltr'><strong>mea</strong></span> <span class='ocrx_word' id='word_1_374' title='bbox 1620 2083 1669 2114; x_wconf 88' lang='lat' dir='ltr'><strong>ni-</strong></span> 
     </span>
     <span class='ocr_line' id='line_1_35' title="bbox 186 2137 1669 2181; baseline 0 -13"><span class='ocrx_word' id='word_1_375' title='bbox 186 2137 231 2168; x_wconf 91' lang='lat' dir='ltr'><strong>hil</strong></span> <span class='ocrx_word' id='word_1_376' title='bbox 248 2138 384 2175; x_wconf 84' lang='lat' dir='ltr'><strong>honesti,</strong></span> <span class='ocrx_word' id='word_1_377' title='bbox 398 2138 457 2169; x_wconf 88' lang='lat' dir='ltr'><strong>sed</strong></span> <span class='ocrx_word' id='word_1_378' title='bbox 479 2139 511 2170; x_wconf 91' lang='lat' dir='ltr'><strong>in</strong></span> <span class='ocrx_word' id='word_1_379' title='bbox 523 2140 751 2180; x_wconf 87' lang='lat' dir='ltr'><strong>permanendo.</strong></span> <span class='ocrx_word' id='word_1_380' title='bbox 775 2145 870 2181; x_wconf 82' lang='lat' dir='ltr'><strong>atque</strong></span> <span class='ocrx_word' id='word_1_381' title='bbox 884 2139 999 2170; x_wconf 87' lang='lat' dir='ltr'><strong>iccirco</strong></span> <span class='ocrx_word' id='word_1_382' title='bbox 1011 2139 1134 2180; x_wconf 85' lang='lat' dir='ltr'><strong>precari</strong></span> <span class='ocrx_word' id='word_1_383' title='bbox 1144 2149 1195 2169; x_wconf 87' lang='lat' dir='ltr'><strong>me</strong></span> <span class='ocrx_word' id='word_1_384' title='bbox 1212 2139 1346 2169; x_wconf 85' lang='lat' dir='ltr'><strong>maxime</strong></span> <span class='ocrx_word' id='word_1_385' title='bbox 1360 2138 1540 2169; x_wconf 86' lang='lat' dir='ltr'><strong>simulabat.</strong></span> <span class='ocrx_word' id='word_1_386' title='bbox 1558 2148 1669 2179; x_wconf 83' lang='lat' dir='ltr'><strong>preces</strong></span> 
     </span>
     <span class='ocr_line' id='line_1_36' title="bbox 186 2193 1669 2235; baseline 0 -13"><span class='ocrx_word' id='word_1_387' title='bbox 186 2196 294 2222; x_wconf 77' lang='lat' dir='ltr'><strong>autem</strong></span> <span class='ocrx_word' id='word_1_388' title='bbox 308 2200 515 2234; x_wconf 78' lang='lat' dir='ltr'><strong>tyrannorum</strong></span> <span class='ocrx_word' id='word_1_389' title='bbox 529 2194 714 2225; x_wconf 86' lang='lat' dir='ltr'><strong>necessitati</strong></span> <span class='ocrx_word' id='word_1_390' title='bbox 728 2194 896 2235; x_wconf 85' lang='lat' dir='ltr'><strong>permixtas</strong></span> <span class='ocrx_word' id='word_1_391' title='bbox 911 2204 981 2224; x_wconf 91' lang='lat' dir='ltr'><strong>esse</strong></span> <span class='ocrx_word' id='word_1_392' title='bbox 997 2204 1058 2224; x_wconf 92' lang='lat' dir='ltr'><strong>nou</strong></span> <span class='ocrx_word' id='word_1_393' title='bbox 1076 2194 1268 2233; x_wconf 85' lang='lat' dir='ltr'><strong>ignoramus.</strong></span> <span class='ocrx_word' id='word_1_394' title='bbox 1292 2203 1364 2234; x_wconf 82' lang='lat' dir='ltr'><strong>curn</strong></span> <span class='ocrx_word' id='word_1_395' title='bbox 1380 2202 1462 2228; x_wconf 78' lang='lat' dir='ltr'><strong>vero,</strong></span> <span class='ocrx_word' id='word_1_396' title='bbox 1478 2202 1518 2222; x_wconf 90' lang='lat' dir='ltr'><strong>ne</strong></span> <span class='ocrx_word' id='word_1_397' title='bbox 1539 2193 1669 2228; x_wconf 88' lang='lat' dir='ltr'><strong>abirem,</strong></span> 
     </span>
     <span class='ocr_line' id='line_1_37' title="bbox 187 2245 1670 2289; baseline 0.001 -15"><span class='ocrx_word' id='word_1_398' title='bbox 187 2245 430 2282; x_wconf 88' lang='lat' dir='ltr'><strong>machinaretur,</strong></span> <span class='ocrx_word' id='word_1_399' title='bbox 448 2247 617 2278; x_wconf 83' lang='lat' dir='ltr'><strong>collocavit</strong></span> <span class='ocrx_word' id='word_1_400' title='bbox 631 2258 682 2278; x_wconf 92' lang='lat' dir='ltr'><strong>me</strong></span> <span class='ocrx_word' id='word_1_401' title='bbox 698 2248 732 2278; x_wconf 91' lang='lat' dir='ltr'><strong>in</strong></span> <span class='ocrx_word' id='word_1_402' title='bbox 747 2258 831 2284; x_wconf 86' lang='lat' dir='ltr'><strong>arce,</strong></span> <span class='ocrx_word' id='word_1_403' title='bbox 849 2253 945 2289; x_wconf 81' lang='lat' dir='ltr'><strong>atque</strong></span> <span class='ocrx_word' id='word_1_404' title='bbox 970 2248 1018 2278; x_wconf 87' lang='lat' dir='ltr'><strong>his</strong></span> <span class='ocrx_word' id='word_1_405' title='bbox 1046 2248 1124 2278; x_wconf 85' lang='lat' dir='ltr'><strong>locis</strong></span> <span class='ocrx_word' id='word_1_406' title='bbox 1146 2247 1286 2277; x_wconf 83' lang='lat' dir='ltr'><strong>habitare</strong></span> <span class='ocrx_word' id='word_1_407' title='bbox 1310 2246 1419 2282; x_wconf 88' lang='lat' dir='ltr'><strong>voluit,</strong></span> <span class='ocrx_word' id='word_1_408' title='bbox 1448 2245 1532 2276; x_wconf 87' lang='lat' dir='ltr'><strong>unde</strong></span> <span class='ocrx_word' id='word_1_409' title='bbox 1560 2247 1670 2277; x_wconf 88' lang='lat' dir='ltr'><strong>nullus</strong></span> 
     </span>
     <span class='ocr_line' id='line_1_38' title="bbox 186 2300 1671 2343; baseline 0.001 -14"><span class='ocrx_word' id='word_1_410' title='bbox 186 2300 318 2339; x_wconf 88' lang='lat' dir='ltr'><strong>posthac</strong></span> <span class='ocrx_word' id='word_1_411' title='bbox 349 2305 457 2337; x_wconf 86' lang='lat' dir='ltr'><strong>nauta,</strong></span> <span class='ocrx_word' id='word_1_412' title='bbox 482 2311 544 2331; x_wconf 88' lang='lat' dir='ltr'><strong>non</strong></span> <span class='ocrx_word' id='word_1_413' title='bbox 562 2300 653 2333; x_wconf 91' lang='lat' dir='ltr'><strong>modo</strong></span> <span class='ocrx_word' id='word_1_414' title='bbox 673 2303 862 2343; x_wconf 86' lang='lat' dir='ltr'><strong>prohibente</strong></span> <span class='ocrx_word' id='word_1_415' title='bbox 891 2302 960 2339; x_wconf 90' lang='lat' dir='ltr'><strong>illo,</strong></span> <span class='ocrx_word' id='word_1_416' title='bbox 985 2301 1042 2333; x_wconf 86' lang='lat' dir='ltr'><strong>sed</strong></span> <span class='ocrx_word' id='word_1_417' title='bbox 1061 2301 1118 2332; x_wconf 71' lang='lat' dir='ltr'><strong>nisi</strong></span> <span class='ocrx_word' id='word_1_418' title='bbox 1131 2300 1266 2343; x_wconf 81' lang='lat' dir='ltr'><strong>jubente</strong></span> <span class='ocrx_word' id='word_1_419' title='bbox 1283 2306 1378 2342; x_wconf 86' lang='lat' dir='ltr'><strong>atque</strong></span> <span class='ocrx_word' id='word_1_420' title='bbox 1402 2301 1562 2337; x_wconf 64' lang='lat' dir='ltr'><strong>mittente,</strong></span> <span class='ocrx_word' id='word_1_421' title='bbox 1588 2300 1671 2331; x_wconf 84' lang='lat' dir='ltr'><strong>foret</strong></span> 
     </span>
     <span class='ocr_line' id='line_1_39' title="bbox 188 2352 1668 2397; baseline 0.001 -14"><span class='ocrx_word' id='word_1_422' title='bbox 188 2352 404 2392; x_wconf 79' lang='lat' dir='ltr'><strong>abducturus;</strong></span> <span class='ocrx_word' id='word_1_423' title='bbox 427 2365 533 2396; x_wconf 91' lang='lat' dir='ltr'><strong>neque</strong></span> <span class='ocrx_word' id='word_1_424' title='bbox 549 2357 718 2397; x_wconf 85' lang='lat' dir='ltr'><strong>quisquam</strong></span> <span class='ocrx_word' id='word_1_425' title='bbox 733 2357 800 2388; x_wconf 87' lang='lat' dir='ltr'><strong>sive</strong></span> <span class='ocrx_word' id='word_1_426' title='bbox 817 2362 971 2388; x_wconf 79' lang='lat' dir='ltr'><strong>mereator</strong></span> <span class='ocrx_word' id='word_1_427' title='bbox 987 2356 1052 2387; x_wconf 85' lang='lat' dir='ltr'><strong>sive</strong></span> <span class='ocrx_word' id='word_1_428' title='bbox 1083 2356 1220 2397; x_wconf 81' lang='lat' dir='ltr'><strong>alicujus</strong></span> <span class='ocrx_word' id='word_1_429' title='bbox 1246 2355 1420 2397; x_wconf 64' lang='lat' dir='ltr'><strong>provinciae</strong></span> <span class='ocrx_word' id='word_1_430' title='bbox 1454 2355 1668 2395; x_wconf 73' lang='lat' dir='ltr'><strong>magistratus,</strong></span> 
     </span>
     <span class='ocr_line' id='line_1_40' title="bbox 187 2407 1669 2453; baseline 0.002 -16"><span class='ocrx_word' id='word_1_431' title='bbox 187 2417 238 2438; x_wconf 91' lang='lat' dir='ltr'><strong>me</strong></span> <span class='ocrx_word' id='word_1_432' title='bbox 255 2407 357 2439; x_wconf 89' lang='lat' dir='ltr'><strong>solum</strong></span> <span class='ocrx_word' id='word_1_433' title='bbox 371 2415 539 2440; x_wconf 84' lang='lat' dir='ltr'><strong>exeuntem</strong></span> <span class='ocrx_word' id='word_1_434' title='bbox 554 2411 781 2452; x_wconf 79' lang='lat' dir='ltr'><strong>conspexisset,</strong></span> <span class='ocrx_word' id='word_1_435' title='bbox 799 2412 929 2453; x_wconf 86' lang='lat' dir='ltr'><strong>quinon</strong></span> <span class='ocrx_word' id='word_1_436' title='bbox 956 2421 1008 2442; x_wconf 88' lang='lat' dir='ltr'><strong>me</strong></span> <span class='ocrx_word' id='word_1_437' title='bbox 1030 2415 1157 2452; x_wconf 83' lang='lat' dir='ltr'><strong>captum</strong></span> <span class='ocrx_word' id='word_1_438' title='bbox 1185 2410 1224 2440; x_wconf 88' lang='lat' dir='ltr'><strong>ad</strong></span> <span class='ocrx_word' id='word_1_439' title='bbox 1250 2410 1440 2452; x_wconf 85' lang='lat' dir='ltr'><strong>Dionysium</strong></span> <span class='ocrx_word' id='word_1_440' title='bbox 1466 2415 1596 2451; x_wconf 83' lang='lat' dir='ltr'><strong>repente</strong></span> <span class='ocrx_word' id='word_1_441' title='bbox 1619 2419 1669 2440; x_wconf 85' lang='lat' dir='ltr'><strong>re-</strong></span> 
     </span>
     <span class='ocr_line' id='line_1_41' title="bbox 186 2461 1668 2507; baseline 0.001 -15"><span class='ocrx_word' id='word_1_442' title='bbox 186 2461 338 2493; x_wconf 79' lang='lat' dir='ltr'><strong>duceret:</strong></span> <span class='ocrx_word' id='word_1_443' title='bbox 363 2464 537 2505; x_wconf 86' lang='lat' dir='ltr'><strong>praesertim</strong></span> <span class='ocrx_word' id='word_1_444' title='bbox 550 2475 622 2495; x_wconf 92' lang='lat' dir='ltr'><strong>cum</strong></span> <span class='ocrx_word' id='word_1_445' title='bbox 634 2465 714 2507; x_wconf 85' lang='lat' dir='ltr'><strong>jam,</strong></span> <span class='ocrx_word' id='word_1_446' title='bbox 742 2471 851 2497; x_wconf 88' lang='lat' dir='ltr'><strong>contra</strong></span> <span class='ocrx_word' id='word_1_447' title='bbox 876 2476 971 2507; x_wconf 88' lang='lat' dir='ltr'><strong>quam</strong></span> <span class='ocrx_word' id='word_1_448' title='bbox 998 2466 1096 2506; x_wconf 72' lang='lat' dir='ltr'><strong>prins,</strong></span> <span class='ocrx_word' id='word_1_449' title='bbox 1123 2464 1219 2507; x_wconf 82' lang='lat'><strong>[330]</strong></span> <span class='ocrx_word' id='word_1_450' title='bbox 1244 2465 1408 2506; x_wconf 86' lang='lat' dir='ltr'><strong>vulgatum</strong></span> <span class='ocrx_word' id='word_1_451' title='bbox 1434 2469 1519 2495; x_wconf 83' lang='lat' dir='ltr'><strong>esset</strong></span> <span class='ocrx_word' id='word_1_452' title='bbox 1543 2464 1668 2506; x_wconf 88' lang='lat' dir='ltr'><strong>Diony-</strong></span> 
     </span>
     <span class='ocr_line' id='line_1_42' title="bbox 185 2516 1666 2562; baseline 0.002 -16"><span class='ocrx_word' id='word_1_453' title='bbox 185 2516 267 2546; x_wconf 79' lang='lat' dir='ltr'><strong>sium</strong></span> <span class='ocrx_word' id='word_1_454' title='bbox 294 2527 399 2548; x_wconf 85' lang='lat' dir='ltr'><strong>rursus</strong></span> <span class='ocrx_word' id='word_1_455' title='bbox 424 2518 594 2550; x_wconf 84' lang='lat' dir='ltr'><strong>Platonem</strong></span> <span class='ocrx_word' id='word_1_456' title='bbox 620 2521 824 2552; x_wconf 84' lang='lat' dir='ltr'><strong>vehementer</strong></span> <span class='ocrx_word' id='word_1_457' title='bbox 847 2521 1026 2562; x_wconf 77' lang='lat' dir='ltr'><strong>complecti.</strong></span> <span class='ocrx_word' id='word_1_458' title='bbox 1050 2526 1082 2551; x_wconf 91' lang='lat' dir='ltr'><strong>et</strong></span> <span class='ocrx_word' id='word_1_459' title='bbox 1108 2519 1342 2561; x_wconf 83' lang='lat' dir='ltr'><strong>quodammodo</strong></span> <span class='ocrx_word' id='word_1_460' title='bbox 1375 2519 1418 2549; x_wconf 88' lang='lat' dir='ltr'><strong>ita</strong></span> <span class='ocrx_word' id='word_1_461' title='bbox 1452 2524 1538 2550; x_wconf 84' lang='lat' dir='ltr'><strong>erat:</strong></span> <span class='ocrx_word' id='word_1_462' title='bbox 1563 2529 1666 2560; x_wconf 84' lang='lat' dir='ltr'><strong>neque</strong></span> 
     </span>
     <span class='ocr_line' id='line_1_43' title="bbox 187 2570 1667 2617; baseline 0.003 -17"><span class='ocrx_word' id='word_1_463' title='bbox 187 2570 271 2600; x_wconf 88' lang='lat' dir='ltr'><strong>enim</strong></span> <span class='ocrx_word' id='word_1_464' title='bbox 299 2571 471 2602; x_wconf 82' lang='lat' dir='ltr'><strong>tacendum</strong></span> <span class='ocrx_word' id='word_1_465' title='bbox 499 2579 546 2604; x_wconf 87' lang='lat' dir='ltr'><strong>est</strong></span> <span class='ocrx_word' id='word_1_466' title='bbox 572 2585 695 2606; x_wconf 87' lang='lat' dir='ltr'><strong>verum.</strong></span> <span class='ocrx_word' id='word_1_467' title='bbox 719 2576 989 2617; x_wconf 82' lang='lat' dir='ltr'><strong>complectebatur</strong></span> <span class='ocrx_word' id='word_1_468' title='bbox 1015 2574 1068 2606; x_wconf 85' lang='lat' dir='ltr'><strong>ille</strong></span> <span class='ocrx_word' id='word_1_469' title='bbox 1091 2573 1218 2616; x_wconf 88' lang='lat' dir='ltr'><strong>quidem</strong></span> <span class='ocrx_word' id='word_1_470' title='bbox 1233 2574 1348 2604; x_wconf 87' lang='lat' dir='ltr'><strong>indies</strong></span> <span class='ocrx_word' id='word_1_471' title='bbox 1373 2584 1425 2604; x_wconf 87' lang='lat' dir='ltr'><strong>me</strong></span> <span class='ocrx_word' id='word_1_472' title='bbox 1446 2574 1548 2615; x_wconf 85' lang='lat' dir='ltr'><strong>magis</strong></span> <span class='ocrx_word' id='word_1_473' title='bbox 1573 2580 1667 2614; x_wconf 81' lang='lat' dir='ltr'><strong>atque</strong></span> 
     </span>
     <span class='ocr_line' id='line_1_44' title="bbox 187 2625 1668 2671; baseline 0.001 -16"><span class='ocrx_word' id='word_1_474' title='bbox 187 2625 298 2666; x_wconf 80' lang='lat' dir='ltr'><strong>magis,</strong></span> <span class='ocrx_word' id='word_1_475' title='bbox 312 2631 345 2656; x_wconf 88' lang='lat' dir='ltr'><strong>et</strong></span> <span class='ocrx_word' id='word_1_476' title='bbox 359 2626 518 2666; x_wconf 77' lang='lat' dir='ltr'><strong>gaudebat</strong></span> <span class='ocrx_word' id='word_1_477' title='bbox 532 2628 672 2659; x_wconf 82' lang='lat' dir='ltr'><strong>moribus</strong></span> <span class='ocrx_word' id='word_1_478' title='bbox 685 2630 799 2660; x_wconf 85' lang='lat' dir='ltr'><strong>nostris</strong></span> <span class='ocrx_word' id='word_1_479' title='bbox 820 2635 914 2671; x_wconf 89' lang='lat' dir='ltr'><strong>atque</strong></span> <span class='ocrx_word' id='word_1_480' title='bbox 929 2629 1170 2661; x_wconf 86' lang='lat' dir='ltr'><strong>consuetudine.</strong></span> <span class='ocrx_word' id='word_1_481' title='bbox 1195 2628 1406 2670; x_wconf 87' lang='lat' dir='ltr'><strong>cupiebatque</strong></span> <span class='ocrx_word' id='word_1_482' title='bbox 1433 2639 1451 2658; x_wconf 92' lang='lat' dir='ltr'><strong>a</strong></span> <span class='ocrx_word' id='word_1_483' title='bbox 1476 2638 1526 2658; x_wconf 89' lang='lat' dir='ltr'><strong>me</strong></span> <span class='ocrx_word' id='word_1_484' title='bbox 1548 2627 1668 2658; x_wconf 83' lang='lat' dir='ltr'><strong>laudari</strong></span> 
     </span>
     <span class='ocr_line' id='line_1_45' title="bbox 189 2680 1667 2726; baseline 0.001 -16"><span class='ocrx_word' id='word_1_485' title='bbox 189 2680 288 2721; x_wconf 82' lang='lat' dir='ltr'><strong>magis</strong></span> <span class='ocrx_word' id='word_1_486' title='bbox 303 2690 398 2721; x_wconf 86' lang='lat' dir='ltr'><strong>quam</strong></span> <span class='ocrx_word' id='word_1_487' title='bbox 412 2681 564 2719; x_wconf 87' lang='lat' dir='ltr'><strong>Dionem,</strong></span> <span class='ocrx_word' id='word_1_488' title='bbox 580 2688 614 2713; x_wconf 90' lang='lat' dir='ltr'><strong>et</strong></span> <span class='ocrx_word' id='word_1_489' title='bbox 629 2684 766 2715; x_wconf 90' lang='lat' dir='ltr'><strong>amicum</strong></span> <span class='ocrx_word' id='word_1_490' title='bbox 779 2685 873 2726; x_wconf 78' lang='lat' dir='ltr'><strong>longe</strong></span> <span class='ocrx_word' id='word_1_491' title='bbox 889 2685 990 2725; x_wconf 84' lang='lat' dir='ltr'><strong>magis</strong></span> <span class='ocrx_word' id='word_1_492' title='bbox 1005 2683 1179 2714; x_wconf 74' lang='lat' dir='ltr'><strong>existimari</strong></span> <span class='ocrx_word' id='word_1_493' title='bbox 1192 2695 1198 2712; x_wconf 92' lang='lat'>:</span> <span class='ocrx_word' id='word_1_494' title='bbox 1229 2688 1261 2714; x_wconf 88' lang='lat' dir='ltr'><strong>et</strong></span> <span class='ocrx_word' id='word_1_495' title='bbox 1274 2684 1313 2713; x_wconf 90' lang='lat' dir='ltr'><strong>ad</strong></span> <span class='ocrx_word' id='word_1_496' title='bbox 1330 2682 1362 2713; x_wconf 89' lang='lat' dir='ltr'><strong>id</strong></span> <span class='ocrx_word' id='word_1_497' title='bbox 1377 2682 1505 2723; x_wconf 80' lang='lat' dir='ltr'><strong>quidem</strong></span> <span class='ocrx_word' id='word_1_498' title='bbox 1533 2682 1667 2712; x_wconf 77' lang='lat' dir='ltr'><strong>maxime</strong></span> 
     </span>
     <span class='ocr_line' id='line_1_46' title="bbox 189 2734 1669 2780; baseline 0 -16"><span class='ocrx_word' id='word_1_499' title='bbox 189 2734 415 2766; x_wconf 86' lang='lat' dir='ltr'><strong>contendebat.</strong></span> <span class='ocrx_word' id='word_1_500' title='bbox 437 2736 591 2767; x_wconf 85' lang='lat' dir='ltr'><strong>rationem</strong></span> <span class='ocrx_word' id='word_1_501' title='bbox 614 2748 697 2774; x_wconf 74' lang='lat' dir='ltr'><strong>vere,</strong></span> <span class='ocrx_word' id='word_1_502' title='bbox 715 2749 777 2779; x_wconf 90' lang='lat' dir='ltr'><strong>qua</strong></span> <span class='ocrx_word' id='word_1_503' title='bbox 800 2739 833 2769; x_wconf 90' lang='lat' dir='ltr'><strong>id</strong></span> <span class='ocrx_word' id='word_1_504' title='bbox 849 2739 965 2780; x_wconf 88' lang='lat' dir='ltr'><strong>optime</strong></span> <span class='ocrx_word' id='word_1_505' title='bbox 982 2738 1093 2768; x_wconf 75' lang='lat' dir='ltr'><strong>fuisset</strong></span> <span class='ocrx_word' id='word_1_506' title='bbox 1107 2738 1236 2773; x_wconf 79' lang='lat' dir='ltr'><strong>sactum,</strong></span> <span class='ocrx_word' id='word_1_507' title='bbox 1254 2737 1282 2768; x_wconf 88' lang='lat' dir='ltr'><strong>si</strong></span> <span class='ocrx_word' id='word_1_508' title='bbox 1298 2737 1393 2768; x_wconf 90' lang='lat' dir='ltr'><strong>modo</strong></span> <span class='ocrx_word' id='word_1_509' title='bbox 1414 2736 1482 2767; x_wconf 84' lang='lat' dir='ltr'><strong>ficri</strong></span> <span class='ocrx_word' id='word_1_510' title='bbox 1503 2736 1669 2777; x_wconf 78' lang='lat' dir='ltr'><strong>potuisset,</strong></span> 
     </span>
     <span class='ocr_line' id='line_1_47' title="bbox 189 2788 1668 2831; baseline 0.002 -15"><span class='ocrx_word' id='word_1_511' title='bbox 189 2788 339 2829; x_wconf 77' lang='lat' dir='ltr'><strong>neglexit.</strong></span> <span class='ocrx_word' id='word_1_512' title='bbox 362 2790 430 2821; x_wconf 86' lang='lat' dir='ltr'><strong>haec</strong></span> <span class='ocrx_word' id='word_1_513' title='bbox 455 2791 539 2821; x_wconf 85' lang='lat' dir='ltr'><strong>enim</strong></span> <span class='ocrx_word' id='word_1_514' title='bbox 563 2791 675 2828; x_wconf 79' lang='lat' dir='ltr'><strong>fuerat,</strong></span> <span class='ocrx_word' id='word_1_515' title='bbox 693 2797 729 2823; x_wconf 89' lang='lat' dir='ltr'><strong>ut</strong></span> <span class='ocrx_word' id='word_1_516' title='bbox 751 2793 823 2823; x_wconf 74' lang='lat' dir='ltr'><strong>milri</strong></span> <span class='ocrx_word' id='word_1_517' title='bbox 842 2792 990 2823; x_wconf 85' lang='lat' dir='ltr'><strong>videlicet</strong></span> <span class='ocrx_word' id='word_1_518' title='bbox 1010 2793 1043 2822; x_wconf 89' lang='lat' dir='ltr'><strong>in</strong></span> <span class='ocrx_word' id='word_1_519' title='bbox 1061 2792 1228 2823; x_wconf 81' lang='lat' dir='ltr'><strong>audiendis</strong></span> <span class='ocrx_word' id='word_1_520' title='bbox 1243 2790 1507 2831; x_wconf 85' lang='lat' dir='ltr'><strong>addiscendisquc</strong></span> <span class='ocrx_word' id='word_1_521' title='bbox 1532 2790 1668 2830; x_wconf 80' lang='lat' dir='ltr'><strong>philoso-</strong></span> 
     </span>
     <span class='ocr_line' id='line_1_48' title="bbox 189 2841 1667 2888; baseline 0.001 -17"><span class='ocrx_word' id='word_1_522' title='bbox 189 2841 272 2883; x_wconf 78' lang='lat' dir='ltr'><strong>phiae</strong></span> <span class='ocrx_word' id='word_1_523' title='bbox 295 2843 470 2875; x_wconf 86' lang='lat' dir='ltr'><strong>rationibus</strong></span> <span class='ocrx_word' id='word_1_524' title='bbox 495 2845 626 2876; x_wconf 78' lang='lat' dir='ltr'><strong>liberius</strong></span> <span class='ocrx_word' id='word_1_525' title='bbox 655 2847 841 2882; x_wconf 64' lang='lat' dir='ltr'><strong>adhaereret,</strong></span> <span class='ocrx_word' id='word_1_526' title='bbox 873 2857 1061 2888; x_wconf 84' lang='lat' dir='ltr'><strong>mecumque</strong></span> <span class='ocrx_word' id='word_1_527' title='bbox 1087 2847 1282 2877; x_wconf 81' lang='lat' dir='ltr'><strong>conveniret.</strong></span> <span class='ocrx_word' id='word_1_528' title='bbox 1305 2851 1338 2876; x_wconf 85' lang='lat' dir='ltr'><strong>at</strong></span> <span class='ocrx_word' id='word_1_529' title='bbox 1363 2855 1435 2875; x_wconf 75' lang='lat' dir='ltr'><strong>vero</strong></span> <span class='ocrx_word' id='word_1_530' title='bbox 1461 2844 1499 2874; x_wconf 87' lang='lat' dir='ltr'><strong>ad</strong></span> <span class='ocrx_word' id='word_1_531' title='bbox 1527 2844 1584 2873; x_wconf 79' lang='lat' dir='ltr'><strong>hoc</strong></span> <span class='ocrx_word' id='word_1_532' title='bbox 1612 2843 1667 2872; x_wconf 82' lang='lat' dir='ltr'><strong>ille</strong></span> 
     </span>
     <span class='ocr_line' id='line_1_49' title="bbox 190 2895 1675 2941; baseline 0 -15"><span class='ocrx_word' id='word_1_533' title='bbox 190 2895 390 2929; x_wconf 83' lang='lat' dir='ltr'><strong>diffidentior</strong></span> <span class='ocrx_word' id='word_1_534' title='bbox 405 2904 485 2936; x_wconf 79' lang='lat' dir='ltr'><strong>erat,</strong></span> <span class='ocrx_word' id='word_1_535' title='bbox 510 2900 622 2930; x_wconf 72' lang='lat' dir='ltr'><strong>timens</strong></span> <span class='ocrx_word' id='word_1_536' title='bbox 639 2901 969 2941; x_wconf 74' lang='lat' dir='ltr'><strong>ne,quema‹ltnodum</strong></span> <span class='ocrx_word' id='word_1_537' title='bbox 987 2912 1049 2932; x_wconf 58' lang='lat' dir='ltr'><strong>ass&lt;</strong></span> <span class='ocrx_word' id='word_1_538' title='bbox 1058 2901 1168 2932; x_wconf 85' lang='lat' dir='ltr'><strong>rebant</strong></span> <span class='ocrx_word' id='word_1_539' title='bbox 1186 2900 1441 2933; x_wconf 82' lang='lat' dir='ltr'><strong>calumniatores,</strong></span> <span class='ocrx_word' id='word_1_540' title='bbox 1465 2898 1489 2927; x_wconf 77' lang='lat' dir='ltr'><strong>si</strong></span> <span class='ocrx_word' id='word_1_541' title='bbox 1503 2896 1675 2928; x_wconf 69' lang='lat' dir='ltr'><strong>rationibus</strong></span> 
     </span>
    </p>
   </div>
   <div class='ocr_carea' id='block_1_3' title="bbox 187 2950 1669 3040">
    <p class='ocr_par' dir='ltr' id='par_1_3' title="bbox 187 2950 1669 3040">
     <span class='ocr_line' id='line_1_50' title="bbox 187 2950 1669 2998; baseline -0.001 -17"><span class='ocrx_word' id='word_1_542' title='bbox 187 2950 249 2982; x_wconf 80' lang='lat' dir='ltr'><strong>illis</strong></span> <span class='ocrx_word' id='word_1_543' title='bbox 274 2951 503 2993; x_wconf 75' lang='lat' dir='ltr'><strong>implicaretur,</strong></span> <span class='ocrx_word' id='word_1_544' title='bbox 527 2955 625 2991; x_wconf 88' lang='lat' dir='ltr'><strong>Dion,</strong></span> <span class='ocrx_word' id='word_1_545' title='bbox 653 2966 722 2997; x_wconf 85' lang='lat' dir='ltr'><strong>quae</strong></span> <span class='ocrx_word' id='word_1_546' title='bbox 753 2955 910 2998; x_wconf 78' lang='lat' dir='ltr'><strong>cupiebat,</strong></span> <span class='ocrx_word' id='word_1_547' title='bbox 931 2955 998 2996; x_wconf 76' lang='lat' dir='ltr'><strong>jam</strong></span> <span class='ocrx_word' id='word_1_548' title='bbox 1023 2961 1106 2987; x_wconf 76' lang='lat' dir='ltr'><strong>esset</strong></span> <span class='ocrx_word' id='word_1_549' title='bbox 1126 2955 1230 2987; x_wconf 83' lang='lat' dir='ltr'><strong>omnia</strong></span> <span class='ocrx_word' id='word_1_550' title='bbox 1257 2958 1455 2986; x_wconf 81' lang='lat' dir='ltr'><strong>consecutus.</strong></span> <span class='ocrx_word' id='word_1_551' title='bbox 1479 2962 1539 2991; x_wconf 74' lang='lat' dir='ltr'><strong>ego</strong></span> <span class='ocrx_word' id='word_1_552' title='bbox 1564 2957 1669 2982; x_wconf 78' lang='lat' dir='ltr'><strong>autem</strong></span> 
     </span>
     <span class='ocr_line' id='line_1_51' title="bbox 284 3006 1584 3040; baseline 0.004 -3"><span class='ocrx_word' id='word_1_553' title='bbox 284 3007 374 3038; x_wconf 73' lang='lat' dir='ltr'><strong>mat.</strong></span> <span class='ocrx_word' id='word_1_554' title='bbox 396 3007 450 3039; x_wconf 84' lang='lat' dir='ltr'><strong>Tr.</strong></span> <span class='ocrx_word' id='word_1_555' title='bbox 913 3009 958 3040; x_wconf 83' lang='lat'><strong>11.</strong></span> <span class='ocrx_word' id='word_1_556' title='bbox 1519 3010 1538 3038; x_wconf 81' lang='lat'>3</span> <span class='ocrx_word' id='word_1_557' title='bbox 1558 3006 1584 3036; x_wconf 83' lang='lat' dir='ltr'>P</span> 
     </span>
    </p>
   </div>
  </div>
 </body>
</html>
