1840 3225
141 270 239 320 246]
715 266 1073 305 MENEXENUS.
1560 267 1612 304 (55

140 378 189 404 ret
203 373 324 405 exsules
339 379 370 404 et
385 372 573 404 voluntarios
589 370 748 412 adjutores
764 370 806 400 illi
823 370 939 411 favere,
949 370 1015 400 sinc
1027 370 1234 401 controversia
1248 381 1318 401 eum
1331 380 1456 412 quoqne
1469 370 1613 400 servavit.

139 426 271 458 Structis
279 433 383 458 autern
394 427 486 457 muris
498 424 718 465 fabricatisque
727 424 857 454 navibus
865 424 1009 465 belloque
1021 430 1177 465 suscepto,
1187 425 1314 465 quando
1323 430 1429 455 coacta
1439 430 1486 455 est
1498 426 1612 455 bellum

142 492 259 521 gerere,
272 493 326 523 pro
342 481 497 512 Pariorum
515 480 614 510 salute
628 483 733 510 contra
746 478 1002 508 Laeedaemonios
1013 478 1183 508 dimicavit.
1207 479 1356 509 Metuens
1370 489 1440 509 vero
1453 479 1612 510 civitatem

139 545 203 572 rex,
221 542 384 577 postquam
400 534 655 565 Lacedaemonios
672 533 790 563 viderat
806 532 915 562 navale
933 531 1046 562 bellum
1062 542 1201 568 renuere,
1214 537 1246 563 et
1266 533 1378 563 iccirco
1394 533 1542 564 desistere
1557 544 1611 564 vo·

141 588 220 626 lens,
237 589 396 630 requisivit
411 588 539 620 Graecos
552 588 603 629 qui
619 588 648 617 in
661 587 836 618 continenti
851 591 948 622 erant,
962 597 1038 627 quos
1053 586 1136 627 prius
1148 585 1209 627 ipsi
1221 585 1450 617 Lacedaemonii
1463 587 1613 618 exhibue-

90 659 97 666 ·
141 649 221 679 rant,
238 643 264 673 si
279 642 538 684 propugnandum
556 641 635 671 foret
651 641 811 671 nobiscum
830 639 1002 680 ceterisque
1021 639 1093 670 belli
1108 640 1212 676 sociis,
1229 640 1392 670 arbitratus
1408 641 1467 671 hoc
1485 641 1542 671 sibi
1558 652 1611 672 ne-

141 701 245 738 gatum
264 697 312 733 iri,
326 707 388 738 quo
405 695 625 737 tergiversandi
641 695 837 725 occasionem
850 693 1091 724 nancisceretur.
1117 692 1169 723 ubi
1184 703 1201 723 a
1215 694 1495 735 propugnatoribus
1507 696 1614 726 sociis-

140 760 201 791 que
217 750 284 781 aliis
300 756 347 781 est
362 751 525 790 deceptus.
549 759 683 790 namque
700 749 844 779 exhibere
863 747 907 777 illi
926 747 1103 786 volucrunt,
1119 754 1395 789 conveneruntque
1406 748 1612 789 jurejurando

141 805 285 836 adhibito
302 804 468 840 Corinthii,
487 804 609 845 Argivi,
626 803 755 843 Boeotii,
768 802 924 843 ceterique
942 801 1015 832 belli
1027 801 1117 838 socii,
1133 801 1157 831 si
1170 803 1257 832 daret
1269 802 1430 842 pecunias,
1443 809 1477 832 ut
1490 813 1542 832 eos
1556 803 1614 841 illi,

139 859 196 900 qui
211 859 241 890 in
258 859 432 890 continenti
446 864 546 894 eraut,
563 858 689 888 Graecos
707 858 876 888 traderent.
901 856 958 887 soli
976 866 1045 886 vero
1062 867 1118 886 nos
1135 866 1237 897 neque
1254 857 1374 887 tradere
1394 867 1496 897 neque
1508 857 1612 897 jurare

141 919 216 944 tunc
233 913 300 944 ausi
315 924 431 945 sumus.
457 924 555 954 usque
571 913 650 942 adeo
670 923 734 942 mos
749 911 885 942 civitatis
903 909 995 951 hujus
1013 920 1192 950 generosus,
1209 910 1296 947 liber,
1311 916 1468 946 constans,
1480 911 1612 952 integer,

142 972 175 997 et
191 973 299 998 natura
317 968 450 998 barbaris
466 973 514 998 est
530 966 670 997 infensus
685 978 692 996 ε
719 971 880 1007 propterea
897 965 982 1006 quod
1000 964 1140 994 homines
1156 964 1188 994 hi
1204 965 1322 1006 absque
1338 964 1401 994 ulla
1415 965 1610 995 barbarorum

143 1020 365 1052 commixtione
381 1022 451 1063 puri
467 1021 641 1062 integrique
659 1025 731 1050 sunt
747 1019 863 1050 Graeci.
888 1030 990 1060 neque
1008 1019 1089 1049 enim
1107 1018 1274 1049 miscentur
1290 1019 1452 1050 nobiscum
1479 1019 1614 1061 Pelopes

143 1081 198 1106 aut
214 1076 336 1107 Cadmii
363 1081 418 1106 aut
442 1075 592 1117 AEgyptii
618 1074 763 1105 Danaive
791 1073 906 1114 aliique
935 1072 1092 1114 permulti,
1107 1079 1216 1103 natura
1241 1073 1369 1114 quidem
1396 1074 1528 1110 barbari,
1546 1074 1614 1114 lege

141 1129 337 1160 solummodo
354 1130 479 1161 Graeci:
507 1129 560 1160 sed
577 1129 638 1170 ipsi
655 1128 758 1159 Graeci
776 1129 938 1163 duntaxat,
955 1127 1042 1157 nulla
1059 1137 1181 1168 prorsus
1197 1127 1308 1157 infecti
1327 1128 1521 1157 barbarorum
1537 1138 1613 1158 con-

143 1183 278 1220 fusione,
296 1194 538 1225 perseveramus.
565 1193 636 1224 quae
665 1183 792 1224 quidem
820 1182 938 1224 puritas
965 1182 1070 1212 odium
1096 1181 1169 1212 huic
1197 1178 1315 1212 civitati
1342 1182 1488 1213 adversus
1516 1193 1614 1224 genus

141 1238 276 1268 alienum
294 1238 447 1279 ingenuit.
493 1237 559 1267 Soli
574 1248 674 1267 rursus
692 1237 823 1277 purique
851 1247 888 1267 ex
916 1238 978 1266 hoc
1007 1236 1282 1276 perseveravimus,
1298 1237 1384 1277 quod
1413 1246 1493 1278 opus
1519 1243 1610 1277 turpe

144 1291 371 1333 profanumque
388 1296 563 1332 perpetrare
586 1290 754 1326 noluimus,
773 1290 963 1331 Graecosque
992 1290 1189 1320 barbarorum
1213 1290 1356 1320 manibus
1383 1291 1514 1321 tradere.
1562 1290 1615 1320 Ad

143 1346 211 1377 haec
239 1346 333 1387 igitur
357 1345 595 1386 descendentes,
612 1356 649 1375 ex
678 1345 791 1385 quibus
818 1344 918 1385 primo
949 1344 1084 1385 superati
1113 1343 1239 1380 suimus,
1254 1343 1379 1374 favente
1404 1344 1476 1380 deo,
1493 1344 1617 1374 felicius

143 1410 237 1441 quam
253 1406 327 1430 tunc
344 1400 459 1431 bellum
477 1400 649 1442 posuimus,
676 1409 745 1429 nam
764 1399 935 1430 retinentes
963 1409 1070 1435 naveS,
1086 1409 1191 1428 muros
1216 1403 1400 1439 nostrasque
1426 1397 1579 1434 colonias,
1597 1408 1616 1427 a

143 1454 226 1485 bello
242 1454 363 1485 liberati
379 1465 483 1485 sumus
498 1466 506 1484 ι
533 1455 612 1484 adeo
628 1454 759 1484 libenter
776 1459 807 1485 et
821 1454 928 1484 hostes
944 1452 1003 1494 ipsi
1026 1453 1224 1484 destiterunt.
1270 1451 1363 1483 Viros
1392 1456 1495 1482 tamen
1520 1451 1615 1482 sortes

143 1509 204 1538 hoc
219 1518 345 1549 quoque
361 1508 392 1538 in
409 1508 492 1539 bello
509 1508 677 1544 amisimus,
694 1508 806 1549 partim
827 1508 912 1547 apud
939 1506 1127 1537 Corinthum
1152 1506 1287 1547 regionis
1310 1507 1478 1548 asperitate
1501 1512 1534 1536 et
1559 1517 1614 1537 an-

144 1562 249 1604 gustia
262 1562 461 1603 interceptos,
479 1562 590 1604 partim
609 1562 786 1603 proditione
803 1562 886 1603 apud
914 1561 1082 1592 Lechaeum
1108 1561 1301 1603 profligatos.
1345 1560 1489 1602 Insignes
1517 1559 1614 1601 [210]

144 1626 270 1658 quoque
287 1616 355 1656 viri,
371 1616 425 1657 qui
441 1621 473 1646 et
488 1626 590 1656 regem
608 1615 788 1654 liberavere,
803 1620 835 1646 et
859 1626 897 1646 ex
925 1615 1001 1645 mari
1026 1615 1285 1646 Lacedaemonios
1313 1614 1511 1655 expulerunt.
1535 1624 1614 1654 quos

143 1681 204 1711 ego
220 1671 365 1712 equidem
381 1671 414 1701 in
436 1670 613 1701 memoriam
644 1669 731 1700 vobis
761 1670 886 1700 reduco.
910 1680 966 1699 vos
991 1675 1094 1700 autem
1124 1669 1204 1699 viros
1230 1668 1412 1710 hujusmodi
1437 1667 1615 1698 collaudare

142 1724 359 1766 celebrareque
374 1725 476 1756 decet.
509 1724 614 1765 Atque
631 1734 726 1765 opera
743 1724 870 1765 quidem
887 1724 952 1753 haec
971 1723 1101 1753 virorum
1118 1723 1168 1754 hic
1179 1723 1366 1764 jacentium,
1380 1727 1615 1763 ceterorumque

142 1779 293 1816 omnium,
306 1779 485 1820 quicunque
502 1789 557 1820 pro
575 1779 673 1819 patria
689 1778 842 1814 obierunt,
857 1788 928 1819 quae
943 1777 1038 1808 relata
1050 1783 1133 1813 sunt,
1147 1777 1244 1807 multa
1257 1782 1330 1807 sunt
1341 1782 1434 1818 atque
1447 1775 1592 1817 praeclara
1606 1786 1615 1807 t

145 1833 200 1864 sed
214 1844 283 1874 quae
300 1838 427 1870 restant,
445 1833 533 1874 plura
549 1833 717 1862 admodum
736 1832 1011 1873 praestantioraque
1029 1837 1116 1863 sunt.
1141 1831 1226 1873 atqui
1243 1831 1310 1862 dies
1326 1830 1414 1861 multi
1428 1830 1476 1860 vix
1494 1835 1617 1860 noctes-

145 1897 207 1928 que
230 1887 417 1924 sufficerent‚
444 1887 467 1917 si
498 1887 568 1928 quis
594 1886 697 1917 onmia
723 1886 893 1927 complecti
918 1886 1060 1916 voluerit.
1104 1885 1164 1916 His
1190 1896 1262 1926 ergo
1291 1884 1436 1915 memoria
1463 1884 1614 1925 repetitis,

143 1946 399 1982 unumquemque
416 1941 510 1972 virum
528 1946 652 1982 oportet
668 1946 757 1970 natos
773 1941 880 1970 horum
904 1940 1027 1970 assidue
1054 1939 1219 1978 exhortari,
1236 1944 1270 1969 ut
1299 1943 1445 1979 tanquam
1474 1937 1504 1967 in
1532 1937 1613 1968 bello

145 1994 295 2035 majorum
310 2006 433 2026 suorum
450 1996 589 2026 ordinem
606 2000 739 2032 servent,
755 2005 857 2036 neque
872 2005 926 2034 per
942 1994 1096 2035 ignaviam
1115 1993 1289 2034 aufugiant.
1337 1992 1507 2034 Equidem,
1525 2002 1543 2022 ο
1570 1991 1617 2022 vi-

145 2059 246 2079 rorum
265 2050 476 2090 praestantium
493 2050 559 2085 filii,
577 2060 631 2080 vos
647 2050 713 2091 ipse
730 2055 761 2080 et
779 2050 809 2079 in
837 2049 1002 2090 praesentia
1029 2049 1184 2088 exhortor,
1199 2053 1232 2079 et
1259 2048 1290 2078 in
1320 2052 1488 2089 posterum,
1505 2057 1615 2087 quem-

142 2112 269 2144 cunque
287 2108 418 2134 vestrum
446 2110 556 2135 nactus
583 2103 682 2140 fuero,
699 2104 874 2134 admonebo
901 2114 1022 2145 semper
1050 2109 1082 2134 et
1106 2103 1302 2139 cohortabor,
1319 2107 1354 2133 ut
1381 2112 1475 2144 quarn
1503 2101 1617 2142 optimi

148 2157 280 2188 evadere
296 2158 507 2189 contendatis.
552 2157 648 2189 Nunc
665 2169 790 2199 quoque
808 2168 862 2199 par
876 2163 923 2189 est
939 2157 1026 2188 vobis
1048 2157 1169 2193 referre,
1186 2167 1256 2198 quae
1282 2156 1371 2187 nobis
1397 2161 1498 2198 patres
1524 2156 1619 2186 vestri

147 2211 304 2242 finxerunt
320 2212 569 2254 mandaruntque
586 2213 719 2254 posteris
736 2213 915 2254 praedicare,
932 2212 957 2242 si
979 2212 1053 2253 quid
1083 2216 1271 2252 paterentur,
1291 2221 1361 2242 cum
1387 2210 1466 2240 foret
1493 2210 1618 2252 pericli-

146 2265 288 2298 tandum.
334 2266 522 2297 Recensebo
539 2266 633 2308 igitur
656 2267 742 2297 vobis
768 2267 802 2297 in
828 2267 1091 2308 praesentia‚quae
1118 2276 1154 2296 ex
1183 2265 1244 2295 illis
1271 2264 1347 2306 ipsis
1372 2264 1490 2301 audivi,
1506 2274 1617 2306 quaeve

142 2319 201 2360 ipsi
218 2330 302 2351 nunc
317 2321 417 2356 vobis,
435 2321 460 2352 si
476 2321 607 2352 facultas
624 2321 760 2358 daretur,
777 2321 910 2352 libenter
928 2320 1146 2362 praeciperent.
1171 2318 1394 2360 Conjecturam
1412 2318 1557 2360 equidem
1579 2328 1616 2348 ex

142 2373 204 2404 illis
218 2384 288 2415 quae
303 2376 462 2415 quondam
479 2376 626 2407 (licebant
643 2375 756 2406 efficio.
800 2375 985 2406 Existiiuate
1000 2385 1085 2412 vero,
1100 2384 1184 2405 nunc
1200 2384 1271 2415 quae
1287 2373 1429 2408 reseram,
1443 2372 1515 2402 illos
1528 2371 1615 2413 ipsos

143 2427 250 2458 audire
266 2429 440 2470 loquenteS.
463 2430 546 2460 hunc
563 2435 666 2460 autem
681 2430 715 2460 in
731 2430 859 2460 modum
876 2430 976 2460 exorsi
991 2433 1086 2460 sunt:
1113 2428 1208 2466 Quod
1227 2438 1265 2458 ex
1295 2425 1448 2467 praeclaris
1478 2425 1617 2466 parenti-

145 2481 202 2512 bus
217 2482 276 2512 orti
290 2483 376 2519 estis,
392 2494 410 2513 ο
426 2483 495 2524 filii,
512 2484 677 2525 proesentia
692 2484 779 2515 vobis
796 2490 957 2516 testantur.
983 2485 1138 2526 profecto,
1155 2493 1227 2514 cum
1244 2482 1334 2512 nobis
1350 2481 1457 2512 liceret
1484 2479 1614 2520 turpiter

142 2534 257 2573 vivere,
272 2537 402 2568 honeste
418 2539 514 2568 emori
531 2538 704 2575 maluimus,
721 2548 813 2580 quam
840 2549 895 2569 vos
924 2542 1106 2578 ceterosque
1133 2542 1274 2578 posteros
1301 2533 1438 2564 infamiae
1466 2533 1613 2574 cuiqnam

144 2588 311 2630 subjicere,
327 2601 363 2622 ac
382 2591 562 2632 parentibus
578 2593 691 2623 nostris
706 2592 979 2634 superioribusque
994 2591 1141 2623 dedecori
1156 2600 1238 2628 esse,
1251 2593 1400 2630 putantes
1413 2587 1530 2618 homini
1543 2598 1613 2618 suos

144 2642 347 2674 dedecoranti
364 2655 426 2675 non
443 2655 510 2676 esse
523 2645 700 2677 vivendum.
724 2646 752 2677 ei
765 2656 898 2687 namque
914 2656 1017 2687 neque
1029 2645 1060 2675 in
1073 2645 1136 2675 vita
1146 2653 1248 2684 neque
1261 2647 1332 2684 post
1344 2647 1470 2673 mortem
1483 2642 1616 2673 amicum

142 2695 280 2738 aliquem
297 2708 364 2729 esse
381 2699 429 2729 vel
446 2698 606 2729 hominum
624 2700 671 2730 vel
687 2701 828 2732 deorum.
853 2700 987 2742 Oportet
1005 2700 1096 2741 igitur
1111 2709 1178 2735 vos,
1191 2697 1351 2728 verborum
1365 2701 1536 2726 nostrorum
1553 2705 1617 2725 me-

145 2761 256 2788 mores,
273 2753 297 2783 si
313 2752 389 2794 quid
405 2753 490 2784 aliud
506 2753 668 2790 exercetis,
684 2765 753 2785 cuin
776 2756 889 2786 virtute
913 2764 1069 2795 exercere,
1086 2753 1219 2784 scientes
1234 2752 1350 2792 absque
1366 2750 1479 2780 virtute
1501 2749 1618 2780 exerci-

150 2804 286 2837 tationes
301 2812 333 2837 et
348 2807 560 2848 possessiones
579 2819 687 2839 omnes
702 2814 807 2850 turpes
832 2809 989 2850 malasque
1014 2818 1090 2838 esse.
1116 2806 1234 2837 divitiae
1260 2814 1395 2845 namque
1423 2803 1618 2844 splendorem

150 2859 286 2891 afferunt
300 2861 419 2892 nullum
436 2872 488 2893 eas
505 2873 575 2894 cum
602 2863 729 2904 ignavia
754 2863 941 2905 possidenti.
963 2872 1068 2903 neque
1093 2861 1176 2892 enim
1202 2860 1261 2891 sibi
1288 2859 1350 2894 hic,
1368 2858 1423 2888 sed
1450 2856 1536 2887 alteri
1562 2865 1618 2895 pa-

148 2917 196 2943 rat
224 2914 427 2956 possidetque
453 2915 590 2949 divitias.
637 2916 752 2958 Neque
778 2917 876 2948 forma
902 2916 1040 2957 corporis
1068 2920 1162 2957 atque
1189 2915 1291 2951 robur,
1323 2911 1432 2943 timido
1461 2920 1497 2940 nc
1522 2918 1617 2950 pravo

147 2976 218 2998 cum
233 2967 355 3008 insunt,
369 2969 514 3001 decorem
542 2976 702 3013 praestant.
725 2982 796 3003 eum
822 2981 956 3013 namque
984 2970 1150 3007 dedecent,
1167 2969 1321 3000 notiorem
1352 2965 1503 2999 efficiunt,
1530 2963 1618 3003 igna-

234 3020 321 3053 mae.
349 3022 402 3054 Tr.
909 3025 955 3056 11.
1514 3017 1526 3047 1
