1840 3225
147 199 243 249 628]
598 197 669 234 DE
709 194 936 234 LEGIBUS
998 197 1095 236 [1ss.
1137 198 1166 235 1.
1520 200 1596 237 287

144 302 234 333 nulla
259 306 341 332 esset
363 301 491 335 utilitas,
516 310 577 331 non
603 299 842 341 possessionum,
867 309 928 330 non
953 299 1077 336 artium,
1105 300 1165 331 nisi
1178 300 1247 342 quis
1259 300 1341 332 bello
1357 306 1504 343 superet3
1531 313 1600 334 cum

146 356 252 387 omnia
273 356 354 387 bona
377 366 492 391 eorum,
507 355 559 397 qui
572 355 682 385 invicti
694 359 777 389 sunt,
800 353 841 384 ad
853 354 986 385 victores
1012 354 1097 385 illico
1111 360 1282 386 transeant.
1325 355 1464 387 Arnen.
1485 355 1602 393 Probe,

147 419 167 441 o
193 411 318 451 hospes,
340 409 380 441 ad
396 407 600 450 perficiendas
621 408 815 440 Cretensium
832 409 919 450 leges
934 408 1120 439 exercitatus
1135 409 1212 439 mihi
1228 409 1355 441 videris.
1369 410 1425 440 sed
1433 410 1464 442 id
1478 411 1606 453 planius

146 463 246 494 dicas.
268 469 351 495 recte
376 463 561 503 dispositam
584 462 742 493 civitatem
769 467 844 493 tune
871 461 994 492 demum
1022 461 1125 492 dicere
1149 462 1236 492 visus
1255 473 1300 498 es,
1316 474 1387 493 cum
1401 464 1446 494 sic
1461 465 1605 495 instituta

145 521 193 547 est
207 529 213 546 :
239 522 274 547 ut
295 522 414 548 ceteras
436 515 520 546 bello
545 515 670 546 vincere
686 515 793 556 possit.
820 525 924 545 nonne
951 515 1018 545 ita?
1065 514 1141 546 Cm.
1173 516 1223 546 Ita
1252 527 1388 557 prorsus.
1411 519 1493 548 hunc
1508 519 1605 549 etiam

147 570 277 601 arbitror
291 579 522 600 consensurum.
566 569 664 600 Mne.
687 568 782 599 Haud
805 569 906 604 aliter,
929 579 947 599 o
978 569 1084 599 divine
1112 569 1167 605 vir,
1188 569 1498 602 Lacedaemoniorum
1520 573 1606 613 quis-

146 625 231 665 piam
256 623 464 665 responderet.
508 623 646 654 Arum.
669 623 782 654 Utrum
799 623 909 653 civitas
927 623 969 653 ad
984 623 1141 654 civitatem
1158 624 1201 654 ita
1216 634 1249 653 se
1266 624 1376 663 habet3
1399 625 1487 655 vicus
1503 631 1605 656 autem

146 679 186 709 ad
215 678 316 708 vicum
340 677 453 708 aliter?
501 675 577 707 Cm.
601 675 675 707 Non
699 676 798 708 aliter.
851 676 991 707 Aram«.
1023 677 1173 708 Similiter
1201 687 1275 718 ergo
1302 688 1334 709 se
1359 678 1485 709 habent.
1531 679 1608 711 CLr.

147 732 305 763 Similiter.
349 730 488 763 Arm-:m
512 730 666 771 Nunquid
685 737 717 761 et
731 730 843 761 domus
857 730 898 760 ad
913 731 1051 766 domum,
1068 742 1138 772 quae
1153 731 1262 762 eodem
1276 732 1309 762 in
1323 732 1392 762 vico
1403 738 1486 768 sunt,
1503 740 1535 762 et
1544 733 1608 763 sin-

145 786 212 827 guli
226 785 282 816 viri
294 785 335 816 ad
350 785 487 826 sing-ulos
502 786 512 816 ?
548 785 623 817 ΟΜ.
641 785 794 816 Similiter
809 793 842 816 et
855 785 926 816 ista.
970 785 1105 816 Ammz.
1131 786 1216 822 Quid
1232 796 1323 826 porro
1338 785 1377 816 de
1390 786 1455 816 viro
1467 786 1610 827 quolibet

145 840 184 870 ad
197 849 230 871 se
245 839 346 881 ipsum
363 844 412 869 est
427 839 618 870 dicendum?
642 844 747 869 utrum
763 838 933 879 quemlibet
947 840 988 870 ad
1004 850 1035 870 se
1048 839 1163 880 ipsum,
1180 840 1269 880 quasi
1284 840 1406 870 hostem
1423 840 1462 870 ad
1476 842 1609 875 hostem,

147 894 227 925 affici
242 894 406 924 dicemus?
429 903 469 923 an
486 893 598 923 aliter?
645 893 722 924 Cm.
745 892 774 923 Ο
793 893 994 923 Atheniensis
1009 894 1133 934 hospes.
1156 904 1219 924 non
1244 894 1330 924 enim
1345 904 1403 935 ego
1419 899 1449 924 te
1465 893 1608 925 Atticum

146 947 308 978 nominare
338 947 419 978 volo.
447 946 562 977 videris
584 957 718 987 namque
735 946 815 977 Deae
832 947 933 987 ipsius
950 948 1102 982 Athenas,
1117 947 1150 978 id
1166 953 1214 978 est
1229 948 1383 983 Palladis,
1400 954 1611 989 cognomento

146 1002 271 1042 dignior
285 1012 365 1032 esse.
389 1011 502 1042 nempe
526 1001 701 1033 nniversam
728 1002 809 1031 hanc
824 1002 979 1031 rationem
995 1001 1034 1031 ad
1052 1002 1238 1043 principium
1255 1004 1415 1033 reductam
1428 1003 1472 1033 ita
1487 1004 1610 1044 planam

147 1055 260 1091 fecisti,
282 1062 315 1086 ut
330 1055 453 1086 facilius
468 1055 599 1085 inveniri
614 1060 719 1096 queat,
734 1055 828 1085 modo
841 1055 937 1096 probe
953 1055 1050 1086 fuisse
1067 1055 1198 1092 dictum,
1213 1057 1322 1086 hostes
1336 1056 1487 1087 videlicet
1501 1067 1611 1087 omnes

149 1110 293 1140 omnibus
304 1120 383 1145 esse,
401 1114 464 1140 tam
481 1109 605 1150 publice
621 1120 715 1150 quam
730 1109 882 1150 privatim,
897 1115 930 1141 et
943 1110 1083 1151 singulos
1099 1111 1158 1141 sibi
1173 1111 1263 1152 ipsis.
1308 1111 1446 1142 A'rmzx.
1470 1111 1614 1148 Quomo-

148 1164 190 1194 do
203 1163 237 1194 id
254 1164 310 1200 ais,
326 1174 345 1194 ο
357 1164 404 1193 vir
417 1163 567 1193 mirifice?
614 1163 690 1194 Cm.
713 1163 861 1199 Primam,
877 1174 896 1194 o
910 1164 1035 1204 hospes,
1060 1170 1092 1195 et
1107 1165 1259 1206 optimam
1273 1176 1341 1196 esse
1356 1165 1427 1196 dico
1441 1165 1613 1201 victoriam,

151 1223 184 1248 ut
204 1228 237 1248 se
255 1218 357 1259 ipsum
373 1218 443 1259 quis
459 1217 563 1247 vincat
577 1229 583 1246 t
610 1217 824 1258 turpissimum
839 1228 912 1248 vero
928 1218 1079 1259 quiddam
1093 1225 1126 1249 et
1140 1220 1324 1260 pessimum,
1336 1226 1372 1250 ut
1384 1230 1403 1250 a
1418 1230 1450 1250 se
1468 1220 1535 1260 ipso
1546 1220 1612 1250 vin-

149 1277 245 1303 catur.
273 1277 367 1313 atque
395 1273 462 1302 haec
489 1271 595 1302 omnia
619 1271 738 1302 bellum
761 1282 829 1302 esse
859 1272 992 1312 singulis
1020 1273 1058 1302 ad
1084 1283 1116 1303 se
1141 1273 1226 1314 ipsos
1241 1274 1429 1315 significant.
1475 1272 1616 1304 Arum.

149 1325 334 1356 Orationem
358 1326 446 1356 illam
455 1325 567 1356 iterum
580 1336 784 1357 resumamus.
809 1336 884 1357 nam
899 1337 969 1356 cum
986 1327 1116 1368 quisque
1130 1333 1270 1358 nostrum
1284 1328 1486 1368 autsuperior
1498 1338 1531 1358 se
1545 1328 1616 1369 ipso

148 1379 188 1410 sit
201 1385 256 1410 aut
267 1380 392 1411 inferior
407 1391 415 1418 ;
441 1379 538 1422 [627]
557 1379 769 1411 dicendumne
787 1386 836 1411 est
852 1379 963 1411 eodem
979 1391 1012 1411 se
1027 1381 1120 1412 modo
1136 1382 1275 1418 domum,
1292 1382 1396 1412 vicum
1409 1388 1441 1411 et
1455 1381 1615 1412 civitatem

147 1434 287 1465 habere?
310 1444 351 1465 an
380 1434 493 1465 aliter?
540 1433 618 1465 Cu.
641 1434 730 1465 Sitne
761 1434 900 1476 superior
929 1434 1035 1476 aliqua
1060 1445 1094 1465 se
1119 1436 1198 1476 ipsa,
1222 1436 1329 1477 aliqua
1349 1435 1486 1471 inferior,
1514 1436 1617 1467 dicis?

150 1487 290 1519 Arnim.
312 1488 352 1519 Id
378 1489 492 1530 ipsum.
538 1489 615 1520 Cu.
639 1489 727 1520 Istud
744 1499 869 1531 quoque
886 1494 967 1520 recte
979 1490 1130 1531 quaesisti.
1145 1501 1208 1520 non
1224 1490 1310 1520 enim
1321 1490 1424 1520 minus
1439 1490 1617 1521 civitatibus

148 1543 181 1573 id
189 1543 360 1585 contingit:
385 1543 482 1574 immo
503 1544 636 1574 maxime
661 1544 719 1574 hoe
732 1543 765 1573 in
775 1544 822 1574 eis
834 1544 1044 1585 perspicuum.
1065 1554 1139 1574 nam
1156 1544 1208 1574 ubi
1224 1545 1366 1575 meliores
1381 1543 1615 1574 multitudinem

149 1596 336 1639 pejoresque
361 1602 520 1638 superant,
536 1603 621 1628 recte
640 1597 780 1639 profecto
795 1598 906 1629 civitas
920 1599 977 1629 illa
992 1599 1132 1639 superior
1150 1609 1182 1629 se
1198 1598 1268 1640 ipsa
1283 1598 1416 1635 dicetur,
1429 1603 1462 1628 et
1476 1599 1535 1628 hac
1551 1598 1615 1629 vic—

144 1650 318 1682 toriavnon
334 1651 449 1692 injuria
464 1651 659 1682 laudabitur:
685 1659 791 1683 contra
803 1663 890 1689 vero,
908 1653 961 1684 ubi
976 1653 1166 1683 contrarium
1180 1652 1226 1683 fit.
1271 1652 1408 1683 Arium.
1431 1652 1493 1683 Sed
1513 1657 1614 1683 utrum

151 1705 237 1746 quod
260 1705 352 1747 pejus
377 1711 435 1742 est,
459 1706 587 1737 meliore
604 1706 774 1748 aliquando
787 1708 927 1748 superius
942 1713 975 1738 et
986 1708 1146 1748 potentius
1160 1708 1210 1742 sit,
1225 1706 1266 1737 ad
1279 1716 1417 1748 praesens
1432 1706 1616 1746 praetermit-

149 1765 254 1798 tatnr;
277 1760 416 1801 longiore
432 1770 566 1801 namque
578 1761 720 1791 oratione
736 1761 867 1803 indiget.
890 1763 974 1803 quod
991 1767 1095 1792 autem
1113 1761 1166 1792 abs
1183 1767 1213 1792 te
1229 1761 1351 1791 dictum
1362 1766 1420 1796 est,
1438 1760 1481 1790 sic
1497 1761 1616 1791 intelli-

151 1823 202 1854 go,
226 1813 311 1855 quod
330 1814 414 1845 cives
431 1814 620 1856 quandoque
636 1816 763 1857 cognati
780 1822 815 1846 et
828 1816 964 1847 civitatis
981 1816 1132 1858 ejusdem,
1148 1815 1238 1846 multi
1250 1820 1283 1845 et
1305 1814 1449 1856 improbi,
1467 1814 1616 1846 adversus

146 1866 261 1907 justos,
282 1868 335 1909 qui
360 1868 463 1909 pauci,
480 1870 715 1909 conspirabunt,
729 1869 854 1910 vimque
870 1869 1020 1905 inferent,
1041 1875 1074 1899 ut
1089 1879 1143 1899 eos
1158 1869 1345 1911 subjiciant:
1371 1878 1418 1903 ac,
1436 1868 1460 1898 si
1475 1869 1616 1905 vicerint,

150 1921 260 1951 civitas
285 1922 339 1951 illa
354 1932 387 1952 se
402 1923 471 1963 ipsa
486 1923 613 1953 inferior
625 1934 783 1965 pravaque
796 1923 929 1959 dicetur,
947 1924 995 1953 sin
1010 1928 1116 1954 autem
1129 1923 1206 1953 victi
1218 1922 1344 1958 fuerint,
1369 1922 1508 1963 superior
1520 1926 1614 1963 atque

153 1975 260 2015 proba.
284 1975 361 2008 (ἴω.
376 1976 495 2007 Mirum
511 1981 568 2012 est,
584 1977 710 2018 hospes,
725 1977 810 2019 quod
823 1977 948 2008 dicitur.
964 1978 1008 2008 sic
1023 1982 1129 2008 tamen
1145 1977 1236 2008 fateri
1252 1987 1381 2007 necesse
1397 1982 1455 2006 est.
1480 1975 1618 2007 Arm-tu.

155 2029 226 2070 Age
249 2029 328 2070 jam,
355 2035 387 2059 et
414 2031 472 2060 hoc
486 2041 590 2061 rursus
606 2032 850 2062 consideremus.
867 2032 957 2062 multi
969 2032 1008 2062 ab
1024 2042 1086 2062 uno
1103 2037 1189 2073 patre
1204 2036 1364 2072 matreque
1382 2030 1494 2061 eadem
1507 2030 1617 2060 fratres

153 2083 240 2113 nasci
256 2089 386 2124 possunt
402 2096 407 2113 :
425 2094 484 2115 nec
499 2085 622 2121 mirum,
637 2085 663 2115 si
678 2086 785 2126 plures
800 2096 907 2116 eorum
919 2085 1030 2126 injusti
1043 2091 1142 2121 erunt,
1151 2086 1229 2128 justi
1242 2095 1315 2116 vero
1328 2084 1501 2126 pauciores.
1539 2084 1617 2116 CLr.

153 2136 241 2168 Nihil
268 2138 391 2169 mirum.
436 2139 574 2170 Arnen.
600 2139 670 2170 Nec
699 2140 776 2170 mihi
805 2140 897 2170 modo
925 2150 1028 2181 neque
1046 2140 1132 2171 vobis
1155 2140 1303 2170 decorum
1331 2144 1380 2169 est
1402 2139 1434 2169 in
1448 2139 1506 2169 hoc
1522 2138 1616 2168 verba

152 2192 313 2233 aucupari,
334 2192 367 2223 in
385 2203 447 2234 quo
468 2192 583 2224 dicitur
595 2194 708 2224 domus
721 2198 754 2225 et
769 2195 914 2235 cognatio
931 2195 1073 2225 universa
1085 2193 1212 2224 inferior
1227 2203 1259 2224 se
1274 2193 1343 2234 ipsa
1358 2193 1468 2229 videri,
1488 2193 1514 2223 si
1528 2193 1616 2233 pravi

152 2251 323 2286 superent:
349 2247 496 2288 superior,
523 2246 550 2277 si
578 2247 751 2280 vincantur.
781 2258 885 2289 neque
913 2248 1000 2278 enim
1023 2248 1063 2278 de
1086 2247 1136 2277 his
1151 2247 1345 2288 disputamus
1361 2246 1548 2286 elegantiam
1564 2246 1615 2276 vel

152 2298 316 2330 ruditatem
342 2301 504 2331 verborum
530 2301 731 2338 observaturi,
760 2301 844 2343 quod
871 2303 961 2332 multi
985 2302 1089 2332 faeere
1115 2301 1218 2331 solent
1231 2312 1237 2330 :
1262 2300 1320 2331 sed
1338 2310 1408 2341 quae
1430 2308 1515 2330 recta
1537 2300 1615 2331 tatio

154 2353 327 2383 secundum
356 2363 497 2384 naturam
523 2355 556 2385 in
586 2356 709 2396 legibus
735 2356 785 2392 sit,
813 2357 882 2398 quis
907 2367 1000 2392 error,
1028 2355 1216 2397 indagaturi.
1261 2354 1338 2386 Cu.
1370 2353 1453 2385 Vera
1468 2354 1615 2395 loqueris,

153 2406 279 2447 hospes·
323 2407 420 2438 Meo.
445 2408 547 2438 Probe
576 2409 714 2450 profecto
729 2411 889 2451 hucusque
901 2411 979 2441 mihi
997 2420 1122 2451 quoque
1144 2409 1264 2440 dictum
1294 2409 1427 2439 videtur.
1473 2407 1613 2442 Arnen.

153 2460 224 2491 Hoc
241 2467 392 2501 praeterea
406 2461 650 2493 consideremus-
672 2469 775 2494 utrum
791 2464 883 2495 dictis
900 2465 990 2494 inodo
1005 2463 1153 2494 fratribus
1175 2462 1273 2503 judex
1301 2462 1458 2503 quispiam
1481 2472 1614 2503 praeesse

151 2515 288 2556 poterit}
334 2514 410 2546 Cm.
433 2515 544 2546 Procul
561 2515 666 2548 dubio.
713 2517 850 2549 Arnen.
875 2518 955 2549 Uter
978 2518 1075 2558 igitur
1097 2517 1204 2547 melior
1228 2517 1286 2546 erit
1310 2515 1436 2556 judex?
1459 2526 1533 2546 num
1558 2517 1613 2557 qui

152 2569 311 2610 improbos
334 2569 458 2610 perdet,
482 2569 658 2611 efficietque
681 2575 715 2600 ut
741 2572 830 2613 probi
854 2572 913 2602 sibi
940 2572 1001 2612 ipsi
1027 2571 1201 2612 imperent?
1225 2580 1265 2600 an
1287 2570 1341 2611 qui
1358 2570 1468 2610 probos
1482 2570 1611 2611 quidem

151 2623 247 2654 faciet
265 2623 431 2665 imperare,
457 2623 616 2665 improbos
643 2628 760 2661 autem,
786 2636 858 2656 cum
873 2631 985 2667 sponte
1000 2625 1102 2656 subire
1116 2625 1277 2666 imperium
1297 2624 1493 2665 persuaserit,
1510 2625 1613 2656 vivere

154 2676 310 2717 patietur?
336 2678 462 2708 tertium
488 2677 600 2708 virtute
625 2677 766 2719 judicem
795 2679 843 2710 his
864 2679 1026 2715 addamus,
1048 2679 1157 2719 siquis
1171 2678 1243 2709 talis
1258 2679 1438 2719 reperietur,
1454 2679 1505 2719 qui
1523 2679 1612 2709 dissi-

152 2729 283 2761 dentem
309 2732 527 2773 cognationem
554 2732 598 2762 ita
623 2732 870 2764 commendatam
900 2734 1027 2772 habeat,
1053 2738 1088 2763 ut
1112 2732 1270 2763 neminem
1285 2733 1408 2773 perdat,
1433 2732 1530 2774 [628]
1555 2733 1611 2763 sed

155 2785 363 2816 reconciliatis
395 2786 481 2827 leges
507 2786 693 2823 conscribat,
721 2787 835 2828 quibus
862 2787 944 2818 inter
969 2798 1002 2818 se
1029 2792 1181 2828 perpetuo
1197 2787 1288 2818 amici
1304 2786 1400 2817 futuri
1416 2787 1489 2817 sint.
1535 2787 1612 2817 CLr.

156 2837 265 2879 Longo
290 2840 401 2870 melior
422 2840 494 2870 talis
506 2839 605 2881 judex
619 2841 788 2882 legumque
804 2841 947 2873 conditor
959 2841 1027 2872 erit.
1074 2840 1210 2872 Arnen.
1235 2841 1334 2882 Atqui
1349 2846 1465 2877 contra,
1481 2850 1573 2881 quam
1586 2840 1612 2870 si

157 2890 198 2921 ad
225 2892 340 2925 bellum
356 2894 536 2937 respiceret,
551 2894 627 2937 ipsis
643 2895 727 2938 leges
741 2895 924 2927 conscribet.
968 2895 1046 2929 Cu.
1071 2895 1154 2927 Vera
1171 2895 1316 2937 loqueris.
1361 2894 1499 2926 Arnim.
1523 2894 1610 2931 Quid
