1840 3225
200 252 280 288 514
661 251 925 289 PLATONIS
959 252 1200 291 DIALOGI.
1554 253 1650 305 [383

197 353 347 395 suffragia
362 364 436 384 vero
452 365 470 384 a
485 353 574 384 vobis
589 353 740 390 feruntur,
752 355 840 384 velut
861 354 893 384 hi
907 354 962 396 qui
974 355 1143 386 consulunt
1163 364 1226 384 non
1253 354 1365 385 sciant.
1409 353 1450 384 Et
1473 353 1572 394 siquis
1596 362 1653 384 vos

197 407 252 448 qui
267 408 416 448 suffragia
429 408 556 444 tulistis,
571 413 604 438 et
615 418 688 438 eum
703 408 757 449 qui
768 408 857 438 vobis
874 408 1040 444 consuluit,
1054 409 1224 449 interroget
1239 408 1278 439 de
1294 409 1341 439 his
1352 407 1392 439 de
1406 407 1521 449 quibus
1544 406 1655 438 suffra-

199 461 251 501 gia
266 461 390 498 tulistis,
409 461 489 491 Num
509 462 638 492 novistis
653 462 738 503 quod
754 463 810 493 lioc
826 463 872 493 ita
887 463 952 498 fiet,
979 462 1070 503 cujus
1097 463 1198 503 gratia
1221 462 1323 493 facere
1353 462 1498 503 cogitatis
1521 471 1560 492 ea
1587 471 1657 502 quae

201 514 359 556 suffragiis
379 516 585 546 decrevistis?
610 525 673 546 non
699 516 830 546 arbitror
856 527 911 546 vos
933 517 1127 546 affrrnaturos
1151 526 1229 546 esse.
1275 516 1362 553 Quid
1393 516 1494 547 vero?
1517 515 1544 545 si
1570 514 1661 545 fieret

202 568 262 600 lioc
277 569 369 610 cujus
384 570 485 611 gratia
498 570 600 600 facere
623 570 780 609 cogitatis,
796 570 928 601 novistis
942 569 1030 611 quod
1054 571 1112 600 hoc
1128 569 1219 600 vobis
1235 570 1416 601 conducet?
1463 569 1577 610 Neque
1601 569 1660 599 hoc

204 622 407 654 affirmaturos
433 635 484 654 vos
496 634 564 654 esse
590 629 678 665 puto,
700 634 804 665 neque
821 634 890 654 eum
915 624 967 665 qui
985 623 1071 654 vobis
1095 623 1261 654 consilium
1283 624 1384 655 dedit.
1429 624 1460 655 Si
1489 632 1561 653 vcro
1591 622 1662 663 quis

202 677 332 717 insuper
349 678 529 718 interroget,
546 678 631 708 Num
645 679 783 719 aliquem
805 678 963 709 bominem
980 679 1089 708 horum
1107 679 1180 719 quid
1198 688 1291 709 nosse
1306 678 1447 719 putatis?
1472 687 1575 718 neque
1601 677 1661 707 hoc

203 740 408 762 concessuros
422 742 477 762 vos
494 743 561 762 esse
578 737 666 773 puto.
713 733 821 770 Quum
836 732 930 774 igitur
945 743 983 762 ea
999 732 1039 762 de
1055 733 1170 773 quibus
1194 732 1362 763 consilium
1388 732 1481 768 datis,
1507 729 1663 772 ejusmodi

206 784 271 815 sint
288 791 321 815 ut
332 786 422 816 vobis
435 787 513 827 ipsis
530 786 613 817 clara
629 797 691 817 non
707 787 771 817 sint
786 798 792 816 z
810 792 843 816 et
866 787 921 827 qui
937 786 1121 822 decernunt,
1138 792 1170 817 et
1185 787 1240 827 qui
1250 787 1430 822 consulunt,
1440 784 1578 827 imperiti
1589 784 1663 820 sint,

205 839 317 870 merito
332 841 428 870 etiarn
444 841 532 871 vobis
547 841 690 871 accidere
706 841 819 871 dicetis
835 845 867 870 et
880 846 915 870 ut
930 850 1015 881 saepe
1029 841 1108 882 ipsis
1133 841 1293 877 diffidatis,
1309 847 1342 871 et
1356 839 1544 882 poenitentia
1564 838 1660 869 duca-

205 893 294 928 mini,
309 900 375 923 tum
397 894 435 924 ob
451 904 489 925 ea
504 894 543 925 de
568 895 680 935 quibus
700 894 867 924 consilium
892 894 1050 930 dederint,
1079 899 1148 925 tum
1171 895 1212 925 ob
1239 905 1278 925 ea
1301 896 1340 925 de
1370 895 1486 936 quibus
1514 892 1666 933 suffragia

203 946 347 978 tulerint.
390 947 436 977 At
453 948 543 978 bonis
553 949 628 979 talia
643 948 784 979 accidere
799 948 929 978 minime
941 948 1098 979 convenit.
1144 948 1254 980 Sciunt
1267 950 1352 979 enim
1367 954 1399 979 et
1415 948 1521 989 qualia
1533 952 1610 977 sunt
1624 946 1665 977 de

207 1000 321 1040 quibus
338 1002 517 1041 consulunt,
532 1007 564 1032 et
574 1003 658 1042 quod
675 1012 779 1043 neque
791 1002 861 1043 ipsi,
876 1012 978 1043 neque
995 1003 1036 1033 ab
1056 1003 1134 1044 ipsis
1152 1003 1293 1044 persuasi
1316 1012 1456 1044 unquam
1482 1000 1670 1042 poenitentia

208 1052 371 1085 ducentur.
418 1055 470 1085 De
488 1056 600 1086 talibus
615 1056 722 1097 itaque
738 1066 797 1097 ego
815 1061 917 1087 ruente
943 1056 1095 1097 praeditos
1117 1057 1249 1088 consilia
1271 1057 1346 1087 dare
1368 1065 1485 1097 cupere
1504 1054 1667 1097 putabam,

208 1111 241 1136 et
267 1118 329 1137 non
355 1109 395 1138 de
415 1109 464 1139 his
492 1110 531 1139 tle
548 1110 659 1150 quibus
674 1115 707 1140 tu
723 1120 774 1140 me
790 1110 953 1141 consilium
972 1110 1163 1152 darejubes.
1207 1111 1259 1142 Ab
1272 1111 1399 1142 illorum
1415 1109 1502 1140 enim
1528 1108 1669 1139 consiliis

210 1161 336 1191 tandein
353 1162 506 1203 contingit
531 1163 677 1199 felicitas,
709 1164 748 1194 ab
775 1165 881 1195 horum
906 1176 979 1196 vero
994 1166 1087 1206 nugis
1112 1165 1316 1196 infortunium
1345 1171 1406 1196 est.
1452 1163 1549 1194 Pon-o
1580 1161 1668 1193 adfui

209 1214 378 1255 aliquando
393 1217 460 1246 viro
475 1217 598 1247 cuidam
615 1217 799 1248 admonenti
814 1218 947 1248 amicum
965 1229 1068 1253 suum,
1093 1228 1132 1249 eo
1156 1218 1241 1259 quod
1265 1217 1427 1250 accusanti
1449 1216 1542 1247 fidem
1567 1215 1666 1246 habu-

210 1268 297 1305 isset,
323 1280 384 1300 non
402 1271 508 1301 audito
537 1281 575 1303 eo
601 1271 654 1313 qui
685 1282 718 1301 se
748 1271 916 1302 defendere
948 1272 1097 1308 debebat,
1124 1272 1181 1303 sed
1202 1273 1306 1304 solum
1334 1277 1526 1303 accusatore.
1569 1269 1669 1301 Dice-

209 1321 263 1352 bat
279 1323 372 1363 igitur
394 1324 556 1365 indignam
571 1336 639 1355 rem
658 1326 762 1366 ipsum
778 1325 893 1362 facere,
910 1326 996 1367 quod
1019 1326 1178 1357 hominem
1195 1326 1431 1361 condemnaret.
1449 1324 1547 1366 [383]
1573 1333 1668 1365 quum

208 1385 312 1417 neque
344 1378 410 1419 ipse
436 1378 598 1415 adfuisset,
619 1390 721 1420 neque
747 1380 865 1411 aulicos
892 1380 947 1421 qui
973 1381 1148 1412 adfuissent
1164 1381 1349 1415 audivisset,
1367 1380 1479 1421 quibus
1490 1377 1668 1409 dicentibus

204 1429 313 1471 ipsum
342 1431 471 1463 credere
496 1443 553 1474 par
577 1439 665 1463 erat:
688 1444 793 1474 neque
816 1445 918 1465 rursus
939 1435 1090 1466 ambobus
1116 1436 1243 1471 auditis,
1272 1435 1318 1466 ita
1345 1440 1466 1465 temere
1494 1430 1671 1463 accusatori

211 1483 306 1515 fidem
322 1486 491 1517 habuisset,
534 1487 659 1518 Justum
685 1494 791 1518 autem
813 1499 883 1519 esse
900 1494 934 1519 ut
961 1490 1058 1520 etiam
1074 1490 1298 1520 defendentem
1313 1500 1345 1519 se
1361 1488 1495 1523 audiret,
1514 1486 1602 1517 velut
1616 1495 1668 1516 ae-

210 1543 383 1576 eusantem,
400 1545 586 1581 anteaquam
602 1542 741 1572 laudaret
765 1547 818 1572 aut
832 1542 1088 1583 reprehenderet.
1135 1542 1303 1579 Quomodo
1320 1542 1406 1572 enim
1421 1540 1492 1582 quis
1516 1545 1572 1570 aut
1594 1548 1670 1569 cau-

210 1601 278 1621 sam
291 1597 377 1623 recte
387 1592 545 1633 judicare,
572 1599 627 1625 aut
640 1596 783 1626 homiues
797 1596 855 1626 rite
871 1597 1001 1637 probare
1017 1597 1142 1638 poterit,
1155 1607 1218 1627 non
1236 1595 1352 1626 auditis
1374 1594 1525 1626 ambobus
1554 1591 1666 1623 adver-

209 1645 320 1675 sariis?
345 1647 513 1678 Sermones
527 1649 612 1678 enim
629 1659 667 1679 ex
680 1651 914 1690 comparatione
931 1651 1013 1680 inter
1028 1661 1072 1687 se,
1088 1651 1176 1681 velut
1191 1659 1360 1691 purpuram
1373 1654 1407 1679 et
1420 1657 1540 1683 aurum,
1555 1646 1670 1677 melius

208 1699 358 1730 discerni.
382 1700 448 1731 Aut
472 1712 534 1742 qua
548 1702 587 1733 de
603 1713 708 1739 causa,
725 1704 772 1734 vel
789 1704 942 1734 ambobus
958 1704 1142 1735 adversariis
1157 1710 1283 1745 tempus
1298 1703 1454 1739 differtur,
1477 1702 1529 1732 vel
1549 1700 1668 1742 judici—

210 1753 271 1783 bus
290 1753 509 1794 jusjurandum
534 1756 672 1792 offertur,
691 1762 726 1786 ut
741 1757 886 1788 similiter
900 1758 1010 1789 ambos
1025 1758 1166 1794 audiant,
1183 1759 1209 1788 si
1225 1768 1287 1788 non
1304 1758 1463 1797 legislator
1479 1755 1602 1798 putavit
1624 1755 1670 1785 ita

201 1807 322 1848 justius
338 1813 370 1838 et
385 1808 496 1839 melius
509 1819 620 1840 causas
633 1810 814 1852 ajudicibus
825 1811 960 1852 judicari
973 1813 983 1843 ἓ
1006 1813 1055 1843 ‘l'u
1069 1823 1145 1843 vero
1168 1813 1286 1843 videris
1301 1813 1378 1844 mihi
1391 1820 1493 1852 neque
1509 1811 1568 1847 hoc
1580 1809 1664 1852 quod

214 1871 233 1891 a
247 1862 353 1892 multis
372 1862 466 1903 vulgo
478 1863 575 1893 fertur
590 1864 756 1895 audivisse.
781 1865 876 1901 Quod
893 1865 974 1896 istud
987 1867 996 1896 ?
1020 1867 1124 1908 inquit
1138 1867 1203 1903 ille,

470 1927 647 1970 Necjudex
662 1939 765 1959 causae
781 1929 833 1966 sis,
850 1940 911 1961 non
928 1931 955 1960 si
971 1931 1126 1963 audiveris
1141 1932 1259 1962 ambos.

210 1996 245 2022 et
269 1991 393 2032 quidem
418 2002 482 2023 non
511 1993 555 2023 ita
581 1993 835 2025 circumferretur
858 1995 928 2031 hoc,
951 1995 978 2025 si
1004 2006 1066 2026 non
1082 2002 1168 2026 recte
1182 1997 1348 2031 diceretur,
1362 1998 1395 2025 et
1408 1994 1498 2025 velut
1510 1992 1669 2024 convenit.

212 2044 352 2075 Proinde
378 2046 509 2077 consulo
531 2046 601 2087 tibi,
613 2047 727 2088 inquit,
744 2052 778 2078 ut
792 2048 832 2079 de
848 2055 959 2079 caetero
975 2050 1017 2079 ita
1033 2054 1152 2080 temere
1170 2049 1311 2079 homines
1325 2058 1428 2089 neque
1443 2046 1669 2089 reprehendas,

211 2108 314 2140 neque
331 2099 451 2129 laudes.
495 2100 542 2131 At
554 2101 631 2131 alter
645 2101 699 2131 ille
716 2102 883 2133 absurdum
900 2103 959 2145 {ibi
975 2104 1072 2134 videri
1089 2103 1203 2144 inquit,
1221 2103 1247 2133 si
1258 2112 1356 2133 unum
1368 2101 1496 2142 quidem
1509 2100 1668 2131 dicentem

211 2163 401 2194 cognoscere
415 2163 479 2184 non
494 2159 612 2195 posset,
628 2155 705 2185 duos
722 2160 828 2186 autem
844 2157 985 2187 diczntes
1001 2167 1194 2197 cognoscere
1208 2161 1312 2198 posset
1328 2167 1335 2185 :
1369 2160 1402 2186 et
1427 2155 1465 2185 ab
1489 2164 1527 2185 eo
1542 2153 1670 2194 quidem

211 2206 266 2247 qui
286 2217 360 2236 vera
383 2207 516 2243 diceret,
540 2218 726 2249 cognoscere
739 2219 804 2239 non
821 2216 939 2250 posset,
957 2211 994 2240 ab
1006 2211 1065 2241 hoc
1077 2211 1146 2251 ipso
1163 2220 1235 2240 vero
1250 2216 1283 2240 et
1299 2210 1360 2240 alio
1374 2209 1549 2239 mentiente
1563 2207 1671 2238 doceri

213 2265 338 2301 posset:
362 2265 406 2296 et,
427 2261 453 2291 si
468 2271 550 2291 unus
563 2262 692 2302 quidem
707 2268 792 2293 recte
808 2268 841 2293 et
857 2274 928 2293 vera
942 2265 1062 2299 dicens,
1079 2274 1116 2294 ea
1131 2274 1200 2304 quae
1216 2264 1293 2294 dicit
1308 2263 1468 2293 declarare
1480 2271 1543 2291 non
1559 2261 1670 2302 possit,

211 2313 274 2344 duo
300 2324 384 2350 vero,
410 2325 541 2356 quorum
564 2316 644 2346 alter
665 2317 844 2354 mentietur,
859 2323 892 2348 et
905 2328 968 2347 non
985 2324 1068 2348 recte
1084 2318 1179 2353 dicet,
1196 2317 1355 2348 declarare
1373 2316 1493 2357 possint
1509 2315 1566 2345 boc
1583 2315 1669 2355 qued

210 2373 293 2399 recte
309 2368 418 2399 dicens
432 2368 588 2400 declarare
605 2380 667 2400 non
685 2376 818 2411 poterat.
863 2371 1001 2413 Ambigo
1028 2383 1110 2408 vero,
1126 2371 1238 2412 inquit,
1255 2371 1350 2401 etiam
1366 2368 1520 2411 quomodo
1536 2368 1666 2399 tandem

210 2422 288 2452 illud
316 2424 545 2459 monstrabunt,
570 2429 672 2454 utrum
698 2429 850 2461 tacentes,
873 2431 928 2456 aut
949 2426 1101 2456 dicentes,
1148 2426 1182 2456 Si
1199 2426 1282 2456 enim
1298 2429 1440 2455 tacentes
1455 2422 1670 2459 declarabunt,

212 2481 322 2507 neutro
350 2486 429 2516 opus
451 2476 556 2513 fuerit,
583 2478 701 2508 nedum
731 2478 893 2514 ambobus,
909 2479 1042 2520 utipsos
1058 2479 1243 2510 audiamus:
1270 2478 1296 2509 si
1319 2487 1390 2508 vero
1406 2477 1559 2512 dicentes,
1575 2475 1668 2506 ambo

210 2529 422 2566 declarabunt,
435 2530 524 2561 ambo
540 2541 613 2561 vcro
627 2531 798 2562 secundum
816 2533 937 2563 nullum
954 2534 1082 2563 niodum
1099 2532 1209 2563 dicunt
1233 2532 1291 2573 (ex
1306 2538 1395 2573 parte
1411 2531 1494 2560 enim
1507 2534 1666 2570 utrunque

210 2582 315 2614 dicere
332 2584 456 2624 volunt)
473 2585 629 2625 quomodo
641 2585 704 2615 lieri
718 2590 823 2626 potest
835 2592 869 2616 ut
880 2587 970 2617 ambo
983 2587 1072 2617 simul
1088 2586 1250 2617 declarent
1263 2585 1273 2615 ?
1319 2585 1352 2615 Si
1368 2584 1454 2625 enim
1469 2583 1562 2614 simul
1574 2582 1666 2613 ambo

209 2636 381 2673 declarant,
396 2643 427 2668 et
442 2643 518 2668 tunc
533 2639 625 2669 simul
641 2639 761 2675 dicunt,
779 2640 836 2670 hoc
852 2650 913 2670 non
933 2640 1130 2680 permittunt.
1169 2641 1276 2677 Quare
1300 2638 1339 2670 de
1353 2643 1478 2674 caetero,
1492 2636 1520 2667 si
1533 2635 1664 2677 quidem

208 2690 352 2721 dicentes
365 2691 537 2727 declarant,
553 2698 683 2733 uterque
700 2693 836 2724 dicendo
853 2693 1034 2730 declarabit,
1053 2700 1085 2725 et
1097 2694 1223 2735 quando
1232 2693 1316 2724 dicet
1325 2697 1466 2733 uterque,
1479 2696 1555 2721 tune
1567 2690 1663 2721 etiam

206 2749 340 2785 uterque
364 2745 544 2776 declarabit.
588 2746 701 2787 Itaque
720 2746 805 2777 dicet
829 2748 908 2778 alter
928 2749 1018 2789 prior,
1040 2749 1120 2779 alter
1142 2747 1318 2789 posterior:
1342 2751 1374 2777 et
1398 2743 1570 2775 declarabit
1584 2743 1665 2774 alter

205 2799 300 2840 prior,
315 2799 392 2829 alter
406 2799 568 2839 posterior.
611 2800 796 2841 Quanquam
820 2801 843 2832 si
858 2801 942 2832 idem
959 2812 995 2832 ex
1012 2807 1099 2843 parte
1116 2802 1240 2842 utrique
1255 2798 1470 2833 declarabunt,
1487 2795 1563 2837 quid
1585 2806 1666 2838 opus

201 2858 251 2883 est
266 2852 373 2883 audire
383 2853 583 2893 posteriorem
595 2854 606 2883 ?
633 2854 675 2883 lix
689 2864 727 2883 oo
740 2855 821 2884 enini
835 2856 890 2896 qui
901 2856 985 2896 prius
997 2856 1092 2892 dixit,
1099 2856 1163 2898 jam
1174 2854 1370 2885 manifestum
1381 2851 1450 2882 erit.
1467 2849 1563 2892 [384]
1577 2849 1663 2881 Illud

203 2917 277 2937 vero
300 2906 436 2948 (inquit)
462 2906 487 2936 si
513 2906 603 2936 ambo
625 2906 838 2944 declarabunt,
855 2909 1011 2950 quomodo
1026 2920 1089 2940 non
1105 2909 1201 2940 etiam
1216 2908 1295 2939 alter
1309 2907 1447 2947 ipsorum
1463 2901 1661 2935 declarabit?

202 2959 295 2998 Quod
319 2961 404 2992 enim
425 2961 505 2991 alter
518 2970 581 2990 nou
597 2961 780 2998 declarabit,
798 2963 855 2993 hoc
869 2964 960 2994 ambo
975 2963 1135 3004 quomodo
1149 2963 1304 2994 declarare
1320 2962 1469 3002 poterunt
1483 2958 1494 2988 ?
1540 2956 1575 2989 Si
1590 2965 1663 2986 '01⁸⁰
