1840 3225
170 200 250 239 392
763 198 1028 238 PLAToNis
1532 198 1627 250 [848

172 301 283 334 aediles
296 312 394 344 usque
410 302 449 333 ad
465 302 626 334 drachmas
641 303 867 345 quinquaginta
883 310 1084 345 cognoscant.
1109 304 1222 347 majora
1237 313 1310 336 vero
1325 302 1366 333 ad
1382 302 1509 344 publica
1520 301 1632 343 judica

172 357 277 388 delata
299 357 471 388 secundum
496 358 599 398 legem
617 356 810 397 judicentur.
856 357 1002 400 Vectigal
1026 365 1131 389 autem
1146 357 1411 399 importandamm
1423 355 1632 397 exportanda-

170 421 300 452 rumque
329 422 431 442 rerum
460 412 582 441 nullum
609 412 737 452 penitus
764 413 816 442 sit.
851 418 901 443 tus
929 423 1002 443 vero
1032 419 1197 454 ceteraque
1228 411 1418 453 hujusmodi,
1449 420 1520 451 quae
1558 409 1634 439 Diis

171 465 385 496 incenduntur
410 466 638 507 peregrinaque
670 471 754 503 sunt,
778 477 944 508 purpuram
962 467 1104 499 similitor
1119 473 1150 498 et
1164 468 1282 497 colores
1298 466 1386 502 alios,
1403 465 1457 506 qui
1472 475 1491 495 a
1506 463 1632 505 regione

171 529 233 549 non
249 518 472 560 producuntur,
495 521 602 551 omnia
624 520 760 561 denique
783 522 958 562 peregrina,
982 522 1043 551 nisi
1066 522 1242 552 necessaria
1265 521 1337 556 sint,
1362 529 1456 550 nemo
1471 519 1632 555 adducat;

170 583 230 603 nec
253 583 357 603 rursus
385 574 516 615 aliquid,
547 575 629 616 quod
656 575 776 616 regioni
803 577 1012 607 necessarium
1043 576 1094 612 sit,
1124 582 1278 617 exportet.
1300 576 1367 606 baec
1393 573 1500 605 omnia
1529 573 1632 612 legum

172 627 317 658 custodes
342 627 522 666 duodecim,
538 629 592 670 qui
619 630 732 670 reliqui
748 636 831 666 sunt,
847 631 988 671 exceptis
1003 631 1140 672 quinque
1156 630 1339 665 senioribus,
1355 633 1523 670 procurent
1536 632 1630 668 atque

172 687 373 722 cognoscant.
395 693 479 713 arma
493 694 565 713 vero
582 689 614 713 et
630 684 833 715 instrumenta
848 685 972 720 bellica,
991 685 1014 714 si
1031 684 1200 715 advectitia
1215 690 1278 714 arte
1291 691 1340 713 est
1351 693 1441 723 opus,
1455 681 1633 712 convehan-

170 741 231 767 tur.
255 736 400 767 similiter
415 748 484 777 quae
501 737 541 768 ad
557 738 622 768 haec
639 737 753 768 idonea
769 743 853 775 sunt,
869 739 998 778 plantae,
1016 748 1105 769 aenea
1119 738 1337 771 instrumenta.
1354 736 1456 771 funes,
1473 733 1633 768 animalia,

171 800 241 831 quae
266 789 306 821 ad
333 791 448 822 bellum
477 791 652 821 conferunt.
674 802 802 831 quorum
830 791 973 832 magistri
992 792 1134 832 equitum
1151 797 1184 822 et
1200 792 1345 821 ductores
1360 789 1512 821 exercitus
1527 797 1633 818 curam

173 844 321 880 habeant,
351 849 385 874 ut
412 845 523 878 civitas
548 845 718 875 invehendi
745 845 961 885 eveliendique
987 846 1090 880 simul,
1121 856 1190 876 cum
1222 855 1300 886 opus
1326 845 1376 879 sit,
1405 843 1556 874 facultate
1572 852 1635 872 non

170 898 321 938 privetur.
348 898 387 929 de
416 899 528 939 quibus
557 899 662 939 legum
688 898 833 929 custodes
860 899 1048 928 sufficientes
1074 898 1287 939 decentesque
1312 899 1399 938 leges
1413 897 1524 928 ferent.
1548 896 1636 926 nulla

172 962 244 982 vero
268 952 301 982 in
315 962 360 988 re,
388 952 530 993 pecuniae
556 952 743 992 colligendae
760 952 870 992 gratia,
885 953 937 982 vel
956 952 987 982 in
1004 952 1132 983 civitate
1143 953 1195 982 vel
1211 953 1244 982 in
1261 952 1406 982 universa
1419 951 1544 992 regione
1561 959 1634 980 cau-

171 1006 302 1047 ponatio
332 1006 397 1036 fiat.
429 1016 565 1037 annonae
595 1011 712 1041 autem,
742 1016 811 1047 qum
843 1016 883 1036 ex
913 1006 995 1046 agris
1025 1006 1194 1047 percipitur
1220 1005 1400 1036 distributio
1428 1009 1514 1035 recte
1541 1003 1636 1044 juxta

172 1059 357 1091 Cretensem
371 1061 475 1100 legem
488 1061 707 1095 constituetur,
721 1070 791 1090 nam
808 1070 876 1101 quae
894 1071 912 1090 a
922 1061 1051 1101 regione
1067 1061 1291 1101 producuntur,
1306 1060 1337 1090 in
1351 1059 1519 1090 duodecim
1530 1066 1637 1099 partes

172 1114 212 1144 ab
234 1115 379 1145 omnibus
399 1114 614 1145 distribuenda
630 1119 702 1145 sunt
715 1119 747 1145 et
762 1114 907 1145 similiter
922 1114 1147 1146 consumenda.
1172 1113 1360 1145 duodecima
1374 1123 1447 1144 vero
1465 1123 1533 1154 pars
1549 1123 1636 1153 quae-

172 1178 244 1209 que,
271 1174 306 1198 ut
324 1168 429 1205 tritici,
445 1168 554 1200 hordei
569 1173 801 1209 ceterarumque
816 1168 938 1210 frugum
960 1174 993 1199 et
1007 1169 1173 1204 fruetuum,
1190 1169 1344 1199 venalium
1361 1177 1486 1209 quoque
1498 1167 1638 1198 omnium

173 1223 367 1259 animalium,
381 1223 536 1265 tripartito
552 1228 584 1254 et
598 1223 791 1264 competenti
802 1223 923 1254 ratione
940 1223 1160 1253 distribuatur:
1187 1222 1284 1265 [848]
1310 1227 1343 1253 et
1358 1233 1427 1263 pars
1442 1231 1507 1252 una
1519 1220 1638 1256 liberis,

173 1278 273 1308 altera
294 1278 402 1314 servis,
427 1278 518 1309 tertia
540 1278 706 1319 opificibus
721 1288 757 1308 ac
775 1277 902 1308 omnino
919 1277 1061 1313 advenis,
1076 1277 1249 1308 tribuatur:
1273 1277 1339 1307 sive
1354 1276 1481 1307 aliunde
1496 1274 1640 1306 venerint

173 1332 365 1374 aliquamdiu
392 1334 503 1363 urbem
526 1333 695 1363 habitaturi
719 1337 750 1363 et
777 1333 962 1363 necessariis
984 1340 1109 1373 egeant,
1146 1332 1210 1362 sive
1242 1337 1369 1373 propter
1397 1330 1556 1371 publicam
1584 1329 1637 1360 vel

172 1387 322 1428 privatam
339 1387 417 1418 civis
432 1387 561 1429 alicujus
577 1387 743 1418 utilitatem
760 1386 957 1417 accesserint.
981 1387 1048 1417 haec
1070 1387 1167 1427 igitur
1183 1386 1274 1417 tertia
1288 1385 1429 1416 omnium
1443 1383 1636 1415 necessario-

173 1451 238 1472 rum
263 1451 332 1482 pars
355 1442 475 1472 venalis
497 1451 621 1483 semper
643 1451 680 1472 ac
702 1441 879 1472 necessario
901 1441 1117 1471 tantummodo
1131 1441 1192 1471 sit:
1217 1440 1257 1471 de
1273 1440 1394 1471 duabus
1410 1449 1483 1469 vero
1500 1437 1637 1479 partibus

172 1495 252 1526 nihil
274 1496 450 1527 necessario
475 1496 640 1527 vendatur.
664 1495 822 1537 quomodo
846 1495 941 1536 igitur
967 1496 1034 1526 haec
1056 1500 1142 1526 recte
1158 1494 1406 1526 distribuentur?
1431 1498 1515 1535 patet
1531 1497 1638 1523 autem

172 1550 315 1590 inprimis
329 1556 415 1581 recte
430 1550 463 1580 id
479 1550 543 1581 fieri
561 1560 663 1591 posse,
679 1549 704 1580 si
724 1550 836 1590 partim
852 1550 1024 1591 aequaliter,
1043 1549 1155 1590 partim
1170 1548 1367 1590 inaequaliter
1382 1547 1561 1578 distributio
1574 1546 1641 1576 fiat.

173 1603 251 1634 CLI.
275 1605 347 1641 Quo
373 1604 490 1645 pacto?
536 1603 674 1635 Arum.
700 1604 836 1634 Meliora
860 1604 967 1645 utique
991 1605 1040 1634 vel
1057 1603 1210 1634 deteriora
1223 1603 1353 1633 istorum
1369 1601 1495 1643 singula
1507 1609 1639 1632 necesse

171 1663 220 1688 est
235 1663 346 1688 terram
362 1658 533 1699 producere
549 1664 642 1699 atque
653 1668 779 1699 augere.
825 1658 902 1690 C1.1.
926 1658 1047 1695 Quidni
1063 1659 1074 1687 ⁷.
1120 1657 1260 1688 ATHEN.
1282 1655 1367 1688 Cum
1380 1661 1442 1686 tres
1452 1655 1640 1697 partessint‚

171 1713 276 1754 quoad
298 1713 367 1748 hoc,
392 1723 483 1743 uerno
506 1713 577 1754 plus
601 1712 723 1748 babeat,
747 1723 806 1743 nec
830 1712 973 1743 dominus
997 1723 1056 1742 nec
1072 1722 1177 1742 servus
1193 1722 1252 1742 nec
1268 1711 1414 1749 advena3
1437 1709 1493 1740 sed
1506 1708 1638 1750 aequalis

172 1769 348 1808 eademque
371 1767 514 1798 similiter
537 1767 578 1797 sit
599 1767 744 1797 omnibus
759 1766 949 1797 distributio.
973 1766 1107 1808 quilibet
1123 1771 1228 1796 autem
1246 1765 1335 1801 civis,
1352 1775 1424 1795 cum
1439 1765 1518 1794 duas
1534 1767 1638 1804 partes

172 1810 340 1863 acceperit,
357 1821 455 1852 servis
471 1826 501 1852 et
517 1821 633 1856 liberis,
649 1826 724 1862 quot
740 1826 773 1851 et
788 1821 894 1862 qualia
909 1822 997 1857 velit,
1016 1831 1072 1851 suo
1087 1820 1237 1851 arbitratu
1255 1819 1433 1849 distribuat.
1456 1817 1540 1858 quod
1563 1826 1639 1846 vero

173 1876 244 1917 plus
257 1876 324 1906 istis
339 1881 397 1912 est,
413 1885 559 1907 mensura
570 1880 602 1906 et
614 1886 743 1906 numero
755 1876 799 1906 sic
812 1875 1062 1918 dispertiendum
1074 1880 1134 1910 est,
1145 1880 1191 1910 ut,
1204 1884 1275 1904 cum
1289 1872 1430 1903 omnium
1443 1871 1636 1907 animalium,

171 1930 284 1971 quibus
299 1941 317 1960 a
331 1937 412 1962 terra
429 1931 527 1960 victus
542 1929 706 1971 praebelur‚
723 1941 871 1961 numerus
885 1930 1047 1966 habeatur,
1063 1929 1106 1959 ita
1124 1928 1250 1959 demum
1266 1927 1320 1958 fiat
1329 1926 1468 1968 partitio.
1490 1925 1637 1956 habitati-

171 1994 247 2014 ones
270 1989 384 2025 postea
404 1994 543 2015 seorsum
566 1983 748 2015 ordinandae
776 1989 859 2015 sunt.
882 1984 958 2015 ordo
985 1989 1088 2014 autern
1105 1983 1177 2013 talis
1193 1982 1326 2013 maxime
1342 1981 1445 2012 decet.
1468 1978 1636 2010 duodecim

171 2038 257 2069 vicos
271 2049 326 2079 per
340 2039 445 2069 media
459 2038 492 2069 in
508 2038 641 2079 singulis
655 2037 823 2069 duodecim
838 2039 978 2080 partibus
994 2049 1088 2068 unum
1104 2047 1174 2068 esse
1190 2041 1312 2079 oportet
1325 2047 1331 2065 ε
1356 2040 1391 2066 et
1404 2035 1438 2066 in
1450 2043 1639 2076 unoquoque

172 2093 330 2122 venalium
343 2102 445 2122 rerum
456 2093 525 2122 loca
541 2091 744 2132 Deorumque
759 2093 880 2133 templa
894 2098 927 2123 et
943 2092 1030 2123 Deos
1045 2090 1242 2134 sequentium
1264 2090 1456 2120 Daemonum
1479 2099 1548 2120 esse
1564 2098 1640 2119 con-

172 2150 299 2182 structa,
326 2145 392 2176 sive
420 2145 595 2185 indigetum
621 2145 659 2174 M
662 2145 867 2185 agnesiorum,
896 2145 963 2175 sive
994 2145 1124 2175 aliorum
1149 2154 1278 2185 quorum
1295 2148 1406 2173 statuae
1423 2141 1639 2182 antiquissima

174 2200 324 2230 memmio.
347 2203 536 2230 consecratae
563 2198 637 2228 sint.
659 2203 754 2238 atque
779 2198 829 2227 his
856 2198 1024 2238 priscorum
1052 2199 1185 2229 virorum
1213 2198 1348 2228 honores
1373 2195 1531 2227 reddendi
1555 2200 1638 2225 sunt.

176 2254 284 2285 Vestae
307 2263 443 2294 quoque,
454 2253 473 2284 J
477 2252 555 2288 ovis,
570 2251 723 2282 Minervae
739 2250 993 2292 singulorumque
1009 2252 1153 2287 aliorum,
1169 2250 1300 2292 singulis
1318 2249 1486 2281 duodecim
1500 2248 1642 2290 partibus

173 2307 420 2350 praesidentium,
435 2307 554 2347 templa
569 2307 778 2337 construenda
793 2310 877 2336 sunt.
900 2311 933 2336 et
947 2306 1081 2347 primum
1095 2305 1224 2347 quidem
1243 2305 1332 2346 juxta
1346 2303 1464 2345 templa
1479 2303 1511 2334 in
1527 2302 1640 2334 altissi-

175 2363 236 2393 mis
251 2362 330 2392 locis
345 2362 428 2392 aedes
444 2360 610 2392 custodum
627 2360 689 2391 sint
705 2359 842 2402 undiquc
858 2360 1085 2390 munitissimae.
1108 2360 1229 2401 reliqua
1243 2359 1358 2389 deinde
1375 2359 1459 2399 regio
1475 2357 1641 2399 opificibus

174 2418 208 2448 in
232 2416 383 2448 tredecim
407 2420 510 2457 partes
533 2415 743 2445 distribuatur.
767 2420 799 2444 et
822 2423 894 2454 pars
915 2424 977 2444 una
999 2413 1031 2444 in
1054 2414 1130 2444 urbe
1155 2413 1286 2448 habitet,
1301 2423 1359 2454 per
1373 2412 1543 2443 duodecim
1558 2411 1642 2442 urbis

175 2477 279 2514 partes
302 2471 426 2510 divisa3
449 2470 520 2501 aliae
536 2470 718 2501 exteriorem
741 2468 880 2510 undique
905 2474 1033 2499 teneant
1057 2468 1158 2499 locum
1177 2479 1183 2498 ε
1219 2472 1313 2509 atque
1344 2467 1376 2497 in
1406 2465 1538 2508 singulis
1562 2465 1642 2496 vicis

176 2526 308 2568 opifices
322 2525 362 2556 ad
378 2525 573 2567 agriculturae
587 2524 841 2555 commoditatem
855 2523 962 2553 idonei
975 2523 1114 2553 habitare
1128 2521 1366 2564 compellantur.
1381 2522 1490 2552 horum
1502 2519 1642 2551 omnium

174 2591 279 2611 curam
292 2579 502 2620 magistratus,
517 2579 572 2620 qui
586 2579 667 2620 agris
677 2583 825 2620 praesunt‚
837 2577 983 2613 habeant,
994 2576 1262 2618 prrevideantque,
1276 2581 1351 2617 quot
1361 2575 1514 2617 quibusve
1524 2573 1643 2614 singuli

175 2633 341 2675 opificibus
363 2638 468 2675 egent,
491 2638 523 2664 et
545 2633 597 2663 ubi
621 2633 797 2664 habitantes
818 2631 1046 2673 impedimento
1070 2631 1217 2673 agricolis
1239 2640 1303 2662 non
1325 2630 1400 2670 sint,
1423 2628 1480 2659 sed
1495 2637 1639 2669 maguam

174 2688 253 2730 ipsis
284 2688 450 2718 utilitatem
480 2687 652 2720 conferant.
688 2687 786 2730 [849]
818 2687 1004 2717 urbanorum
1035 2696 1159 2728 quoque
1189 2684 1332 2716 similiter
1361 2682 1507 2724 opificum
1537 2691 1643 2713 curam

176 2743 286 2774 aediles
308 2741 453 2772 habeant.
475 2752 526 2772 res
548 2747 652 2773 autem
674 2742 804 2773 venales
825 2751 907 2773 curae
931 2741 1114 2771 censoribus
1137 2739 1220 2771 sint:
1245 2738 1299 2780 qui
1315 2737 1416 2779 primo
1439 2746 1507 2767 rem
1522 2745 1642 2766 sacram

177 2802 288 2829 curent
301 2808 307 2826 :
333 2795 459 2832 deinde,
483 2806 523 2826 ne
539 2796 608 2838 quis
623 2796 791 2828 vendendo
806 2796 979 2827 emendove
997 2794 1138 2837 injuriam
1154 2793 1259 2830 faciat,
1274 2792 1480 2822 vehementer
1493 2789 1643 2831 provide-

177 2857 232 2882 ant
249 2862 256 2881 :
281 2857 313 2882 et
327 2850 549 2882 immoderatos
561 2851 868 2893 contumeliososque
880 2860 989 2881 omnes
1002 2853 1214 2891 compescant.
1229 2846 1259 2878 hi
1273 2845 1482 2880 considerent,
1495 2842 1639 2885 nunquid

176 2906 263 2938 cives
289 2904 461 2947 peregrinis
487 2914 536 2935 res
567 2904 706 2947 singulas
727 2904 964 2941 convenienter,
990 2909 1084 2945 atque
1112 2909 1145 2934 ut
1165 2903 1235 2943 lege
1261 2905 1387 2932 cautum
1414 2906 1475 2934 cst,
1490 2897 1642 2929 vendant.
