1840 3225
156 212 252 261 807]
619 211 692 249 DE
722 208 949 248 LEGIBUS
979 208 1077 248 ΠΒ.
1099 210 1174 248 VII
1534 209 1610 248 373

157 316 262 353 modo,
279 316 375 359 [805]
393 325 495 347 verum
512 315 606 346 etiam
622 324 746 346 arcuum
758 317 990 354 ceterorumque
1007 322 1159 343 armorum
1175 312 1304 353 aequalis
1318 321 1391 343 cura
1406 322 1474 343 cum
1491 311 1563 342 viris
1579 316 1611 342 et

157 371 340 402 exercitatio
355 371 396 401 sit
410 370 563 400 instituta.
588 368 642 399 sed
659 367 810 398 rationem
825 376 950 408 quoque
974 366 1013 397 ad
1037 367 1104 397 haec
1130 367 1210 397 hanc
1236 366 1346 397 habeo.
1376 365 1425 396 aio
1451 364 1610 406 equidem,

156 426 185 456 si
201 425 267 456 haec
282 425 325 456 ita
342 424 408 455 fieri
423 428 562 465 possunt,
577 421 788 453 stultissimum
801 421 860 452 boc
874 420 906 450 in
921 421 1035 451 nostris
1049 419 1225 461 regionibus
1250 429 1329 455 esse,
1353 424 1388 450 ut
1413 430 1475 449 non
1500 418 1610 449 iisdem

157 479 270 509 studiis
286 478 428 509 mulieres
443 488 479 508 ac
495 477 551 507 viri
562 476 648 506 omni
663 480 777 506 conatu
791 484 1007 515 consensuque
1023 473 1099 505 dent
1111 484 1249 514 operam.
1272 474 1369 504 ferme
1397 473 1481 504 enim
1502 473 1611 504 civitas

159 532 262 564 omnis
275 524 339 563 hoc'
349 531 439 562 modo
456 541 511 572 pro
524 529 622 571 dupla
649 528 779 559 dimidia
805 528 852 568 fit,
880 537 919 558 ex
946 528 1061 558 eisdem
1093 527 1250 557 laboribus
1274 533 1369 568 atque
1397 525 1529 559 tributis,
1557 526 1610 567 qui

160 596 234 617 sane
253 585 437 627 legislatoris
452 594 534 615 error
558 588 607 614 est
630 581 873 623 ingentissimus.
919 581 996 613 Cu.
1017 581 1069 612 Sic
1092 585 1231 622 apparet.
1255 591 1361 611 verum
1386 581 1486 611 multa
1510 580 1612 620 nobis,

159 640 286 681 hospes,
310 644 423 681 praeter
445 648 547 668 rerum
578 637 772 678 publicarum
801 636 1061 666 consuetudinem
1089 634 1175 665 dicta
1207 638 1291 664 sunt.
1343 635 1481 665 Arnen.
1503 634 1614 665 Totam

160 692 261 734 primo
286 692 528 734 disputationem
543 691 636 722 decet
660 700 837 732 percurrere
853 701 859 719 :
889 688 1015 725 deinde,
1029 688 1113 729 quod
1131 688 1325 729 potissimum
1342 688 1475 724 videtur,
1486 687 1612 728 eligere.

161 746 238 778 Cu.
260 747 344 777 Scite
357 745 523 776 admodum
539 745 632 776 modo
645 744 762 781 dixisti,
777 743 941 785 fecistique
959 747 993 773 ut
1007 753 1055 773 me
1072 742 1174 783 ipsum
1198 742 1426 783 reprehendam
1453 741 1538 783 quod
1561 741 1614 772 illa

159 799 301 831 dixerim.
323 810 417 842 quare
433 799 595 841 deinceps,
610 805 645 829 ut
661 798 747 830 lubet
762 798 860 828 dicas.
904 795 1042 827 Arum.
1062 796 1134 827 Hoc
1149 796 1251 838 ipsum
1265 795 1343 826 mihi
1356 795 1471 837 placet,
1495 795 1614 832 Clinia,

157 855 240 895 quod
255 854 349 885 modo
365 854 519 885 dicebam.
539 863 614 884 nam
628 854 655 884 si
670 863 701 884 re
715 853 784 894 ipsa
797 862 862 883 non
877 851 952 882 satis
974 855 1107 892 pateret,
1131 850 1199 880 fieri
1220 850 1287 881 haec
1309 860 1414 891 posse,
1438 849 1613 880 contradici

156 906 261 938 forsan
285 907 425 939 nonnihil
438 912 554 948 posset.
578 917 661 937 nunc
683 916 768 943 vero,
797 905 822 935 si
849 905 919 946 quis
949 905 1052 943 legem
1082 905 1161 934 hanc
1192 909 1382 945 aspernatur,
1412 903 1499 934 aliud
1528 907 1612 934 certe

156 966 275 1002 quaerat
287 967 420 1003 oportet.
443 966 632 1002 praeceptum
658 970 731 990 vero
761 964 900 990 nost-rum
928 968 993 989 non
1021 958 1154 989 cessabit
1182 967 1330 993 asserere,
1361 956 1447 998 quod
1472 961 1612 998 oporteat

156 1015 306 1046 doctrinae
319 1020 552 1055 ceterorumque
566 1024 661 1056 quarn
675 1013 810 1044 man‘me
825 1013 974 1043 mulieres
988 1022 1060 1043 cum
1073 1011 1148 1042 viris
1170 1011 1337 1053 participes
1360 1011 1439 1042 fieri.
1459 1011 1502 1042 sic
1525 1010 1611 1041 enim

156 1069 197 1100 de
213 1070 261 1100 his
276 1069 472 1100 considerare
489 1073 622 1110 oportet.
644 1067 705 1104 dic,
721 1078 790 1109 age,
806 1067 832 1097 si
851 1067 996 1097 mulieres
1020 1077 1092 1097 cum
1115 1065 1190 1096 viris
1217 1066 1249 1096 in
1265 1065 1351 1096 omni
1366 1064 1430 1095 vita
1441 1064 1611 1106 participes

157 1134 221 1154 non
233 1124 308 1160 sint,
332 1134 372 1154 an
394 1133 456 1154 non
486 1132 614 1154 necesse
646 1122 705 1152 erit
733 1121 812 1163 ipsis
840 1121 937 1152 alium
959 1121 1119 1162 quendam
1145 1120 1284 1150 ordinem
1316 1119 1489 1159 assignare?
1535 1118 1614 1151 CLr.

159 1176 311 1210 Necesse.
357 1177 492 1208 Arum.
515 1176 620 1213 Quem
633 1176 726 1206 alium
739 1186 858 1211 eorum,
871 1175 926 1217 qui
940 1185 1023 1205 nunc
1047 1179 1128 1209 sunt,
1153 1173 1258 1215 potius
1277 1184 1368 1214 quam
1392 1177 1505 1204 nostrae
1528 1182 1613 1204 com·

158 1231 316 1262 munionis
341 1231 482 1262 ordinem
510 1230 757 1271 assignabimus?
802 1236 916 1265 utrum,
945 1230 1027 1260 sicut
1052 1228 1190 1259 Thraces
1217 1227 1384 1268 multaeque
1414 1227 1482 1257 aliae
1507 1231 1617 1267 gentes

156 1286 387 1326 agriculturam,
402 1285 607 1316 bubulcorum
620 1290 837 1326 pastorumque
853 1283 954 1314 officia
970 1288 1002 1314 et
1017 1283 1137 1323 reliqua
1159 1291 1265 1323 opera,
1292 1281 1391 1312 nihilo
1414 1290 1432 1311 a
1454 1291 1614 1311 servorum

158 1339 336 1370 ministeriis
361 1338 551 1378 differentia,
579 1338 760 1369 mulieribus
782 1338 974 1369 tribuemus?
1005 1347 1057 1373 an,
1083 1336 1347 1377 quemadmodum
1373 1345 1431 1365 nos
1457 1334 1613 1376 vicinique

156 1403 263 1424 omnes
278 1393 386 1427 nostri,
402 1392 573 1423 reconditis
585 1393 616 1423 in
632 1402 728 1422 unam
743 1391 870 1423 domum
883 1392 984 1427 rebus,
999 1396 1034 1422 ut
1049 1390 1172 1425 dicitur,
1196 1389 1350 1425 omnibus,
1371 1388 1497 1420 feminis
1529 1399 1615 1430 penu

158 1446 343 1483 custodiam,
359 1446 472 1483 radios,
487 1446 659 1478 lanificium
675 1451 708 1476 et
723 1445 836 1477 similia
850 1446 1081 1476 committemus
1096 1445 1106 1474 Β
1137 1444 1187 1474 vel
1205 1443 1408 1479 Laconicum,
1429 1453 1449 1473 o
1471 1442 1617 1483 Megille,

158 1501 249 1542 quasi
263 1501 410 1537 medium,
425 1501 576 1542 eligemus
589 1501 598 1531 ?
625 1500 720 1542 [806]
746 1506 781 1531 ut
796 1500 933 1542 virgines
947 1499 1073 1540 quidem
1091 1498 1262 1540 gymnasiis
1276 1502 1309 1528 et
1337 1497 1463 1528 musicae
1490 1501 1617 1539 vacent,

160 1556 307 1586 mulieres
333 1560 439 1586 autem
463 1555 495 1585 in
523 1555 588 1585 otio
616 1554 745 1596 quidem
769 1554 939 1585 lanificium
965 1557 1084 1594 curent,
1112 1552 1208 1583 vitam
1238 1557 1343 1582 tamen
1372 1561 1435 1581 non
1462 1550 1618 1592 abjectam

159 1614 193 1640 et
215 1615 354 1646 tenuem,
379 1609 434 1639 sed
458 1608 663 1640 sollertiorem
688 1608 844 1650 quandam
871 1612 977 1648 agant.
999 1607 1073 1648 quin
1089 1606 1185 1637 etiam
1215 1605 1379 1636 domestici
1404 1605 1517 1641 cultus,
1548 1615 1617 1636 cus-

158 1663 304 1694 todiendi
347 1673 431 1705 penu
465 1663 760 1704 educandorumque
797 1662 973 1697 liberorum,
1012 1660 1150 1690 mediam
1191 1658 1350 1700 quandam
1384 1669 1488 1689 curam
1517 1659 1617 1690 susci·-

158 1717 258 1757 piant.
292 1727 352 1748 nec
386 1716 478 1747 bellis
510 1716 676 1747 intersint:
711 1721 756 1751 ut,
785 1715 811 1745 si
839 1715 968 1756 patriam
997 1713 1173 1754 liberosque
1200 1712 1281 1743 tueri
1313 1722 1442 1743 necesse
1476 1712 1526 1749 sit,
1556 1723 1615 1744 nec

159 1771 289 1812 sagittas
311 1770 462 1811 emittere,
487 1775 523 1800 ut
546 1769 736 1806 Amazones,
763 1780 821 1800 nec
845 1768 907 1799 alia
928 1769 995 1799 tela
1019 1767 1178 1808 suscipere
1204 1766 1370 1797 artificiose
1394 1766 1524 1807 possint,
1545 1777 1617 1804 nec,

159 1829 247 1855 scuto
271 1825 421 1865 hastaque
444 1829 577 1865 sumpta,
599 1823 715 1854 imitari
741 1823 843 1854 Deam
869 1833 905 1853 ac.
934 1833 990 1863 pro
1017 1822 1127 1863 patria.
1142 1822 1268 1852 obsessa
1291 1830 1440 1861 generose
1462 1821 1617 1857 resistere,

159 1884 206 1914 ut,
236 1878 262 1909 si
287 1879 367 1908 nihil
399 1878 486 1909 aliud
518 1878 628 1920 majus,
658 1883 808 1908 terrorem
830 1877 952 1912 saltem,
987 1876 1018 1906 in
1053 1875 1120 1905 acie
1144 1875 1228 1910 visae,
1251 1874 1390 1904 hostibus
1421 1874 1498 1915 ipsis
1526 1875 1616 1905 incu-

159 1931 252 1963 tiant.
274 1932 390 1973 quippe
414 1932 441 1962 si
467 1932 511 1962 ita
531 1932 675 1967 vixerint,
699 1932 897 1962 Sauromatas
919 1929 1033 1959 imitari
1060 1939 1218 1970 nunquam
1243 1927 1425 1958 audebunt:
1450 1928 1506 1958 sed
1531 1928 1616 1969 apud

160 1985 242 2026 ipsae
256 1985 401 2016 mulieres
415 1986 538 2016 illorum
552 1985 739 2016 videbuntur
755 1985 820 2017 viri.
842 1985 875 2015 in
887 1984 935 2014 his
947 1983 1052 2023 itaque
1067 1988 1235 2013 vestrarum
1250 1982 1352 2023 legum
1368 1983 1481 2013 latores
1495 1983 1618 2024 probet,

160 2039 214 2080 qui
235 2039 312 2069 velit
325 2050 334 2078 ;
366 2049 424 2079 ego
446 2039 585 2079 profecto
607 2039 696 2070 aliter
715 2048 878 2080 nunquam
899 2037 1013 2070 dicam.
1038 2037 1208 2078 perfectum
1230 2046 1365 2077 namque
1387 2036 1533 2072 officium,
1556 2046 1620 2067 non

162 2092 313 2129 medium,
330 2103 347 2123 a
361 2093 562 2134 legumlatore
576 2093 709 2134 requiro,
725 2092 781 2133 qui
795 2102 858 2122 non
875 2091 957 2121 sinat
971 2090 1083 2121 resolvi
1096 2089 1218 2120 deliciis
1232 2090 1390 2125 mulieres,
1411 2100 1469 2121 nec
1485 2090 1622 2121 maribus

163 2147 235 2178 solis
258 2146 416 2177 attendat:
438 2156 480 2177 ne
504 2157 559 2188 pro
581 2147 731 2177 felicitate
754 2145 888 2177 civitatis
911 2144 1030 2187 duplici
1045 2144 1222 2186 simplicem
1236 2144 1337 2175 solum
1352 2143 1477 2175 efficiat.
1522 2144 1620 2175 Mm.

163 2199 250 2238 Quid
272 2200 323 2231 hic
345 2210 483 2242 agemus,
505 2211 523 2232 o
547 2200 677 2231 Clinia?
701 2210 741 2232 an
764 2199 929 2241 patiemur,
957 2205 991 2230 ut
1005 2200 1149 2241 Spartam
1160 2198 1204 2229 sic
1219 2199 1331 2240 hospes
1343 2197 1495 2228 invadat?
1542 2197 1619 2230 Cu.

164 2253 257 2285 Certe
274 2264 281 2283 ε
306 2264 375 2285 nam
392 2265 461 2285 cum
477 2254 605 2285 dicendi
618 2254 742 2285 libertas
757 2254 814 2285 sibi
830 2263 978 2285 concessa
991 2252 1042 2289 sit,
1057 2261 1217 2294 quousque
1232 2252 1305 2282 satis
1320 2251 1360 2281 de
1376 2251 1494 2292 legibus
1507 2255 1620 2282 tracta-

163 2311 232 2337 tum
246 2317 310 2338 non
325 2308 428 2344 fuerit,
441 2307 694 2339 interturbandus
716 2319 779 2338 non
801 2313 860 2338 est.
896 2307 993 2337 Meo.
1010 2306 1111 2337 Probe
1127 2305 1216 2336 dicis.
1247 2306 1385 2336 Ammv.
1400 2303 1513 2335 Meum
1527 2305 1623 2346 igitur

165 2363 224 2396 est,
247 2371 317 2402 quae
339 2366 520 2402 sequuntur,
550 2363 730 2403 explanare.
775 2362 851 2394 Cm.
873 2361 989 2393 Procul
1014 2360 1120 2391 dubio.
1164 2359 1302 2390 Arum.
1325 2359 1405 2395 Quis
1431 2357 1524 2399 igitur
1547 2358 1621 2389 vitae

167 2414 279 2444 modus
299 2414 472 2445 hominibus
494 2415 564 2451 erit,
585 2416 696 2456 quibus
718 2417 895 2447 necessaria
915 2414 1114 2446 mediocriter
1135 2414 1197 2445 sint
1225 2412 1423 2454 praeparata?
1446 2420 1528 2442 artes
1549 2422 1622 2442 vero

167 2467 238 2497 aliis
259 2467 383 2503 relictae,
407 2469 594 2509 agricultura
615 2470 711 2500 serris
733 2470 961 2506 commendata,
977 2470 1031 2511 qui
1044 2470 1162 2499 fructus
1177 2478 1215 2498 ex
1231 2466 1312 2507 agris
1325 2465 1466 2502 reddant,
1480 2465 1534 2506 qui
1549 2465 1625 2496 satis

164 2520 226 2551 sint
241 2521 418 2552 hominibus
430 2521 570 2552 modeste
584 2522 772 2560 viventibus,
787 2524 900 2565 quibus
914 2529 1066 2566 praeterea
1081 2522 1230 2553 convivia
1245 2520 1372 2562 publica
1386 2520 1448 2550 sint
1462 2520 1604 2550 instituta
1618 2532 1624 2549 ς

166 2575 298 2606 virorum
314 2575 439 2617 quidem
457 2586 603 2612 seorsum,
618 2582 651 2607 et
664 2577 800 2618 proxime
816 2579 1067 2620 propinquorum,
1085 2576 1276 2616 filiarumque
1292 2584 1353 2604 una
1366 2579 1459 2614 atque
1475 2579 1624 2604 matrum:

167 2628 277 2670 hisque
303 2629 454 2660 conviviis
480 2629 638 2670 principes
661 2630 789 2670 quidam
821 2637 855 2661 et
875 2631 934 2662 viri
956 2636 988 2661 et
1010 2629 1153 2660 mulieres
1175 2626 1331 2669 praepositi
1353 2626 1426 2662 sint,
1449 2627 1504 2668 qui
1527 2627 1556 2656 in
1581 2627 1627 2657 eis

168 2683 332 2714 observent
345 2682 485 2724 quotidie
502 2683 810 2726 animadvertantque
825 2685 957 2726 singula,
974 2683 1089 2715 deinde
1105 2689 1201 2714 coetus
1222 2682 1308 2722 ipsos
1322 2680 1501 2717 dissolvant,
1527 2680 1623 2721 [807]

168 2740 212 2772 et,
238 2742 401 2778 postquam
421 2742 484 2768 tam
508 2738 664 2779 principes
691 2748 785 2779 quam
799 2739 897 2770 ceteri
913 2738 987 2769 Diis
1003 2738 1088 2779 ipsiS,
1103 2734 1215 2778 quibus
1227 2736 1295 2766 dies
1311 2735 1366 2764 illa
1380 2734 1428 2764 vel
1445 2744 1506 2765 nox
1522 2733 1626 2765 dicata

166 2796 226 2825 est,
249 2790 425 2827 libaverint,
448 2790 574 2822 domum
597 2792 844 2833 proficiscantur.
865 2793 912 2824 his
934 2793 1029 2833 igitur
1049 2790 1225 2822 hominibus
1247 2789 1292 2820 sic
1308 2787 1455 2820 institutis
1465 2788 1625 2819 nullumne

167 2843 226 2872 erit
239 2843 391 2885 reliquum
407 2856 486 2887 opus
500 2846 707 2877 necessarium
724 2847 862 2889 ipsisque
875 2847 1076 2882 conveniens,
1093 2844 1148 2876 sed
1159 2843 1260 2875 dediti
1268 2842 1369 2874 ventri
1380 2852 1466 2873 more
1477 2851 1625 2883 pecorum

170 2896 297 2928 vivent?
321 2903 354 2929 at
380 2909 452 2930 vero
482 2909 541 2931 nec
563 2900 680 2943 justum
701 2911 761 2932 nec
787 2902 952 2933 honestum
982 2900 1014 2931 id
1040 2900 1200 2931 ducimus:
1225 2908 1329 2938 neque
1345 2895 1490 2938 possibile
1505 2900 1565 2935 est,
1583 2895 1626 2924 ita
