1840 3225
173 231 270 281 612]
603 228 677 267 DE
707 225 1016 265 REPUBLICA
1050 228 1147 267 LlB.
1180 229 1229 268 X.
1563 230 1637 269 231

173 342 209 364 ac
226 333 252 363 si
268 333 314 363 ita
328 342 361 363 se
379 332 483 368 habet,
500 331 732 363 animadvertas
749 329 880 361 easdem
896 339 1022 370 semper
1036 330 1158 361 animas
1170 331 1247 362 sore.
1269 341 1373 374 neque
1383 331 1469 364 enim
1480 333 1646 374 pauciores

173 396 313 428 unquam
329 393 429 422 erunt,
447 396 518 417 cum
534 386 621 416 nulla
636 394 759 426 prorsus
775 383 921 418 intereat,
939 393 1040 424 neque
1057 394 1161 415 rursus
1174 386 1290 426 plures.
1336 387 1368 417 Si
1384 387 1470 418 enim
1484 387 1645 419 immorta-

173 440 251 471 lium
267 441 434 482 quicquam
450 441 520 481 plus
545 439 706 474 efficiatur,
724 448 762 468 ex
785 436 910 467 mortali
934 437 1097 473 efficietur,
1124 446 1277 481 eruntque
1307 440 1434 472 demum
1458 441 1648 473 immortalia

173 495 290 525 omnia.
335 494 450 526 Gun.
474 493 559 524 Vera
585 491 732 533 loqueriS.
776 491 832 521 So.
855 490 901 521 At
928 499 1002 521 vero
1017 490 1051 521 id
1078 503 1281 534 nequaquam
1309 495 1522 526 existimamus
1537 508 1542 525 ι
1567 496 1648 527 ratio

174 558 312 589 namque
328 548 482 590 prohibet.
505 557 608 588 neque
633 547 747 577 iterum
773 545 958 575 arbitramur
985 545 1123 576 animam
1150 548 1314 579 verissima
1337 550 1385 579 sui
1410 555 1523 580 natura
1548 551 1647 582 talem

177 611 258 638 esse,
274 607 309 633 ut
323 603 418 638 varia,
437 601 597 645 dissimilis
610 606 704 641 atque
722 599 872 630 differens
886 599 920 629 in
933 609 966 629 se
983 599 1053 640 ipsa
1069 600 1120 630 sit.
1165 601 1279 632 GLAu.
1303 603 1469 639 Quomodo
1480 603 1564 635 istud
1577 605 1649 635 ais'!

174 656 229 688 So.
254 655 349 687 Haud
364 656 457 686 facile
474 661 522 686 est
535 655 760 696 sempiternum
791 663 872 689 esse,
901 653 985 694 quod
1001 664 1039 684 ex
1065 655 1210 695 pluribus
1227 657 1432 687 constitutum
1458 663 1517 694 est,
1544 668 1649 700 neque

176 710 328 751 optimam
344 709 604 750 compositionem
619 713 667 739 est
679 708 823 738 sortitum
838 719 844 737 ε
869 712 904 738 ut
928 708 1020 738 nobis
1037 707 1076 738 de
1091 708 1197 740 anima
1223 720 1308 741 nunc
1333 712 1489 752 apparuit.
1533 712 1651 744 GLAu.

174 763 432 795 Consentaneum
447 769 507 794 est.
551 763 606 794 So.
629 762 781 793 Animam
796 762 892 803 igitur
920 762 1132 793 immortalem
1148 773 1217 794 esse
1236 769 1269 794 et
1280 764 1360 796 ratio
1377 775 1515 806 praesens
1531 772 1564 796 et
1579 767 1650 798 ah'ae

174 828 286 859 cogere
302 823 443 858 possunt.
486 817 520 848 Si
537 817 606 858 quis
622 827 707 852 vero,
725 817 826 858 qualis
840 817 912 857 ipsa
924 827 1035 847 revera
1051 817 1102 853 sit,
1117 817 1274 859 inspicere
1291 819 1388 860 cupit,
1406 819 1649 862 haudquaquam

174 872 290 903 intueri
306 882 377 902 eam
392 871 488 902 debet
516 871 734 903 communione
769 871 906 912 corpon's
931 871 1085 912 malisque
1109 872 1179 902 aliis
1203 872 1418 914 inquinatam:
1444 874 1649 915 quemadmo-

175 925 251 957 dum
261 926 323 967 ipsi
338 936 422 956 nunc
434 926 593 956 intuemur
608 937 614 954 ε
640 925 697 956 sed
713 926 825 966 qualis,
841 936 912 956 cum
924 935 1003 967 pura
1014 924 1118 961 fuerit,
1133 925 1302 968 diligenter
1312 928 1433 959 ratione
1457 928 1649 961 discernere.

173 979 227 1010 ubi
243 985 328 1010 certe
345 985 378 1010 et
393 981 492 1010 multo
507 979 666 1021 pulchrior
682 979 846 1020 apparebit
861 991 867 1008 ε
892 985 925 1010 et
941 980 1065 1016 clarius,
1079 990 1151 1011 cum
1164 981 1237 1011 talis
1253 981 1323 1018 erit,
1351 982 1427 1023 quid
1449 983 1568 1025 justum
1595 985 1647 1020 sit,

174 1033 251 1075 quid
266 1044 341 1070 non,
359 1040 391 1065 et
405 1035 527 1075 reliqua
550 1045 620 1075 quae
636 1044 729 1074 supra
757 1033 890 1064 diximus
912 1033 1082 1076 judicabit.
1125 1035 1222 1066 Nunc
1250 1035 1379 1077 quidem
1400 1048 1475 1068 vera
1499 1037 1538 1068 de
1565 1038 1647 1080 ipsa,

176 1088 280 1128 qualis
295 1087 418 1118 videtur
433 1088 466 1118 in
482 1088 661 1129 praesentia,
679 1087 824 1118 diximus.
846 1099 910 1119 non
926 1088 1019 1119 aliter
1033 1099 1108 1120 vero
1123 1099 1195 1120 eam
1210 1091 1433 1132 spectavimuS‚
1447 1102 1541 1133 quam
1555 1094 1649 1124 multi

176 1143 331 1173 marinum
346 1143 517 1183 inspiciant
533 1141 742 1173 Glauconem.
758 1143 805 1172 illi
818 1142 975 1183 siquidem
997 1153 1060 1174 non
1087 1144 1180 1174 facile
1208 1154 1339 1185 possunt
1363 1145 1539 1177 Glauconis
1565 1148 1647 1178 anti-

177 1206 272 1237 quam
287 1196 485 1227 considerare
499 1201 653 1232 naturam,
671 1206 709 1226 eo
725 1196 809 1237 quod
826 1197 962 1238 antiquae
979 1197 1116 1238 corporis
1130 1203 1236 1238 partes
1255 1199 1370 1239 partim
1389 1199 1508 1237 fractae,
1532 1201 1648 1242 partim

175 1251 317 1282 contritae
334 1251 406 1287 sint,
424 1256 456 1281 et
472 1250 510 1281 ab
526 1250 618 1281 undis
634 1251 762 1291 penitus
777 1250 948 1292 dissipatae,
966 1251 1090 1292 aliaque
1107 1252 1155 1282 illi
1166 1263 1272 1283 rursus
1285 1253 1459 1284 inhaereant
1469 1256 1649 1296 conchylia,

175 1306 257 1346 alga,
269 1305 402 1346 lapides,
419 1315 456 1335 ex
472 1305 583 1346 quibus
599 1305 698 1335 multo
714 1305 814 1346 magis
831 1305 903 1335 ferae
917 1317 980 1347 prae
997 1316 1031 1336 se
1044 1306 1105 1336 fert
1113 1306 1284 1348 imaginem
1297 1318 1393 1349 quam
1403 1314 1522 1339 naturae
1537 1310 1650 1350 prioris

178 1366 352 1400 aspectum.
375 1359 420 1390 ita
436 1364 470 1389 et
483 1360 620 1390 animam
635 1370 694 1390 nos
709 1369 835 1400 semper
850 1360 1019 1400 aspicimus
1034 1361 1126 1390 malis
1139 1361 1315 1392 innumeris
1329 1362 1538 1403 inquinatam.
1582 1362 1648 1394 Sed

177 1414 263 1444 enim
277 1414 353 1445 illuc
379 1414 486 1444 oculos
510 1418 692 1445 convertere
717 1413 820 1450 decet,
838 1424 856 1444 o
871 1414 1028 1445 Glaucon.
1072 1414 1189 1446 GLAU.
1212 1415 1379 1452 Quonam'!
1424 1417 1480 1448 So.
1502 1416 1556 1448 Ad
1571 1417 1649 1460 ejus,

175 1468 315 1509 inquam,
332 1468 563 1509 philosophiam
578 1480 584 1498 ;
610 1473 643 1498 et
655 1468 738 1499 circa
752 1469 841 1498 illam
857 1474 981 1510 oportet
997 1469 1260 1506 animadvertere,
1277 1481 1346 1511 quae
1360 1470 1488 1512 attingit
1510 1471 1648 1512 animus,

174 1527 207 1553 et
220 1522 404 1563 quibuscum
417 1522 678 1553 consuetudinem
690 1522 769 1553 inire
783 1522 913 1553 affectat
925 1527 958 1553 et
969 1523 1097 1554 nititur:
1122 1528 1231 1564 utpote
1245 1524 1299 1565 qui
1310 1530 1461 1566 cog-natus
1473 1525 1514 1556 sit
1530 1525 1648 1562 divino,

172 1576 340 1607 immortali
355 1582 388 1607 et
404 1577 613 1618 sempiterno:
639 1577 803 1618 qualisque
819 1582 974 1618 praeterea
989 1578 1110 1608 futurus
1125 1584 1183 1614 est,
1206 1579 1233 1609 si
1249 1579 1376 1619 quando
1392 1579 1546 1621 ejusmodi
1561 1567 1648 1611 totus

175 1636 322 1672 sequatur
337 1636 490 1666 naturam,
507 1641 564 1672 per
580 1632 662 1661 hunc
678 1630 827 1662 affectum
850 1632 1020 1673 nixumque
1045 1631 1177 1663 eductus
1202 1643 1242 1663 ex
1265 1634 1393 1675 pelago,
1420 1644 1481 1675 quo
1502 1633 1544 1665 ad
1569 1645 1649 1676 prae-

178 1694 252 1715 sens
266 1684 485 1726 submergitur,
501 1684 664 1726 nudusque
681 1696 856 1727 emergens,
878 1686 1017 1717 excussis
1040 1687 1137 1728 petris
1163 1692 1195 1717 et
1219 1688 1340 1724 ostreis,
1370 1699 1440 1729 quae
1468 1688 1527 1719 sibi
1550 1699 1648 1725 nunc,

177 1737 275 1780 [612]
293 1744 443 1780 tanquam
458 1749 496 1769 ex
513 1744 596 1770 terra
611 1740 738 1776 nutrito,
754 1745 890 1776 terrena,
907 1740 1050 1781 lapidosa
1066 1745 1099 1771 et
1113 1742 1250 1782 agrestia
1270 1743 1406 1783 plurima
1424 1742 1646 1778 inhaerescunt,

174 1799 303 1834 propter
319 1803 389 1824 eam
402 1794 509 1835 utique
527 1794 718 1831 alimoniam,
737 1805 830 1836 quam
846 1795 989 1836 plerique
1013 1795 1140 1826 beatam
1167 1796 1359 1827 existimant.
1401 1796 1491 1827 Tune
1520 1796 1647 1827 demum

174 1857 281 1877 veram
295 1853 440 1878 naturam
454 1848 553 1889 ipsius
578 1848 675 1879 animi
699 1849 991 1890 contemplabimur,
1018 1859 1297 1891 agnoscemusque,
1322 1858 1425 1881 utrum
1440 1851 1527 1881 varia
1553 1851 1647 1881 sitan

173 1901 316 1942 simplex,
333 1902 496 1943 qualisque
513 1902 553 1932 sit
580 1903 681 1933 omnis
708 1903 774 1945 ejus
798 1903 948 1934 conditio.
994 1903 1089 1934 Nunc
1117 1910 1223 1934 autem
1250 1904 1346 1934 animi
1373 1905 1510 1935 humana
1533 1904 1567 1935 in
1583 1905 1649 1936 vita

173 1955 305 1986 affectus
321 1966 357 1986 ac
374 1957 497 1997 species
513 1957 599 1992 satis,
621 1962 654 1986 ut
673 1957 814 1993 arbitror,
832 1957 1070 1988 declaravimus.
1116 1957 1231 1989 Gau.
1254 1957 1386 1988 Prorsus
1406 1958 1546 1999 quidem.
1590 1959 1647 1990 So.

174 2009 291 2040 Nonne
305 2015 410 2040 cetera
421 2010 549 2051 quidem
560 2010 594 2040 in
607 2011 665 2041 hac
678 2010 889 2052 disputatione
903 2012 1101 2052 exposuimus
1114 2013 1125 2042 ἵ
1143 2012 1272 2053 praemia
1281 2022 1354 2043 vero
1361 2012 1459 2053 ipsius
1471 2018 1504 2043 et
1515 2013 1648 2044 honores

173 2073 374 2104 nequaquam
390 2064 560 2100 attulimus,
575 2064 840 2106 quemadmodum
856 2065 1030 2096 Homerum
1045 2076 1100 2097 vos
1114 2072 1147 2097 et
1162 2065 1339 2097 Hesiodum
1363 2066 1530 2097 adduxisse
1559 2067 1645 2098 dice-

172 2117 254 2148 batis
269 2129 275 2147 :
301 2117 358 2148 sed
369 2118 525 2160 justitiam
540 2119 642 2160 ipsam
658 2119 719 2161 ipsi
735 2120 847 2150 animae
864 2120 1018 2161 optimum
1045 2121 1208 2161 praemium
1236 2130 1306 2151 esse
1332 2121 1558 2162 comperimus:
1579 2122 1646 2163 jus-

171 2177 265 2213 teque
276 2171 434 2213 agendum
446 2183 514 2203 esse
534 2175 784 2210 monstravimus,
802 2175 867 2205 sive
885 2174 990 2216 Gygis
1005 2174 1120 2205 habeat
1143 2175 1283 2211 anulum,
1296 2175 1362 2206 sive
1378 2175 1475 2206 etiam
1499 2175 1647 2207 Plutonis

173 2227 322 2268 galeaml
368 2226 484 2258 Grau.
509 2227 596 2258 Vera
620 2228 764 2269 loqueris.
807 2228 860 2259 So.
886 2228 1036 2259 Ceterum
1060 2239 1143 2260 nunc
1178 2239 1302 2270 quoque
1330 2234 1445 2270 praeter
1467 2230 1535 2261 haec
1559 2231 1649 2261 nulla

172 2279 294 2310 invidia
308 2281 463 2322 prohibet,
477 2292 538 2322 quo
554 2282 657 2313 minus
669 2283 799 2325 justitiae
816 2288 849 2313 et
864 2283 1017 2313 universae
1032 2283 1139 2313 virtuti
1156 2293 1194 2313 ea
1216 2283 1346 2324 praemia
1372 2284 1555 2321 tribuamus,
1576 2294 1646 2326 quae

172 2334 243 2375 ipsa
255 2334 367 2365 animae
384 2342 546 2376 comparat
560 2343 593 2367 et
609 2337 648 2367 ab
664 2337 840 2368 hominibus
857 2342 890 2367 et
905 2347 923 2367 a
939 2336 999 2367 diis
1015 2342 1081 2367 tam
1102 2337 1140 2367 ab
1158 2337 1284 2368 vivente
1315 2338 1453 2374 homine,
1481 2348 1575 2379 quam
1590 2338 1646 2369 de-

174 2386 293 2418 functo.
339 2387 453 2419 GLAU.
479 2390 686 2432 Maguopere.
731 2391 788 2422 So.
812 2391 965 2433 Nunquid
982 2401 1056 2432 ergo
1077 2391 1229 2422 restitutis
1252 2391 1340 2427 mihi,
1358 2402 1427 2432 quae
1443 2393 1476 2422 in
1503 2402 1647 2423 sermone

177 2441 311 2472 mutuati
327 2442 424 2472 estis?
469 2442 583 2474 GtAu·
608 2444 695 2482 Quid
711 2446 870 2476 maxime?
917 2447 973 2477 So.
997 2445 1084 2476 Dedi
1101 2445 1250 2486 equidem
1273 2445 1382 2476 vobis:
1402 2446 1522 2487 justum
1546 2446 1648 2478 vimm

178 2495 277 2525 videri
293 2496 442 2537 injustum
457 2496 667 2539 injustumque
679 2499 809 2541 justum.
824 2510 880 2530 vos
896 2500 981 2530 enim
994 2500 1167 2540 petieratis.
1177 2499 1252 2529 licet
1268 2500 1355 2529 enim
1367 2499 1435 2530 fieri
1450 2510 1513 2530 non
1528 2507 1644 2542 posset,

173 2555 207 2579 ut
224 2550 284 2580 ista
297 2550 437 2580 homines
450 2549 587 2592 deosque
604 2553 739 2583 laterent
753 2565 759 2582 :
784 2559 890 2585 tamen
908 2553 1039 2585 concedi
1058 2555 1114 2584 hoc
1126 2553 1346 2594 disputationis
1360 2553 1459 2594 gratia
1468 2554 1597 2595 placuit,
1611 2561 1646 2585 ut

176 2604 291 2646 injusta
310 2605 380 2645 ipsa
398 2605 445 2635 ad
461 2605 645 2647 injustitiam
666 2608 769 2647 ipsam
792 2615 972 2650 comparata
983 2608 1187 2650 judicaretur.
1210 2617 1274 2638 non
1289 2606 1487 2639 recordaris?
1533 2608 1649 2640 GLAU.

176 2658 297 2694 Quidni
322 2658 489 2689 recorder?
535 2659 590 2690 So.
614 2659 786 2702 Postquam
801 2663 896 2703 igitur
906 2662 1055 2704 judicatae
1072 2668 1154 2697 sunt,
1172 2671 1231 2702 ego
1247 2661 1361 2692 iterum
1376 2662 1501 2702 postulo
1518 2672 1537 2692 a
1559 2662 1648 2692 vobis

176 2713 301 2753 exponi,
317 2723 411 2753 quam
422 2713 544 2754 justitia
560 2714 739 2745 mercedem
755 2726 773 2746 a
790 2715 850 2748 diis
865 2722 898 2747 et
915 2716 1091 2747 hominibus
1117 2715 1242 2751 reserat,
1259 2720 1294 2745 ut
1309 2720 1342 2745 et
1358 2715 1496 2756 palmam
1513 2717 1552 2746 ab
1579 2716 1647 2756 opi-

174 2766 269 2797 nione
285 2773 317 2797 et
333 2767 500 2797 manifesta
515 2768 744 2799 existimatione
760 2775 908 2811 reportet,
927 2780 989 2811 qua
999 2769 1121 2811 justitia
1137 2769 1184 2799 sui
1200 2769 1372 2810 participes
1392 2769 1530 2805 decorat,
1559 2775 1645 2810 post-

177 2830 271 2860 quam
287 2826 394 2861 aperte
413 2822 477 2851 visa
493 2827 541 2851 est
557 2822 652 2852 etiam
667 2823 737 2863 ipsa
752 2824 799 2854 sui
811 2825 979 2865 praesentia
1007 2823 1161 2854 beneficia
1183 2823 1274 2853 nobis
1298 2823 1449 2858 conferre,
1463 2833 1564 2863 neque
1593 2833 1647 2852 eos

179 2872 335 2914 decipere,
353 2875 406 2915 qui
421 2886 494 2905 vere
512 2886 582 2906 eam
597 2876 773 2917 possident.
818 2878 892 2909 GLA
900 2889 932 2909 υ.
958 2877 1075 2908 Debita
1090 2877 1241 2919 postulas.
1287 2877 1340 2907 So.
1364 2876 1503 2906 Primum
1518 2875 1646 2916 quidem

178 2927 236 2956 hoc
252 2927 327 2958 mihi
342 2928 491 2965 reddetis,
509 2930 592 2971 quod
609 2931 711 2971 qualis
728 2941 835 2962 eorum
850 2938 980 2973 uterque
998 2931 1049 2966 sit,
1065 2936 1097 2961 et
1108 2931 1210 2973 justus
1226 2930 1348 2961 scilicet
1363 2935 1395 2959 et
1411 2930 1553 2970 injustus,
1570 2929 1646 2960 deos

184 2991 246 3012 non
274 2981 361 3013 latet.
406 2982 521 3015 GLAv.
545 2983 741 3019 Reddemus.
785 2985 841 3019 So.
863 2986 897 3018 Si
924 2985 1001 3018 deos
1029 2985 1062 3018 id
1089 2995 1151 3017 nou
1181 2986 1267 3019 latet,
1294 2982 1501 3024 uuusquidem
1528 2993 1546 3013 a
1575 2983 1646 3014 Deo
