1840 3225
253 212 331 250 382
833 205 1096 244 PLATOle
1603 209 1700 260 [824

252 317 302 345 tor
326 312 491 344 consuluit.
511 310 606 341 immo
631 319 704 340 vero
728 308 825 350 magis
853 309 1014 344 honorent,
1035 318 1104 349 quae
1128 318 1198 338 cum
1223 306 1315 338 laude
1341 306 1426 339 dicta
1453 312 1486 339 et
1511 308 1704 340 exhortando

251 367 412 408 proposita
425 371 509 401 sunt,
525 375 616 406 quam
633 373 702 405 quae
717 362 832 394 minaci
847 368 880 393 et
892 363 1013 393 vindice
1031 362 1098 403 lege
1115 362 1244 393 firmata.
1268 361 1317 392 his
1330 361 1372 392 ita
1387 361 1554 403 propositis
1569 372 1706 403 congrua

251 420 404 460 deinceps
428 420 494 449 laus
517 423 549 449 et
573 418 759 458 vituperatio
774 417 948 447 venationis
961 416 1112 447 conscribi
1125 422 1229 457 potest
1246 427 1252 444 :
1277 421 1324 452 ut,
1343 425 1412 456 quae
1424 415 1569 446 meliores
1584 415 1705 446 animos

246 473 397 512 juvenum
420 473 505 509 facit,
528 471 695 510 laudetur3
717 481 786 513 quae
809 476 927 506 contra,
949 471 1150 512 vituperetur.
1173 470 1311 500 dicamus
1326 470 1418 510 igitur
1432 469 1582 509 deinceps
1596 468 1634 498 ad
1650 478 1705 499 eos

247 528 304 563 sie.
327 527 470 568 precibus
496 525 709 567 interpositis:
735 525 862 556 Utinam
890 535 957 562 vos,
984 535 1002 555 o
1032 524 1190 560 carissimi,
1216 534 1373 565 nunquam
1386 523 1512 553 marinae
1528 522 1704 552 venationis

246 581 394 622 hamique
420 580 575 622 cupiditas
601 579 715 620 capiat,
741 589 800 610 nec
826 579 952 610 omnino
976 578 1185 620 aquaticorum
1213 577 1403 614 animalium,
1427 577 1492 613 die,
1514 576 1580 606 sive
1607 575 1702 606 etiam

246 640 351 670 nocte,
366 646 422 676 per
437 635 568 665 otiosam
581 634 781 663 venationem
793 643 908 674 sagena
922 632 1142 674 capiendorum
1155 644 1161 662 :
1186 643 1244 663 nec
1265 632 1402 673 piraticae
1429 640 1525 667 amor,
1541 640 1598 671 per
1608 629 1702 660 maria

245 694 409 720 venatores
424 688 581 719 hominum
595 687 720 727 iniquos
735 692 828 728 atque
844 693 962 717 atroces
973 697 1028 717 vos
1040 686 1146 717 faciat.
1171 686 1246 716 furti
1264 696 1333 716 vero
1349 685 1565 725 latrociniique
1578 683 1702 724 cupidi-

245 747 293 772 tas
315 742 349 772 in
372 743 446 772 urbe
468 743 518 773 vel
540 741 666 782 regione
692 740 918 776 committendi,
933 751 990 770 nec
1008 741 1038 770 in
1056 746 1191 771 mentem
1210 739 1342 781 quidem
1357 740 1462 770 veniat
1477 744 1621 777 vestram,
1642 747 1701 769 nec

243 796 413 826 volatilium
441 795 581 836 jucunda
609 795 744 830 venatio,
768 794 886 825 servilis
910 795 1008 835 magis
1032 805 1125 835 quam
1153 794 1261 824 libera.
1287 793 1383 834 [824]
1407 791 1597 834 pedestrium
1625 801 1701 832 ergo

241 850 368 880 venatio
393 849 479 880 vobis
493 849 558 879 sola
571 849 767 889 relinquitur.
790 848 845 879 sed
859 859 918 878 nec
933 849 1162 883 dormientium,
1177 858 1247 888 quae
1261 847 1382 877 vicibus
1406 845 1592 887 quibusdam
1605 845 1703 876 inter-

242 903 352 943 positis
370 903 415 940 fit,
444 908 657 942 nocturnaque
684 906 821 938 vocatur,
849 907 880 932 et
896 902 1063 932 otiosorum
1078 901 1236 930 hominum
1253 908 1313 936 est,
1329 899 1421 930 laude
1436 899 1530 940 dig-na
1546 899 1676 930 habetur
1691 911 1698 929 :

241 966 343 997 neque
366 956 472 992 etiam,
497 966 566 997 quae
590 957 624 986 in
650 955 762 986 laboris
784 955 965 986 remissione
979 954 1033 984 fit:
1058 959 1091 984 et
1105 953 1223 984 retibus
1237 953 1433 994 laqueisque,
1447 963 1511 983 non
1527 953 1701 983 constantis

241 1010 337 1040 animi
362 1009 488 1046 viribus,
511 1010 645 1040 ferarum
668 1010 776 1040 domat
798 1009 1007 1039 atrocitatem.
1029 1008 1095 1038 sola
1122 1017 1195 1048 ergo
1221 1006 1460 1048 quadrupedum
1488 1006 1615 1037 venatio
1645 1006 1700 1037 illa

239 1069 336 1095 restat
349 1064 490 1094 omnibus
506 1064 635 1104 optima,
651 1074 719 1104 quae
736 1063 835 1103 equis,
851 1062 989 1098 canibus,
1005 1061 1141 1102 corporis
1153 1061 1267 1091 viribus
1282 1061 1393 1102 agitur.
1414 1070 1485 1090 nam
1509 1060 1700 1101 quibuscun-

240 1128 302 1159 que
332 1118 439 1148 divina
461 1128 543 1149 curae
571 1123 619 1148 est
643 1113 802 1152 fortitudo,
826 1116 849 1146 ii
870 1115 1090 1157 quadrupedes
1112 1125 1233 1150 omnes,
1249 1125 1352 1150 cursu,
1368 1113 1546 1144 vulneribus
1561 1113 1696 1155 telisque

239 1182 334 1203 manu
350 1172 477 1213 propria
484 1172 627 1202 venando
636 1171 761 1202 vincere
775 1171 903 1202 debent.
920 1171 976 1200 sed
992 1170 1061 1200 laus
1076 1169 1323 1211 vituperatioque
1338 1169 1477 1199 venandi
1492 1167 1536 1198 ita
1550 1167 1699 1199 distincta

238 1226 288 1257 sit.
313 1227 364 1257 lex
381 1232 483 1257 autem
511 1227 588 1256 ista:
613 1226 722 1257 Sacros
751 1224 878 1266 quidem
902 1225 959 1255 hos
980 1229 1155 1260 venatores,
1169 1223 1347 1264 ubicunque
1361 1222 1469 1253 venari
1484 1222 1592 1258 velint,
1605 1232 1698 1254 nemo

237 1280 414 1321 prohibeat.
436 1285 615 1311 venatorem
636 1286 833 1316 nocturnum,
862 1278 977 1310 retibus
999 1283 1032 1308 et
1057 1277 1186 1308 canibus
1201 1276 1262 1307 suis
1274 1276 1425 1308 fidentem
1441 1299 1450 1313 ‚
1466 1286 1559 1308 nemo
1575 1276 1696 1316 uspiam

236 1334 319 1364 sinat
332 1334 452 1364 venari.
474 1344 588 1375 auceps
603 1344 658 1375 per
672 1334 807 1364 incultos
821 1343 912 1374 agros
926 1337 1108 1373 montesque
1122 1331 1226 1373 vagari
1236 1331 1434 1372 permittatur
1448 1343 1455 1359 :
1480 1341 1499 1361 a
1514 1331 1607 1362 cultis
1620 1330 1698 1361 locis

236 1388 390 1428 sacrisque
420 1388 544 1418 incultis
565 1398 583 1418 a
609 1397 793 1429 quocunque
808 1387 952 1428 pellatur.
977 1386 1112 1427 piscator
1126 1396 1183 1416 nec
1198 1386 1230 1415 in
1246 1385 1387 1426 portibus
1402 1395 1460 1416 nec
1475 1385 1570 1416 sacris
1584 1384 1698 1420 fluviis,

236 1441 403 1483 paludibus
428 1441 607 1482 stagnisque
637 1446 792 1471 venetur:
816 1441 851 1471 in
881 1440 949 1471 aliis
979 1440 1083 1476 liceat,
1114 1438 1284 1470 dummodo
1313 1449 1474 1470 succorum
1500 1448 1564 1469 non
1590 1442 1696 1468 utatur

237 1495 453 1536 permixtione.
475 1495 528 1526 sed
551 1494 618 1536 jam
645 1495 858 1526 institutiones
884 1494 924 1525 de
948 1494 1117 1537 disciplina
1144 1494 1237 1526 finem
1252 1493 1398 1526 habeant.
1443 1492 1520 1524 Cu-
1543 1491 1696 1524 Praeclare

234 1548 380 1590 loqueris.

797 1734 933 1784 LIB.
972 1733 1125 1783 VIII.

234 1885 330 1927 [828]
356 1886 535 1918 Semnum
563 1885 724 1927 deincepS,
740 1889 776 1916 ut
790 1885 878 1926 leges
893 1885 933 1916 de
949 1883 1196 1916 solemnitatibus
1211 1893 1266 1925 per
1281 1882 1439 1924 Delphica
1454 1883 1576 1914 oracula
1589 1882 1692 1915 sancl-

231 1951 329 1976 amus,
354 1950 422 1980 quae
452 1950 538 1971 sacra
562 1939 740 1981 quibusque
770 1939 842 1970 Diis
863 1939 1033 1970 sacrificare
1049 1938 1185 1968 feliciter
1200 1938 1310 1968 civitas
1325 1937 1449 1969 debeat.
1471 1942 1504 1967 at
1518 1937 1643 1979 quando
1659 1942 1692 1968 et

231 1999 308 2034 quot
331 2003 460 2023 numero
486 2003 573 2024 sacra
585 1993 686 2024 facere
704 1998 856 2035 oporteat,
873 1993 952 2023 forte
964 1997 1104 2023 nostrum
1118 1996 1167 2022 est
1181 1991 1324 2021 nonnihil
1339 1991 1410 2032 lege
1435 1990 1566 2021 sancire.
1611 1989 1690 2022 CLI.

228 2045 372 2076 Fortasse
387 2057 560 2079 numerum.
606 2046 744 2078 Arnen.
767 2047 818 2078 De
846 2057 974 2077 numero
991 2047 1084 2088 igitur
1098 2045 1199 2087 primo
1215 2045 1365 2076 dicamus.
1387 2054 1482 2085 quem
1496 2054 1556 2086 ego
1569 2049 1693 2076 trecen-

228 2105 330 2130 tomm
360 2104 392 2130 et
419 2100 583 2140 sexaginta
609 2100 746 2141 quinque
770 2111 837 2131 esse
865 2106 1005 2141 oportere
1035 2110 1149 2130 censeo
1167 2111 1173 2128 :
1199 2105 1234 2129 ut
1258 2109 1338 2129 unus
1365 2099 1476 2140 aliquis
1504 2109 1626 2139 semper
1652 2108 1691 2129 ex

228 2153 458 2195 magistratibus
484 2154 626 2183 Deorum
653 2155 745 2184 alicui
771 2160 826 2184 aut
853 2154 1041 2184 Daemonum
1062 2164 1120 2194 pro
1141 2153 1281 2188 civitate,
1307 2162 1363 2193 pro
1379 2163 1411 2182 se
1423 2151 1512 2193 ipsis,
1526 2161 1583 2192 pro
1599 2151 1690 2182 rebus

228 2208 292 2238 suis
308 2207 471 2238 sacrificet.
495 2206 680 2247 interpretes
696 2217 766 2238 vero
782 2213 815 2237 et
829 2209 1015 2243 sacerdotes,
1030 2213 1093 2237 tarn
1108 2206 1166 2236 viri
1181 2215 1277 2247 quam
1292 2206 1448 2240 mulieres,
1463 2212 1613 2246 vatesque
1627 2215 1692 2235 una

229 2271 301 2293 cum
327 2262 434 2302 legum
462 2259 642 2291 custodibus
669 2261 849 2302 congregati
870 2270 909 2291 ea
935 2260 1091 2297 ordinent,
1116 2270 1185 2301 quae
1201 2260 1235 2290 in
1250 2259 1298 2290 his
1314 2259 1499 2300 legumlator
1512 2259 1690 2290 necessario

227 2315 439 2356 dereliquerit.
461 2324 535 2345 nam
564 2313 782 2345 derelictorum
807 2315 983 2355 cognitores
1004 2314 1082 2344 istos
1103 2324 1171 2344 esse
1187 2318 1321 2354 oportet.
1346 2314 1397 2344 lex
1419 2323 1493 2354 ergo
1507 2312 1638 2349 videbit,
1653 2324 1690 2356 ut

225 2369 391 2399 duodecim
418 2368 631 2399 solemnitates
647 2368 719 2399 Diis
735 2369 911 2404 duodecim,
928 2368 1041 2409 quibus
1061 2368 1190 2409 singulte
1205 2367 1302 2398 tribus
1317 2367 1586 2409 cognominantur,
1602 2367 1690 2400 cives

225 2417 387 2463 peragant,
400 2422 535 2463 Diisque
549 2422 625 2463 ipsis
639 2432 726 2453 sacra
736 2433 792 2464 per
802 2422 940 2463 singulos
952 2432 1076 2453 menses
1088 2422 1205 2452 faciant
1217 2433 1223 2451 :
1247 2422 1357 2452 choros
1369 2426 1522 2462 praeterea
1532 2421 1686 2462 ludosque

224 2476 361 2506 musicos
384 2480 417 2506 et
441 2476 613 2507 certamina
638 2476 792 2518 gymnica,
817 2481 908 2517 prout
931 2475 1003 2507 Diis
1020 2476 1149 2517 singulis
1164 2481 1196 2506 et
1212 2475 1401 2516 temporibus
1418 2474 1575 2505 convenit.
1598 2478 1692 2505 erunt

224 2537 331 2560 autem
346 2530 559 2560 solemnitates
580 2530 746 2567 distinctae,
772 2539 807 2561 ut
820 2535 952 2565 constet,
968 2540 1045 2571 quas
1060 2531 1127 2560 sine
1144 2530 1216 2560 viris
1231 2535 1264 2560 et
1279 2539 1356 2570 quas
1371 2538 1447 2564 non,
1462 2528 1514 2569 agi
1529 2532 1686 2569 oporteat.

224 2580 414 2614 terrestrium
431 2594 552 2625 quoque
567 2585 802 2626 coelestiumque
817 2584 970 2622 Deorum,
982 2590 1216 2625 ceterorumque
1232 2583 1286 2625 qui
1302 2583 1360 2613 hos
1374 2587 1555 2623 sequuntur,
1570 2581 1684 2612 solem-

224 2637 340 2667 nitates
355 2637 522 2667 miscendae
535 2648 598 2668 non
612 2645 694 2675 sunt,
711 2638 768 2669 sed
781 2637 963 2680 separandae
980 2638 1013 2668 in
1029 2637 1216 2668 duodecimo
1225 2646 1348 2672 mense,
1358 2636 1413 2677 qui
1425 2634 1552 2666 Plutoni
1561 2634 1685 2668 dicatus

224 2695 283 2726 est,
301 2695 335 2720 ut
349 2691 487 2731 legitime
503 2692 708 2724 celebrentur.
726 2703 788 2723 non
803 2692 886 2723 enim
901 2691 1093 2733 abjiciendus
1107 2691 1266 2723 bellicosis
1279 2689 1456 2721 hominibus
1471 2689 1498 2719 is
1514 2688 1607 2719 Deus
1622 2694 1683 2724 est,

225 2743 282 2774 sed
310 2744 473 2786 colendus,
496 2749 644 2786 tanquam
660 2747 767 2788 generi
783 2747 943 2777 hominum
959 2756 1080 2787 semper
1096 2745 1244 2787 optimus.
1267 2753 1340 2775 nam
1355 2742 1467 2774 animae
1481 2742 1686 2784 corporisque

225 2797 402 2839 conjunctio
423 2798 512 2829 nullo
534 2799 626 2830 modo
648 2801 758 2832 melior
781 2805 829 2831 est
841 2810 933 2842 quam
950 2800 1074 2836 solutio,
1091 2805 1126 2830 ut
1141 2810 1200 2840 ego
1214 2798 1293 2829 serio
1307 2798 1438 2838 loquens
1452 2795 1579 2828 affirmo.
1603 2806 1687 2837 proe-

224 2856 319 2888 terea,
344 2851 520 2893 quicunque
545 2854 735 2885 sufficienter
765 2855 832 2885 hanc
852 2853 1027 2884 distincturi
1053 2859 1134 2889 sunt,
1159 2852 1234 2883 illud
1257 2851 1393 2892 cogitare
1409 2849 1535 2881 omnino
1551 2849 1681 2885 debent,

223 2910 357 2937 nostram
386 2906 463 2938 hauc
490 2906 648 2939 civitatem
672 2909 766 2940 talem
794 2919 861 2940 esse
878 2908 978 2949 qualis
993 2908 1085 2942 modo
1101 2913 1133 2938 et
1147 2906 1212 2939 otio
1227 2905 1374 2946 temporis
1389 2909 1422 2935 et
1436 2903 1681 2935 necessariorum
