1840 3225
152 211 249 260 543]
560 208 632 246 DE
666 206 972 246 REPUBLICA
1005 209 1101 249 LIB.
1137 210 1249 250 VIII.
1548 212 1622 248 195

152 313 238 344 modi
253 313 324 344 anni
343 313 485 354 duplices
502 313 692 353 superiorum
719 310 884 342 sufficient.
931 311 1046 342 Grau.
1073 311 1225 354 Nuuquid
1243 323 1294 344 sex
1313 313 1391 344 dicis
1408 323 1445 344 an
1465 316 1618 355 quatuor?

151 367 208 398 Se.
232 367 381 408 Quinque
397 367 557 397 adhibeas.
581 366 697 401 deinde
713 365 752 394 ad
767 371 887 396 autrum
901 365 975 395 illud
988 371 1076 395 crunt
1092 366 1203 396 iteruin
1220 367 1410 403 deducendi,
1423 368 1619 409 cogendique

152 432 207 452 eos
219 421 412 462 principatus
425 430 590 454 assumere,
607 418 659 459 qui
673 419 711 448 ad
727 418 840 448 bellum
855 423 1009 458 spectant,
1026 425 1056 448 et
1070 420 1094 449 si
1107 419 1160 460 qui
1171 419 1400 460 suntjuvcnum
1415 421 1618 462 principatus,

150 485 191 506 ne
221 485 277 505 usu
301 485 398 505 rerum
423 474 462 504 ab
483 472 551 503 aliis
578 477 774 513 superentur.
798 477 891 513 atque
917 472 948 502 in
978 472 1024 502 his
1042 483 1166 513 quoque
1192 474 1388 504 examinandi
1406 480 1490 512 sunt,
1514 482 1616 508 utrum

152 533 332 560 constantes
348 531 558 569 permaneant,
586 525 683 568 [540]
709 526 782 555 dum
810 526 972 555 trahuntur
986 525 1137 567 undique,
1154 532 1207 556 aut
1223 533 1345 557 nutent.
1392 528 1504 561 Gru.
1530 530 1618 567 Quot

151 586 254 613 autem
270 592 367 612 annos
393 581 459 611 istis
475 579 646 611 adscribis?
693 580 747 610 So.
772 579 922 619 Quinque
947 589 982 609 ac
1006 579 1126 609 decern.
1150 590 1219 609 curn
1246 591 1316 610 vero
1340 582 1377 611 ad
1395 583 1616 624 quinquagesi-

151 645 235 666 mum
249 646 364 666 annum
393 634 600 676 pervenerint,
617 634 797 674 quicunque
813 633 925 673 integri
950 633 1029 662 inter
1055 643 1108 663 eos
1134 634 1286 674 rebusque
1313 635 1407 675 gestis
1434 642 1464 666 et
1478 637 1616 668 scientiis

150 688 364 730 praecelleutes
379 692 542 729 apparent,
555 688 594 717 ad
612 687 705 718 finem
718 687 785 727 jam
803 687 993 728 perducendi
1011 692 1094 726 sunt,
1111 688 1319 728 cogendique,
1337 694 1368 718 ut
1384 689 1479 719 animi
1495 691 1614 722 radium

146 743 188 773 ad
211 752 323 783 supera
349 742 519 783 dirigentes
548 738 663 782 ipsum,
688 741 772 782 quod
799 740 943 771 omnibus
973 740 1078 771 hunen
1102 741 1231 782 praebet,
1257 742 1452 783 suspiciant:
1479 754 1613 785 cumque

145 794 246 836 ipsum
275 796 389 827 bonum
405 796 560 831 noverint,
576 795 720 835 exemplo
736 795 818 825 illius
835 794 905 825 freti
919 795 1088 830 civitatem,
1108 795 1242 835 privatos
1257 806 1352 836 seque
1375 797 1460 836 ipsos
1477 808 1531 838 per
1547 810 1614 829 orn-

144 859 216 880 nem
234 856 416 891 sequentem
434 850 528 880 vitam
545 854 578 880 et
592 849 715 890 singula
742 849 878 879 vicissim
895 854 1058 879 exornent.
1082 859 1118 879 ac
1135 849 1301 890 plurimum
1318 851 1442 891 quidem
1461 851 1490 881 in
1509 853 1611 893 philo-

144 903 258 944 sophia
285 909 464 934 versentur:
489 914 560 935 cum
578 914 649 934 vero
673 904 711 933 ad
737 903 932 943 magistratus
948 907 1154 938 accersentur,
1178 903 1209 933 in
1225 903 1368 934 civilibus
1384 906 1517 946 negotiis
1534 906 1614 937 inri-

143 957 244 997 gilent
260 957 486 999 sigillatimque
500 958 675 999 gubernent
690 958 732 988 rei
750 957 882 998 publicae
899 956 1069 997 gratia,ssita
1084 963 1115 986 ut
1130 967 1191 986 non
1204 962 1350 998 tanquam
1363 959 1477 989 bonum
1492 961 1611 1001 aliquid

140 1015 173 1040 et
187 1012 363 1052 optandum
382 1012 600 1047 ministerium,
620 1012 673 1042 sed
688 1011 894 1042 necessarium
913 1011 1017 1051 potius
1029 1010 1156 1051 exsequi
1171 1011 1343 1043 videantur.
1367 1013 1472 1054 Atque
1487 1014 1528 1045 ita
1539 1026 1575 1046 cu
1583 1026 1608 1045 m

140 1064 219 1095 alios
234 1065 378 1096 similiter
402 1065 462 1106 ipsi
485 1066 698 1101 instruxerint,
714 1076 768 1096 eos
793 1065 925 1095 vicissim
950 1064 1142 1105 reipublicae
1159 1066 1304 1096 custodes
1328 1067 1525 1107 relinquent:
1551 1069 1615 1110 ipsi

141 1128 214 1148 vero
238 1119 272 1149 in
300 1119 459 1149 beatorum
486 1119 602 1150 insulas
628 1119 886 1150 transmittentur.
912 1124 1111 1149 monumenta
1138 1129 1209 1148 vero
1232 1119 1292 1150 illis
1314 1125 1345 1150 et
1360 1131 1445 1152 sacra
1462 1127 1608 1163 tanquam

141 1171 347 1211 daemonibus,
377 1173 402 1203 si
430 1173 563 1215 Pythias
595 1174 719 1204 oraculo
753 1173 992 1208 confirmaverit,
1025 1173 1151 1213 publice
1180 1173 1387 1204 dicabantur:
1424 1175 1471 1205 sin
1495 1177 1610 1216 minus,

141 1224 250 1256 saltem
269 1232 303 1257 ut
327 1227 427 1257 beatis
444 1233 537 1268 atque
554 1228 678 1259 divinis.
725 1226 840 1258 GLAU.
864 1227 1018 1257 Mirificos
1046 1237 1179 1267 prorsuS,
1207 1238 1225 1256 o
1255 1227 1409 1264 Socrates,
1439 1229 1609 1271 principeS‚

140 1279 230 1320 quasi
257 1280 409 1321 sculptor,
437 1281 581 1322 figurasse
598 1280 722 1311 videris.
768 1280 944 1316 So..Quod
974 1280 1013 1309 de
1031 1279 1102 1310 viris
1118 1279 1194 1316 dixi,
1216 1279 1300 1311 idem
1317 1286 1349 1311 et
1364 1282 1403 1312 de
1429 1283 1610 1314 mulieribus

138 1331 390 1374 intelligendum.
416 1344 518 1375 neque
542 1340 644 1375 putes,
673 1345 692 1364 o
722 1333 881 1370 Glaucen,
908 1334 1005 1374 magis
1030 1343 1079 1363 me
1107 1333 1146 1363 de
1174 1333 1243 1363 viris
1266 1344 1358 1374 quam
1375 1336 1414 1365 de
1432 1336 1610 1367 mulieribus

136 1385 231 1417 fuisse
261 1387 412 1423 locutum,
441 1398 638 1429 quaecuuque
666 1388 814 1419 videlicet
842 1392 952 1417 natura
977 1393 1058 1428 aptae
1087 1388 1126 1417 ad
1151 1388 1218 1418 haec
1243 1387 1344 1418 officia
1367 1394 1449 1418 sunt.
1494 1389 1611 1421 Grau.

138 1439 242 1472 Recte
258 1452 291 1472 se
306 1440 339 1471 id
356 1442 462 1472 habet.
487 1441 640 1482 siquidem
659 1443 775 1483 pariter
790 1441 821 1471 in
851 1442 1008 1476 omnibus,
1026 1447 1061 1471 ut
1077 1441 1280 1477 narravimus,
1295 1452 1364 1472 cum
1383 1442 1454 1472 viris
1469 1453 1608 1474 commu-

136 1495 297 1527 nicabunt.
345 1496 402 1527 So.
427 1496 513 1527 Num
539 1497 712 1528 conceditis
737 1507 794 1526 nos
818 1496 857 1526 de
882 1507 912 1527 re
928 1496 1055 1537 publica
1072 1496 1176 1526 omnia
1199 1506 1261 1525 non
1279 1496 1365 1536 quasi
1383 1507 1438 1537 pro
1453 1497 1606 1528 desiderio

137 1550 302 1587 effinxisse,
317 1551 372 1581 sed
388 1561 444 1592 pro
462 1551 590 1582 veritate
603 1551 736 1586 locutos,
753 1550 893 1581 difficilia
908 1550 1035 1591 quidem
1052 1549 1149 1586 sactu,
1166 1549 1331 1591 possibilia
1344 1555 1459 1585 tamen,
1477 1561 1513 1581 ea
1526 1551 1606 1581 dun-

135 1609 219 1634 taxat
235 1604 354 1635 ratione
369 1614 432 1646 qua
447 1604 581 1635 diximus
596 1605 607 1635 ?
624 1605 750 1646 quando
767 1604 887 1635 scilicet
904 1604 1046 1634 homines
1062 1615 1094 1634 re
1111 1614 1181 1634 vera
1195 1603 1384 1644 philosophi,
1396 1603 1445 1634 vel
1463 1615 1541 1634 unus
1558 1604 1605 1635 vel

136 1657 254 1699 plures,
269 1658 355 1688 nacti
381 1658 411 1688 in
428 1658 553 1689 civitate
570 1659 756 1700 potentiam,
774 1664 943 1700 praesentes
967 1659 1099 1688 honores
1115 1658 1292 1698 despicient
1308 1658 1535 1700 illiberalesque
1551 1670 1606 1690 eos

135 1718 167 1743 et
183 1712 298 1743 nullius
312 1713 544 1750 existimabunt,
560 1714 662 1754 ipsum
679 1719 782 1744 autern
799 1714 884 1755 quod
902 1718 1019 1744 rectum
1046 1718 1104 1749 cst,
1119 1718 1150 1743 et
1167 1715 1309 1750 honores,
1325 1713 1380 1754 qui
1398 1713 1437 1744 ab
1453 1724 1490 1744 eo
1508 1714 1606 1755 profi-

136 1767 306 1804 ciscuntur,
322 1767 449 1809 plurimi
472 1768 613 1807 facient3
637 1769 803 1799 maximum
831 1779 903 1799 vero
929 1773 959 1798 et
977 1778 1171 1808 summopere
1193 1767 1412 1805 necessarium,
1439 1768 1522 1809 quod
1536 1767 1606 1809 jus-

135 1826 200 1851 tum
216 1832 223 1850 ι
249 1827 280 1851 et
295 1821 368 1852 huic
385 1821 592 1853 ministrantes
607 1822 703 1864 idque
719 1823 911 1864 adaugentes
927 1823 1084 1852 civitatem
1101 1832 1186 1852 suam
1203 1822 1258 1851 rite
1275 1821 1456 1862 disponent.
1491 1821 1609 1853 GLAU.

135 1874 208 1911 Quo
226 1876 344 1916 pacto?
390 1876 445 1908 So.
471 1876 601 1913 Omnes,
616 1878 796 1919 quicunque
812 1877 844 1907 in
869 1877 941 1907 urbe
958 1877 1065 1907 decem
1094 1885 1192 1905 annos
1215 1875 1422 1916 impleverint,
1448 1874 1545 1917 [5-11]
1573 1877 1605 1906 in

135 1939 224 1969 agros
240 1930 470 1961 transmittent:
499 1930 580 1961 filios
594 1936 698 1961 autem
715 1932 852 1972 ipsoruzn
870 1931 1090 1971 sirscip'exite5‚
1104 1929 1261 1970 proculab
1279 1930 1324 1958 his
1342 1929 1475 1959 moribus
1492 1929 1605 1970 quibus

136 1983 232 2013 hodie
251 1989 392 2023 parentes
408 1990 538 2015 utuntur
562 1985 595 2015 in
624 1986 686 2015 suis
710 1986 846 2015 moribus
870 1996 906 2016 ac
932 1983 1052 2026 legibus
1075 1984 1276 2014 educabunt:
1302 1983 1410 2024 quales
1435 1993 1504 2013 vero
1529 1982 1605 2022 sint,

135 2037 355 2068 enarravimus.
401 2038 506 2079 Atque
524 2038 566 2069 ita
582 2039 740 2069 celerrime
765 2044 859 2080 atque
884 2038 1030 2069 facillime
1055 2048 1091 2068 ea
1114 2037 1223 2068 civitas
1239 2036 1461 2077 etrespublica
1477 2037 1606 2074 orietur,

136 2101 230 2132 quam
247 2102 340 2132 supra
354 2092 500 2129 diximus,
517 2093 541 2123 si
558 2094 685 2134 quando
703 2093 863 2129 exstiterit,
889 2094 1011 2123 beatam
1041 2092 1117 2128 fore,
1135 2096 1166 2122 et
1181 2102 1278 2132 genus
1294 2091 1468 2127 hominum,
1484 2090 1517 2120 in
1541 2101 1604 2131 quo

136 2145 266 2176 condita
280 2146 385 2182 suerit,
402 2146 567 2187 plurimum
581 2147 771 2187 juvaturam.
817 2147 932 2178 GLAU.
955 2147 1095 2177 Maxime
1114 2146 1250 2187 quidem.
1285 2144 1392 2186 Atque
1406 2151 1440 2175 ut
1456 2144 1606 2178 constitui

135 2199 235 2237 possit
248 2198 403 2240 ejusmodi
418 2200 539 2237 civitas,
553 2200 579 2231 si
594 2203 720 2242 quando
736 2203 955 2237 constituatur,
971 2213 989 2231 o
1005 2201 1160 2236 Socrates,
1175 2199 1371 2230 adinvenisse
1388 2199 1510 2229 videris.
1547 2199 1605 2238 So.

136 2251 253 2283 Nonne
269 2264 341 2295 ergo
353 2254 477 2286 abunde
491 2260 554 2286 tum
572 2256 611 2286 de
628 2256 686 2287 hac
697 2257 826 2288 civitate
843 2263 906 2287 tum
921 2257 960 2288 de
975 2255 1100 2287 homine
1117 2253 1185 2295 ejus
1200 2253 1419 2295 persimilijam
1433 2252 1523 2284 nobis
1535 2252 1606 2283 dic-

137 2307 226 2337 tum?
249 2313 372 2338 constat
387 2308 484 2346 enim,
507 2309 630 2351 qualem
652 2310 721 2352 ejus
748 2311 880 2342 similem
907 2321 974 2341 esse
997 2310 1109 2341 debere
1133 2309 1284 2340 dicemus.
1331 2307 1446 2345 Gtau.
1470 2307 1605 2339 Constat

136 2359 230 2401 plane
246 2372 254 2391 ;
278 2367 310 2393 et
325 2362 408 2404 quod
425 2363 552 2403 quaeris,
570 2364 663 2395 finem
681 2364 755 2395 mihi
766 2364 833 2406 jam
850 2364 962 2397 habere
978 2364 1112 2394 videtur.

662 2588 887 2639 LIBER
924 2589 1075 2638 VIII.

486 2712 499 2727 N

136 2776 232 2818 [543]
258 2774 526 2819 Cons‘rrrtrjam
542 2779 621 2810 inter
637 2790 705 2816 nos,
722 2789 740 2810 o
766 2780 901 2817 Glauc0,
926 2781 956 2811 in
980 2780 1106 2811 civitate
1122 2780 1238 2821 optime
1263 2780 1403 2813 instituta
1418 2791 1599 2814 communes

133 2839 200 2859 esse
214 2831 326 2861 debere
343 2831 483 2863 mulieres
499 2838 530 2863 et
548 2833 639 2869 filios,
663 2844 858 2864 communem
882 2845 1009 2876 quoque
1026 2844 1148 2865 omnem
1167 2835 1371 2866 eruditionem
1392 2848 1399 2866 ε
1423 2834 1599 2867 communia

133 2881 270 2914 similiter
284 2885 387 2916 omnia
402 2891 466 2917 tum
484 2886 557 2918 belli
575 2893 637 2919 tum
656 2888 742 2929 pacis
759 2888 870 2920 officia.
918 2888 1022 2930 Reges
1039 2893 1142 2919 autem
1161 2888 1295 2930 ipsorum
1321 2900 1386 2921 esse
1404 2888 1543 2920 homiues
1568 2887 1599 2917 in
