1840 3225
220 237 300 274 214
828 233 1091 273 l’LA'rOle
1581 235 1681 288 [579

224 339 340 374 omnia,
355 345 522 379 ceteraque
548 337 667 378 generis
692 336 847 377 ejusdem,
871 337 1027 369 civitatem
1053 337 1248 380 tyrannicam
1277 337 1438 369 civitatum
1453 338 1592 369 omnium
1613 348 1684 370 esse

223 392 422 424 miserrimam
442 392 604 433 judicasti.
649 390 765 423 Gnm.
787 390 841 421 An
864 401 927 421 non
952 391 1058 421 recte?
1105 391 1160 422 So.
1185 391 1399 432 Summopere.
1420 400 1525 422 verum
1549 392 1590 423 de
1613 392 1678 422 viro

222 458 324 478 rursus
340 447 504 489 tyrannico
521 447 596 487 quid
613 446 670 481 ais,
686 445 831 487 quotiens
845 446 955 476 eadem
968 446 1034 476 liaec
1050 445 1292 476 animadvertis?
1325 444 1441 476 GLAu.
1463 445 1574 487 Longe
1585 456 1682 478 cunc-

222 507 321 532 torum
337 502 408 532 dico
424 501 507 531 hunc
522 511 589 531 esse
605 499 817 531 miserrimum.
847 499 904 529 So.
927 499 999 530 Hoc
1016 509 1078 529 non
1095 505 1178 530 recte
1194 499 1284 530 dicis.
1308 498 1422 531 Guu.
1446 499 1679 536 Quamobrem?

219 555 275 586 So.
299 554 450 586 Nondum
466 553 516 585 hie
531 559 589 592 est,
606 559 639 584 ut
655 553 793 590 arbitror,
809 554 879 584 talis
895 553 1037 583 maxime.
1085 552 1200 584 Guu.
1224 552 1304 590 Quis
1319 553 1416 594 ergo?
1460 553 1520 586 So.
1542 553 1608 585 Iste
1618 554 1682 585 for-

219 610 299 641 sitan
316 609 371 639 tibi
393 609 452 640 hoc
469 608 606 639 miserior
629 618 696 639 esse
719 608 887 638 videbitur.
933 607 1049 638 GLAU.
1074 607 1153 644 Quis
1173 607 1324 649 inquam?
1368 607 1424 638 So.
1448 607 1512 644 Qui
1535 618 1606 639 cum
1617 617 1678 638 na-

218 670 285 694 tura
301 661 482 704 tyrannicus
505 662 556 697 sit,
580 662 672 692 vitam
700 672 763 692 non
788 661 852 703 agit
876 661 1036 702 privatam,
1058 662 1112 692 sed
1136 666 1181 691 est
1205 661 1324 702 infelix,
1346 667 1378 692 et
1393 667 1475 692 sorte
1489 662 1624 703 quadam
1639 672 1679 694 eo

217 718 393 752 deducitur,
411 722 445 747 ut
459 717 625 758 tyrannide
643 716 789 758 potiatur.
835 715 949 746 Guu.
974 714 1020 746 Ex
1042 716 1101 752 luis,
1128 725 1198 757 quae
1225 715 1310 746 dicta
1333 721 1416 752 suut,
1443 726 1518 746 vera>
1536 722 1567 747 te
1591 716 1678 758 loqui

216 771 373 812 conjecto.
419 771 474 802 So.
500 770 549 800 Ita
560 775 618 800 est.
661 770 776 800 Verum
792 780 854 799 non
873 769 946 799 talia
961 769 1103 810 quaedam
1120 769 1241 811 opinari
1256 775 1392 810 oportet,
1407 770 1502 800 immo
1515 779 1589 800 vero
1603 769 1676 801 dili-

216 825 394 866 gentissime
409 824 463 855 tali
478 824 598 854 ratione
613 823 807 865 investigare.
831 824 871 854 de
894 823 1029 854 maximo
1053 824 1136 854 enim
1151 824 1287 865 quodam
1304 824 1394 854 nobis
1408 823 1596 865 disceptatio
1619 829 1679 860 est,

215 880 296 910 bona
322 879 444 910 scilicet
468 878 530 908 vita
553 888 590 908 ac
615 877 706 909 mala.
751 877 866 910 Guu.
891 878 988 909 Scite.
1031 878 1086 909 So.
1111 877 1251 908 Attende
1278 877 1396 920 itaque,
1409 878 1433 908 si
1458 878 1535 920 quid
1560 878 1676 909 dicam.

215 933 338 963 videtur
349 933 430 963 enirn
447 932 522 962 milii
536 942 573 962 ex
589 931 636 961 his
651 932 692 962 de
708 932 767 962 lioc
783 942 851 962 esse
863 932 1136 963 considerandum.
1182 931 1297 963 GLAu.
1321 931 1367 962 Ex
1376 931 1510 972 quibus?
1556 932 1613 963 So.
1628 931 1675 963 Ex

214 996 404 1027 unoquoque
419 986 538 1016 scilicet
555 985 754 1025 privatorum,
769 991 973 1026 quotcunque
997 986 1039 1015 ita
1055 985 1172 1016 divitiis
1187 986 1361 1025 abundant,
1378 991 1412 1016 ut
1427 985 1525 1016 multa
1539 985 1675 1015 habeant

212 1040 381 1080 mancipia.
394 1039 447 1070 isti
463 1050 597 1079 namque
620 1039 653 1069 id
682 1039 823 1080 tyrannis
847 1039 963 1069 habent
977 1039 1089 1076 simile,
1105 1040 1191 1081 quod
1220 1039 1322 1070 multis
1348 1040 1525 1080 imperant:
1549 1039 1678 1069 interest

211 1099 326 1129 autem,
342 1093 426 1134 quod
452 1099 601 1135 tyrannus
628 1092 768 1133 pluribus
791 1093 979 1124 dominatur.
1026 1093 1143 1124 GLAu.
1167 1093 1302 1124 Interest
1323 1093 1443 1134 utique.
1487 1093 1545 1125 So.
1570 1092 1676 1133 Nosti,

211 1148 296 1189 quod
320 1147 373 1178 isti
399 1147 497 1178 securi
521 1157 590 1177 cnm
615 1146 732 1177 familia
756 1147 875 1183 vivunt,
899 1157 1002 1188 neque
1029 1147 1161 1178 famulos
1186 1148 1349 1178 metuunt?
1396 1147 1512 1179 GLAu.
1536 1146 1673 1189 Nempe.

210 1201 285 1242 quid
303 1202 385 1236 enim
403 1201 568 1231 metuant?
613 1201 668 1232 So.
693 1200 793 1231 Nihil.
815 1201 868 1232 sed
898 1201 1039 1243 nunquid
1057 1212 1182 1232 causam
1207 1202 1318 1232 tenes?
1365 1201 1481 1232 Guu.
1504 1200 1671 1243 Equidem.

209 1256 356 1296 quoniam
387 1255 532 1285 videlicet
556 1255 664 1285 civitas
693 1254 835 1285 universa
863 1255 992 1296 singulis
1015 1256 1205 1296 privatorum
1235 1255 1396 1287 succurrit.
1442 1255 1497 1287 So.
1521 1255 1673 1286 Praeclare

210 1309 354 1349 loqueris.
399 1308 486 1345 Quid
500 1308 525 1338 si
540 1307 612 1349 quis
629 1308 768 1339 Deorum
786 1309 881 1339 virum
899 1319 1008 1345 unum,
1025 1309 1074 1340 cui
1099 1309 1326 1350 quinquaginta
1348 1309 1394 1340 vel
1412 1309 1501 1350 plura
1515 1308 1672 1349 mancipia

208 1362 282 1398 sint,
297 1363 412 1392 educat
426 1374 444 1392 e
467 1362 593 1392 civitate
611 1373 670 1392 una
685 1373 755 1392 curn
771 1373 866 1393 uxore
892 1373 928 1393 ac
955 1363 1070 1399 liberis,
1093 1363 1326 1404 constituatque
1349 1363 1381 1392 in
1404 1363 1574 1393 solitudine
1596 1373 1667 1393 curn

207 1416 298 1446 rebus
312 1415 374 1445 suis
390 1416 532 1445 omnibus
548 1422 641 1456 atque
667 1415 841 1456 mancipiis,
858 1416 912 1446 ubi
928 1416 1091 1447 liberorum
1107 1417 1265 1446 hominum
1283 1416 1386 1446 nullus
1401 1416 1479 1448 ferre
1493 1417 1566 1447 huic
1581 1417 1670 1447 auxi·

206 1469 280 1499 lium
296 1470 406 1509 possit,
420 1469 504 1509 quali
520 1479 590 1499 eum
607 1473 639 1499 et
653 1474 768 1509 quanta
785 1469 950 1500 formidine
967 1476 1109 1500 vexatum
1125 1470 1162 1500 iri
1177 1470 1344 1505 existimas,
1361 1481 1401 1501 ne
1416 1470 1496 1501 forte
1510 1470 1667 1511 mancipia

207 1523 309 1564 ipsum
326 1528 356 1553 et
372 1522 451 1553 filios
469 1527 500 1552 et
517 1533 640 1552 uxorem
658 1523 857 1553 interimant?
904 1522 1019 1554 GLAu.
1043 1523 1181 1559 Summa,
1198 1529 1231 1553 ut
1246 1524 1387 1554 arbitror.
1414 1523 1512 1566 [579]
1535 1524 1591 1555 SO.
1616 1524 1669 1554 An

206 1587 268 1607 non
285 1583 414 1618 cogetur
429 1577 521 1607 servis
537 1577 720 1617 quibusdam
739 1576 883 1616 blandiri,
897 1577 1102 1619 pollicerique
1119 1578 1226 1614 multa,
1243 1583 1275 1608 et
1287 1578 1515 1614 manumittere,
1529 1587 1598 1609 cum
1610 1578 1669 1608 sibi

203 1630 280 1660 nihil
307 1641 387 1670 opus
413 1630 451 1660 sit
467 1631 477 1659 ?
502 1631 584 1660 unde
611 1635 642 1660 et
664 1631 703 1660 ad
731 1630 884 1661 ministros
911 1642 982 1661 suos
1006 1631 1075 1672 ipse
1102 1631 1244 1662 adulator
1273 1631 1341 1662 erit.
1387 1631 1504 1664 GLAU.
1528 1631 1670 1674 Cogetur

206 1685 330 1726 penitus
346 1685 393 1714 vel
412 1684 454 1714 ita
470 1684 571 1714 facere
597 1685 643 1714 vel
664 1685 772 1726 perire.
818 1686 873 1716 So.
898 1685 984 1722 Quid
1005 1686 1028 1716 si
1045 1685 1121 1716 alios
1136 1686 1240 1716 adhuc
1257 1687 1334 1716 deus
1349 1686 1465 1717 circulo
1481 1687 1670 1728 disposuerit

204 1738 358 1780 proximos
374 1738 420 1769 illi
432 1739 664 1779 complurimos,
680 1740 732 1780 qui
750 1749 947 1780 nequaquam
972 1740 1157 1782 sustineant,
1172 1746 1207 1771 ut
1223 1740 1301 1770 alter
1316 1739 1404 1770 alteri
1419 1739 1608 1780 dominetur,
1626 1751 1667 1772 ac

203 1793 226 1822 si
244 1781 613 1833 quem'deprelnenderint
629 1793 688 1823 sibi
711 1793 884 1823 dominium
908 1794 1139 1833 vendicantem,
1155 1794 1317 1834 suppliciis
1339 1794 1483 1825 extremis
1505 1795 1666 1826 afficiant?

204 1846 320 1877 GLAu.
343 1846 536 1877 Deteriorem
562 1847 730 1877 admodum
755 1847 823 1888 ejus
846 1847 1058 1878 conditionem
1083 1847 1147 1878 fore
1169 1858 1294 1884 censeo,
1311 1846 1336 1879 si
1359 1848 1494 1879 hostium
1511 1849 1592 1880 vallo
1607 1849 1665 1881 cir-

203 1900 428 1932 cumcludatur.
476 1901 531 1932 So.
556 1900 608 1931 An
625 1911 687 1930 non
713 1901 766 1931 tali
789 1901 924 1942 quodam
942 1912 1063 1932 carcere
1079 1901 1201 1932 clausus
1215 1907 1263 1932 est
1278 1906 1441 1943 tyrannus,
1465 1907 1573 1933 natura
1596 1903 1666 1933 talis

203 1954 366 1990 exsistens,
382 1955 505 1995 qualem
522 1955 552 1984 in
569 1954 778 1996 superioribus
794 1955 1030 1996 explicavimus,
1048 1955 1151 1986 inultis
1175 1955 1322 1986 videlicet
1338 1955 1530 1998 diversisque
1545 1957 1661 1987 timori·

204 2008 260 2038 bus
275 2013 307 2039 et
322 2008 476 2039 amoribus
493 2009 642 2048 agitatum
656 2009 665 2038 ?
712 2009 792 2040 Cum
809 2020 879 2040 vero
897 2010 1022 2051 ingenio
1038 2010 1077 2040 sit
1091 2009 1230 2049 apprime
1245 2009 1374 2050 cupido,
1392 2010 1464 2040 huic
1480 2011 1539 2041 soli
1560 2021 1662 2052 neque

203 2062 308 2102 egredi
326 2072 454 2102 usquam
473 2063 556 2097 licet,
584 2073 686 2103 neque
710 2063 876 2104 inspicere,
900 2069 979 2104 quot
1001 2063 1089 2094 liberi
1114 2063 1167 2093 alii
1190 2063 1343 2104 cupiunt:
1369 2064 1423 2094 sed
1445 2063 1526 2095 intra
1547 2065 1660 2095 aedium

205 2115 336 2155 parietes
352 2115 580 2151 formidolosus,
597 2117 693 2146 veluti
712 2116 832 2151 mulier,
849 2123 1064 2152 commoratur,
1082 2117 1224 2147 invidens
1239 2117 1360 2148 civibus
1372 2117 1449 2152 aliis,
1460 2118 1484 2148 si
1495 2119 1566 2158 quis
1577 2125 1662 2149 extra

203 2170 318 2201 moenia
344 2169 494 2210 spatiatur
517 2175 550 2199 et
579 2170 651 2200 boni
677 2171 842 2210 quicquain
869 2176 1001 2211 spectat.
1047 2171 1163 2201 Graiu.
1186 2171 1237 2201 Sic
1264 2181 1397 2211 prorsus.
1441 2171 1495 2202 So.
1518 2172 1572 2202 An
1596 2182 1659 2203 non

201 2224 418 2266 hujuscemodi
443 2223 528 2253 malis
554 2223 641 2263 plura
670 2224 795 2264 insuper
818 2225 947 2255 incurrit
974 2225 1017 2253 vir
1041 2225 1104 2260 illc,
1121 2224 1175 2265 qui
1200 2225 1278 2254 male
1301 2234 1333 2254 se
1356 2225 1456 2264 ipsum
1473 2226 1660 2265 gubernans,

201 2290 293 2321 quem
310 2284 342 2309 et
357 2284 388 2308 tu
406 2278 499 2307 modo
526 2277 727 2307 miserrimum
739 2277 907 2317 judicabas
932 2277 1141 2327 tyrannicum,
1158 2278 1396 2318 haudquaquam
1423 2279 1558 2318 privatus
1574 2280 1661 2319 vivit,

201 2334 254 2364 sed
271 2333 403 2363 sortunae
420 2331 448 2361 vi
465 2332 610 2371 quadam,
629 2337 661 2360 ut
686 2332 881 2372 tyrannidem
905 2337 1058 2365 exerceat.
1081 2331 1222 2372 cogitur:
1249 2341 1383 2372 cumque
1405 2332 1462 2362 sibi
1486 2332 1546 2374 ipsi
1561 2333 1660 2375 impe-

201 2398 265 2418 rare
284 2397 345 2416 non
362 2386 470 2425 possit,
486 2385 552 2415 aliis
570 2385 716 2425 imperare
732 2385 894 2415 contendit
909 2386 919 2415 ?
937 2386 1063 2426 perinde
1077 2395 1111 2416 ac
1125 2385 1150 2415 si
1162 2385 1393 2425 quis-imbecillo
1408 2396 1535 2427 corpore
1550 2394 1583 2418 et
1596 2389 1659 2419 suis

202 2453 234 2472 se
251 2441 363 2470 viribus
379 2449 441 2468 non
459 2439 642 2473 sustinente,
659 2446 798 2480 cogatur,
816 2446 847 2469 ut
863 2440 998 2480 quietem
1015 2447 1086 2480 agat
1101 2450 1203 2470 secum
1221 2440 1288 2480 ipse
1301 2450 1470 2481 nunquam,
1483 2442 1538 2472 sed
1550 2443 1659 2474 adver·

201 2505 252 2526 sus
276 2494 335 2524 alia
362 2503 490 2533 corpora
515 2498 611 2522 certet
637 2503 672 2523 ac
696 2500 826 2534 pugnet.
872 2493 985 2524 GLAU.
1009 2493 1173 2524 Simillima
1194 2494 1329 2533 inducis,
1353 2504 1372 2524 o
1395 2495 1549 2530 Socrates,
1563 2501 1657 2537 atque

201 2548 367 2579 verissima.
398 2547 454 2576 So.
478 2545 591 2576 Nonne
607 2547 709 2587 igitur,
726 2558 743 2576 ο
761 2548 858 2578 amice
874 2548 1009 2582 Glauco,
1027 2547 1205 2577 miserabilis
1219 2547 1347 2577 cinnino
1363 2548 1430 2578 haec
1444 2553 1491 2578 est
1504 2548 1660 2585 conditio.

199 2602 365 2641 duriorque
382 2600 442 2629 vita
458 2605 503 2630 est
517 2599 649 2630 hominis
665 2602 746 2631 nacti
764 2601 958 2643 tyrannidem
982 2612 1018 2631 ea
1035 2602 1108 2637 vita,
1123 2611 1215 2641 quam
1244 2608 1276 2631 tu
1294 2611 1386 2641 supra
1400 2601 1592 2631 durissimam
1602 2602 1658 2643 ju-

200 2655 326 2686 dicabas
341 2654 350 2683 ?
387 2652 501 2682 GLAU.
526 2652 639 2683 Valde.
672 2656 729 2684 So.
755 2653 809 2683 Est
825 2660 927 2684 autem
943 2665 974 2684 rc
991 2655 1068 2694 ipsa,
1085 2655 1225 2696 quamvis
1241 2654 1333 2685 alicui
1347 2664 1410 2684 non
1422 2654 1573 2691 videatur,
1587 2666 1657 2686 rere

201 2716 353 2750 tyrannus
369 2717 438 2736 vere
453 2716 568 2742 servus,
595 2713 738 2738 extremae
755 2708 927 2738 adulationi
944 2709 1145 2749 servitutique
1169 2708 1322 2744 astrictus,
1338 2707 1520 2738 libidinibus
1534 2709 1659 2749 nequis-

202 2762 345 2793 simorum
362 2758 519 2788 hominum
535 2759 677 2790 adulator
693 2773 698 2790 :
725 2761 778 2802 qui
794 2761 952 2802 appetitus
968 2773 1040 2792 suos
1055 2762 1158 2803 explet
1171 2771 1341 2803 nunquam,
1354 2761 1407 2791 sed
1423 2760 1560 2800 plurimis
1572 2761 1656 2791 indi-

201 2820 253 2858 get
268 2823 399 2854 semper,
415 2817 507 2852 atque
524 2812 613 2852 inops
630 2824 733 2845 revera
749 2824 815 2845 esse
839 2821 980 2856 apparet,
996 2815 1020 2845 si
1037 2816 1105 2856 quis
1125 2815 1295 2856 penetralia
1310 2814 1404 2845 animi
1419 2813 1516 2854 ipsius
1531 2814 1655 2856 inspex-

200 2869 256 2900 erit
271 2879 278 2897 :
304 2875 418 2907 pavore
434 2865 509 2905 quin
525 2866 617 2895 etiam
634 2874 786 2907 perpetuo
810 2868 942 2902 territus.
959 2874 990 2899 et
1013 2869 1224 2900 sollicitudine
1248 2868 1453 2909 angustiaque
1469 2874 1608 2909 vexatus,
1631 2869 1658 2900 si

199 2922 293 2953 inodo
307 2919 443 2951 civitatis
458 2917 526 2958 ejus
541 2921 646 2955 statui,
663 2922 711 2951 cui
729 2927 850 2962 praeest,
865 2921 932 2962 ipse
945 2922 1120 2958 estsimilis,
1134 2922 1240 2953 similis
1256 2928 1358 2953 autem
1370 2921 1499 2952 exsistit.
1515 2930 1554 2952 an
1567 2933 1630 2954 noa
1642 2923 1658 2955 θ
