1840 3225
224 192 302 228 244
822 194 1084 234 PLATONJS
1617 196 1688 247 [32

224 298 256 323 et
280 292 413 324 solidum
441 294 557 335 absque
583 301 664 327 terra
688 296 765 327 nunu
782 308 788 326 :
814 297 885 329 ideo
907 299 940 328 in
968 299 1071 339 operis
1098 298 1188 340 hujus
1211 297 1337 329 exordio
1358 298 1448 330 Deus
1467 299 1574 341 ignem
1588 298 1690 340 primo

225 352 404 388 terramque
418 349 546 380 creavit.
568 349 625 380 ssd
644 350 706 381 duo
721 351 788 382 sola
803 351 919 392 absque
936 353 1029 383 tertio
1045 352 1181 393 quodam
1196 352 1359 384 commode
1369 353 1525 384 cohaerere
1540 362 1604 384 non
1615 362 1691 394 pos-

225 406 308 437 sunt,
326 392 525 443 mediumque
553 403 681 445 aliquod
698 405 854 436 vinculum
870 412 1067 448 utrorumque
1085 406 1278 438 desiderant„
1299 407 1494 438 vinculorum
1506 416 1581 438 vero
1594 405 1629 437 id
1643 412 1691 436 est

227 455 425 495 aptissimum
443 461 536 498 atque
552 459 804 499 pulcherrimum,
822 459 905 500 quod
921 471 959 490 ex
976 471 1009 491 se
1026 466 1060 492 et
1075 471 1114 491 ex
1130 461 1179 498 iis,
1196 471 1265 502 quae
1278 461 1434 502 astringit,
1448 470 1545 502 quam
1555 460 1691 492 maxime

228 518 325 539 unum
353 510 459 542 efficit.
482 511 539 543 boc
564 512 698 544 maxime
724 514 883 555 proportio
912 515 1053 555 ratioque
1081 515 1210 546 alternae
1236 515 1479 556 comparationis
1507 514 1693 556 assequitxu.

228 562 354 602 quando
369 565 454 596 enim
465 565 498 595 in
513 566 611 597 tribus
625 567 762 598 numeris
777 573 831 600 aut
845 568 977 599 molibus
993 574 1047 598 aut
1060 568 1174 599 viribus
1186 568 1326 600 medium
1343 569 1418 611 [32]
1442 569 1489 600 ita
1499 578 1533 600 se
1549 567 1693 598 habetad

229 622 432 657 postremum,
450 625 485 650 ut
510 621 645 661 primum
669 621 711 653 ad
732 621 890 659 medium3
913 622 1112 663 vicissimque
1133 628 1167 653 ut
1192 628 1384 664 postremum
1407 632 1479 654 cum
1507 620 1626 658 medio,
1647 621 1694 653 ita

228 670 367 703 medium
382 683 454 704 cum
469 674 569 714 primo
581 676 740 716 congruit:
766 681 851 712 tunc,
867 676 951 716 quod
964 675 1104 707 medium
1119 682 1178 712 est,
1194 683 1227 708 et
1243 677 1377 718 primum
1390 677 1425 707 fit
1436 682 1469 708 et
1480 681 1693 717 postremum;

227 730 419 765 postremum
435 738 557 770 quoque
574 734 606 760 et
630 730 763 771 primum
780 730 886 761 media
901 730 989 761 fiunt.
1011 730 1056 761 ita
1071 731 1245 762 necessitas
1268 731 1363 772 cogit,
1380 736 1414 761 ut
1427 730 1544 766 omnia,
1561 739 1631 772 quae
1646 729 1692 762 sic

228 777 377 811 devincta
390 781 516 819 fuerint,
533 782 645 814 eadem
658 784 741 815 inter
757 795 790 815 se
807 785 880 815 sint.
903 784 1015 815 eadem
1028 795 1101 815 vero
1117 795 1188 815 cum
1203 785 1288 816 facta
1303 785 1377 822 sint,
1387 785 1529 821 efficitur,
1543 789 1578 814 ut
1589 783 1694 815 omnia

226 832 290 863 sint
305 844 412 867 unum.
430 836 514 877 quod
530 838 556 867 si
571 837 707 868 universi
722 849 834 880 corpus
850 839 1050 870 latitudinem
1066 838 1180 870 habere
1197 838 1368 875 debuisset,
1384 839 1505 870 nullam
1531 848 1605 870 vero
1620 848 1692 879 pro-

227 885 426 925 funditatem,
450 900 546 921 unum
562 901 648 927 sane,
666 897 733 923 tum
757 892 796 923 ad
819 904 853 923 se
876 894 980 934 ipsum
997 899 1064 924 tum
1089 892 1130 923 ad
1145 899 1285 925 extrema
1301 892 1479 929 vincienda,
1494 892 1694 934 interjectum

228 940 367 972 medium
382 943 569 975 suffecisset.
591 945 648 976 sed
664 956 736 976 cum
759 946 954 978 soliditatem
977 947 1109 978 mundus
1124 947 1308 988 requireret,
1324 947 1427 978 solida
1441 957 1515 978 vero
1530 958 1594 978 nun
1618 957 1694 982 uno,

225 993 282 1024 sed
298 994 418 1027 duobus
432 1007 557 1039 semper
572 999 686 1030 mediis
702 1001 888 1041 copulentur
903 1013 909 1030 :
934 1001 1017 1031 inter
1031 1001 1140 1042 ignem
1154 1006 1188 1032 et
1201 1006 1314 1031 terram
1332 1000 1424 1032 Deus
1438 1000 1546 1032 aetem
1561 1010 1695 1042 aquam-

226 1057 287 1087 que
303 1049 434 1086 locavit,
455 1061 555 1093 eaque
571 1053 616 1084 ita
636 1053 719 1085 inter
742 1064 776 1084 se
789 1055 939 1095 invicem,
953 1054 1057 1096 quoad
1073 1055 1140 1085 fieri
1152 1060 1289 1096 poterat,
1304 1055 1506 1096 comparavit,
1523 1060 1567 1091 ut,
1583 1064 1691 1096 quem-

229 1100 400 1134 admodum
413 1104 496 1145 ignis
525 1106 566 1136 ad
581 1107 697 1144 aetem,
712 1109 758 1139 ita
773 1109 828 1140 a'er
843 1108 885 1139 ad
906 1119 1030 1151 aquam,
1046 1115 1081 1139 ut
1095 1109 1150 1142 aeli·
1165 1108 1207 1140 ad
1222 1119 1345 1150 aquam,
1361 1109 1407 1141 sic
1430 1119 1512 1151 aqua
1524 1108 1566 1140 ad
1579 1114 1693 1141 terram

226 1164 361 1197 congrue
378 1159 563 1191 conferatur.
586 1171 648 1203 qua
663 1172 701 1192 ex
726 1163 946 1205 conjunctione
963 1164 1009 1194 ita
1033 1163 1219 1194 constitutus
1233 1169 1282 1194 est
1296 1163 1443 1200 munduS,
1459 1168 1494 1194 ut
1509 1163 1608 1205 aspici
1623 1168 1693 1195 tan-

225 1209 318 1250 gique
359 1213 468 1252 possit.
503 1221 670 1256 propterea
706 1227 744 1247 ex
781 1216 960 1258 hujusmodi
987 1217 1080 1248 rebus
1114 1227 1244 1249 numero
1279 1223 1413 1259 quatuor
1435 1217 1546 1249 mundi
1580 1227 1696 1258 corpus

226 1264 396 1297 conflatum
412 1273 461 1298 est
474 1280 482 1306 ;
505 1279 545 1300 ea
560 1280 736 1302 connexum
762 1272 1007 1312 comparatione,
1032 1282 1096 1313 qua
1119 1271 1194 1303 dixi.
1215 1282 1254 1304 ex
1281 1283 1344 1314 quo
1365 1283 1400 1304 se
1426 1272 1530 1313 ipsum
1554 1272 1694 1306 amicitia

225 1319 374 1350 concordi
388 1323 617 1363 complectitur,
635 1331 728 1366 atque
745 1326 790 1356 ita
804 1331 877 1367 apte
902 1327 1049 1362 cohaeret,
1065 1320 1101 1357 u't
1114 1333 1253 1368 nequeat
1275 1326 1405 1359 dissolvi
1420 1327 1486 1358 ullo
1501 1325 1608 1362 modo,
1629 1325 1692 1356 nisi

225 1371 264 1402 ab
280 1373 404 1411 eodem,
421 1385 440 1406 a
466 1386 528 1418 quo
543 1384 592 1409 est
615 1379 807 1420 colligatum.
830 1386 961 1422 quatuor
975 1381 1070 1421 igitur
1092 1391 1197 1413 earum
1220 1391 1322 1413 rerum
1343 1380 1518 1422 quamlibet
1531 1381 1690 1422 integ-ram

225 1426 361 1458 mundus
374 1431 510 1470 accepit.
523 1441 561 1462 ex
576 1433 663 1464 omni
678 1434 796 1475 quippe
811 1435 889 1476 igni,
906 1435 991 1471 aere,
1005 1441 1089 1466 terra
1109 1435 1208 1477 ipsius
1222 1435 1310 1466 faber
1325 1436 1371 1467 ita
1384 1435 1488 1477 ipsum
1503 1434 1692 1476 composuit,

224 1485 259 1510 ut
272 1482 392 1514 nullam
415 1484 599 1527 cujusquam
612 1487 741 1519 istorum
754 1494 876 1529 partem
899 1495 952 1520 aut
975 1490 1038 1521 vim
1060 1494 1148 1521 extra
1169 1490 1372 1531 relinqueret.
1392 1489 1489 1531 idque
1504 1498 1544 1520 ea
1566 1488 1689 1520 ratione

222 1534 309 1571 fecit,
325 1537 460 1578 primum
486 1540 626 1581 quidem,
642 1547 677 1573 ut
691 1548 790 1574 totum
806 1544 865 1575 hoc
891 1544 1008 1574 animal
1025 1554 1116 1585 quam
1139 1545 1274 1576 maxime
1289 1543 1464 1585 perfectum
1487 1553 1525 1574 ex
1540 1542 1691 1584 perfectio

223 1590 362 1630 partibus
376 1598 458 1624 esset
472 1606 478 1623 :
505 1595 579 1637 [33]
606 1596 733 1633 deinde,
749 1602 784 1627 ut
799 1603 884 1628 esset
896 1609 1004 1636 unum,
1013 1609 1086 1629 cum
1100 1599 1180 1629 nihil
1196 1604 1284 1629 extra
1293 1598 1440 1629 relictum
1450 1597 1558 1633 suerit,
1570 1606 1609 1628 ex
1621 1606 1685 1638 quo

223 1642 356 1675 alterum
385 1654 550 1687 generetur
564 1661 571 1680 ε
597 1657 767 1691 postremo,
791 1661 831 1683 ne
862 1653 932 1693 quis
962 1653 1066 1694 ipsum
1096 1652 1220 1684 morbus
1247 1658 1301 1684 aut
1327 1656 1476 1684 senectus
1504 1651 1686 1692 attingeret.

224 1696 352 1729 videbat
365 1700 451 1732 enim
465 1712 537 1733 eam
551 1713 620 1734 esse
636 1710 782 1736 naturam
803 1708 952 1748 corporis,
964 1713 999 1738 ut
1012 1708 1192 1748 importuna
1207 1707 1320 1738 caloris
1336 1707 1386 1738 vel
1402 1705 1526 1748 frigoris
1540 1705 1688 1736 aliarum-

222 1761 283 1791 que
299 1763 399 1786 renim
415 1755 506 1787 nimis
522 1758 757 1790 vehementium
771 1761 952 1792 accessione
977 1761 1120 1798 laedatur,
1137 1767 1170 1792 et
1184 1761 1217 1792 in
1232 1760 1356 1792 morbos
1370 1760 1555 1801 seniumque
1571 1759 1687 1800 impul-

221 1815 290 1836 sum
306 1805 442 1840 deficiat.
463 1820 555 1851 quam
570 1813 610 1843 ob
635 1823 760 1845 causam
775 1815 992 1857 rationemque
1015 1826 1111 1847 unum
1135 1821 1232 1847 totum
1249 1825 1288 1846 ex
1303 1815 1447 1846 omnibus
1462 1815 1538 1846 totis
1561 1820 1596 1845 et
1608 1823 1686 1855 per·

220 1857 313 1891 sectis
334 1862 520 1901 perfectum,
544 1867 642 1897 morbi
657 1873 690 1898 et
716 1870 889 1901 senectutis
911 1875 1083 1911 expertem,
1100 1869 1190 1901 Deus
1211 1869 1362 1901 mundum
1385 1868 1558 1900 constitu-it.
1580 1867 1631 1899 cui
1653 1872 1687 1898 et

222 1912 350 1954 figuram
365 1917 498 1948 maxime
522 1929 691 1962 congruam
706 1928 739 1953 et
753 1923 900 1955 decoram
915 1923 1016 1955 dedit.
1038 1924 1154 1954 animal
1169 1924 1287 1965 quippe
1314 1924 1384 1959 hoc,
1400 1922 1486 1964 quod
1499 1923 1580 1954 intra
1595 1931 1685 1952 suum

219 1967 370 2000 ambitum
385 1976 452 2002 erat
464 1973 610 2005 animalia
626 1977 731 2007 omnia
746 1982 977 2014 contentumm,
990 1988 1059 2009 eam
1069 1978 1196 2019 figuram
1210 1978 1368 2019 praecipue
1382 1976 1570 2018 requirebat.
1579 1975 1614 2007 in
1624 1985 1687 2016 qua

219 2020 325 2062 figurae
340 2033 449 2056 omnes
471 2028 717 2060 continerentur.
740 2037 929 2072 quapropter
951 2032 1139 2072 sphaericum
1153 2032 1240 2068 fecit,
1255 2032 1289 2063 in
1303 2041 1366 2073 quo
1379 2031 1482 2062 omnis
1504 2029 1686 2062 extremitas

218 2075 343 2115 paribus
358 2088 377 2108 a
392 2079 494 2110 medio
510 2081 607 2112 radiis
620 2084 782 2123 attingitur
796 2096 803 2113 t
828 2095 896 2124 quae
913 2086 1042 2125 quidem
1058 2087 1156 2128 figura
1163 2087 1302 2118 omnium
1318 2084 1550 2127 perfectissima
1561 2083 1684 2125 sibique

217 2127 278 2169 ipsi
294 2130 452 2162 simillima
462 2132 630 2173 judicatur.
643 2136 773 2175 putabat
788 2138 872 2167 enim
888 2139 990 2169 simile
1005 2139 1148 2170 dissimili
1163 2141 1262 2170 multo
1277 2139 1436 2179 pulchrius
1451 2148 1532 2169 esse.
1554 2138 1683 2170 Laevem

218 2189 371 2222 praeterea
387 2186 468 2216 hunc
484 2187 611 2227 globum
637 2189 828 2220 extrinsecus
847 2191 986 2231 undique
1014 2193 1178 2232 expolivit.
1201 2203 1260 2224 nec
1286 2194 1440 2224 immerito
1465 2200 1588 2223 summa
1609 2200 1681 2222 eum

218 2238 397 2278 aequalitate
412 2240 560 2271 tornavit.
582 2251 642 2273 nec
658 2242 742 2273 enim
753 2243 851 2274 oculis
867 2244 1041 2284 indigebat,
1058 2245 1132 2285 quia
1147 2245 1225 2276 nihil
1239 2250 1335 2281 extra,
1349 2245 1432 2286 quod
1448 2244 1535 2277 cerni
1556 2250 1678 2286 posset,

216 2291 356 2322 relictum
373 2298 456 2324 erat:
480 2304 540 2325 nec
557 2296 690 2332 auribus,
716 2307 788 2329 cum
811 2298 890 2329 nihil
914 2305 1091 2339 superesset
1113 2299 1198 2335 fon's,
1216 2300 1298 2340 quod
1316 2298 1487 2330 audiretur.
1508 2308 1569 2331 nec
1591 2305 1682 2331 erant

217 2344 290 2375 ae're
306 2346 492 2379 circumfusa
505 2354 634 2380 externa
657 2351 778 2392 mundi,
792 2357 827 2383 ut
841 2352 1076 2392 respirationem
1101 2353 1288 2394 requireret:
1315 2363 1373 2384 uec
1389 2352 1535 2384 membris
1550 2352 1680 2393 quidem

216 2399 331 2430 talibus
354 2410 434 2442 opus
448 2407 525 2439 erat,
541 2414 597 2444 per
610 2415 678 2445 quac
702 2415 785 2437 nova
807 2406 958 2437 alimenta
985 2407 1157 2448 susciperet
1179 2413 1233 2438 aut
1256 2407 1380 2439 decocti
1403 2407 1465 2438 cibi
1479 2412 1680 2439 excrementa

218 2453 386 2485 emitteret.
408 2457 495 2487 nulla
511 2457 653 2489 decessio
670 2459 736 2490 fieri
758 2466 892 2502 poterat,
909 2462 997 2492 nulla
1019 2462 1157 2493 accessio
1171 2474 1178 2492 z
1202 2472 1262 2493 nec
1278 2462 1364 2493 enim
1377 2467 1455 2498 emt,
1472 2466 1525 2493 aut
1547 2471 1610 2502 quo
1624 2467 1680 2494 aut

215 2509 298 2538 uude
314 2509 389 2540 talia
404 2510 525 2542 fierent.
547 2512 649 2553 ipsum
666 2514 750 2544 enim
765 2524 798 2545 se
824 2516 1062 2556 consumptione
1078 2522 1111 2547 et
1125 2516 1214 2547 senio
1229 2516 1278 2546 sui
1300 2516 1398 2557 ipsius
1412 2515 1480 2546 alit.
1501 2515 1547 2546 ita
1560 2525 1676 2556 nempe

215 2561 322 2592 divina
337 2569 402 2594 arte
419 2565 585 2597 fabricatus
606 2573 655 2598 est
670 2569 815 2604 mundus,
833 2575 867 2599 ut
882 2571 988 2600 omnia
1002 2571 1034 2601 in
1052 2581 1084 2601 se
1101 2571 1170 2612 ipso
1186 2576 1220 2601 et
1232 2580 1251 2602 a
1263 2579 1296 2601 se
1313 2571 1381 2612 ipso
1394 2569 1530 2611 patiatur
1545 2574 1577 2599 et
1593 2574 1677 2609 agat.

211 2620 295 2646 ratus
309 2617 394 2648 enim
410 2624 457 2649 est
471 2619 523 2650 ille
543 2626 651 2652 auctor
676 2622 838 2659 mundum,
863 2624 889 2654 si
913 2624 972 2654 sibi
988 2625 1056 2666 ipse
1072 2625 1215 2660 sufficiat,
1231 2623 1478 2665 praestantiorem
1492 2621 1556 2654 fore
1579 2632 1675 2664 quam

211 2669 236 2699 si
252 2671 381 2702 aliorum
397 2673 606 2705 amminiculis
621 2683 723 2717 egeat.
747 2688 805 2709 nec
821 2678 852 2708 ei
878 2688 988 2709 manus
1002 2679 1193 2710 necessarias
1208 2689 1276 2709 esse
1292 2677 1393 2713 duxit,
1407 2676 1481 2718 quia
1495 2686 1597 2717 neque
1620 2686 1677 2708 ca·

211 2724 360 2763 piendum
376 2727 539 2767 quicquam
552 2736 619 2759 erat
632 2741 733 2772 neque
744 2732 972 2774 repellendum.
987 2744 1045 2764 nec
1059 2734 1193 2775 pedibus
1205 2738 1258 2764 aut
1269 2733 1337 2764 aliis
1352 2730 1392 2762 ad
1403 2740 1595 2771 progressum
1609 2736 1673 2760 sta-

211 2785 314 2808 tumve
332 2779 474 2810 membris
488 2792 566 2821 opus
581 2790 657 2814 erat.
675 2784 750 2827 [34]
768 2792 882 2817 motum
899 2788 982 2818 enim
999 2789 1044 2819 illi
1058 2797 1227 2829 congruum
1236 2789 1291 2818 Suo
1304 2785 1427 2826 corpori
1436 2784 1552 2820 tribuit,
1567 2783 1619 2824 qui
1632 2794 1672 2814 ox

206 2835 467 2871 septemmotibus
479 2846 558 2866 unus
571 2836 611 2867 ad
621 2845 754 2870 mentem
763 2840 897 2873 maxime
905 2848 936 2872 et
947 2842 1187 2884 intelligentiam
1196 2840 1340 2882 pertinet.
1357 2839 1493 2880 ideoque
1501 2847 1572 2869 curn
1580 2838 1671 2870 illum

208 2894 263 2924 Per
270 2886 381 2918 eadem
391 2895 422 2918 ct
436 2889 467 2919 in
475 2889 586 2922 eodem
598 2899 628 2922 et
640 2893 672 2924 in
680 2904 712 2925 sc
727 2895 795 2936 ipso
808 2896 1076 2933 circumduxisset,
1089 2896 1195 2928 effecit
1202 2900 1235 2927 ut
1246 2893 1386 2929 circulari
1396 2892 1598 2929 conversione
1605 2902 1671 2923 mo-
