1840 3225
175 227 274 277 409]
747 223 1080 263 cmToPHON.
1589 220 1639 257 83

174 330 287 366 nescit,
308 329 491 371 relinquere.
538 328 587 359 Illi
611 338 694 364 vero,
711 327 764 369 qui
787 326 897 363 oculis,
914 327 1049 363 auribus,
1074 331 1138 357 toto
1162 335 1289 366 corpore
1306 323 1401 356 nescit
1427 323 1483 363 uti,
1500 328 1641 363 prat-stare

174 394 277 425 neque
302 385 418 420 videre,
448 394 550 424 neque
573 382 692 417 audire,
717 392 819 422 neque
850 381 940 411 aliter
969 381 1015 411 uti
1042 391 1183 420 corpore,
1213 390 1305 421 quam
1332 379 1388 408 uti.
1432 377 1580 407 Similiter
1609 380 1641 404 et

173 438 206 468 in
222 438 348 468 artibus.
373 437 470 479 [408]
495 436 683 476 Quicunque
701 436 783 465 enim
802 435 868 476 lyra
885 434 1010 476 propria
1028 434 1071 463 uti
1087 434 1196 469 nescit,
1215 439 1312 474 patet,
1327 438 1362 463 ut
1384 432 1452 472 ipsc
1475 431 1531 466 ais,
1554 429 1639 470 quod

174 502 277 532 neque
303 491 429 522 alterius
454 491 521 532 lyra
545 490 602 521 scit
629 490 696 519 uti:
722 494 753 519 et
775 489 829 530 qui
859 488 962 519 aliena
983 487 1082 518 nescit
1108 488 1166 525 uti,
1181 487 1280 517 nescit
1307 493 1339 517 et
1363 495 1441 516 sua:
1466 484 1640 523 eademque

172 551 221 576 est
250 546 290 576 de
317 545 426 576 ceteris
452 543 662 574 instrumentis
685 548 717 573 et
739 542 987 583 possessionibus
1013 542 1102 571 ratio.
1147 540 1253 580 Atque
1276 550 1314 569 eo
1344 539 1470 569 tandem
1495 536 1642 578 praeclare

173 598 231 629 tibi
250 609 348 629 senno
371 598 524 639 procedit,
541 602 575 627 ut
599 596 723 631 inferas,
740 596 795 636 qui
819 595 920 626 nescit
943 595 1048 625 anima
1071 594 1127 630 uti,
1145 598 1288 634 praestare
1304 593 1388 628 huic,
1404 597 1438 621 ut
1454 590 1551 621 otium
1569 594 1642 630 agat

171 651 288 686 anima,
303 661 406 692 neque
421 651 517 689 vivat,
532 660 625 690 quam
642 654 675 679 ut
691 649 787 684 vivat,
802 653 834 679 et
857 648 904 678 sui
924 647 1003 688 juris
1023 647 1054 677 in
1078 647 1202 688 agendo
1223 645 1291 686 ipse
1313 646 1365 676 sit.
1411 645 1514 681 Quem
1531 644 1555 674 si
1578 653 1642 684 qua

171 704 340 736 necessitas
369 704 455 745 cogit
482 704 598 740 vivere,
625 703 735 733 melius
766 702 840 733 huic
870 712 949 738 esse,
978 707 1012 732 ut
1042 711 1146 732 servus
1175 700 1269 730 vitam
1300 699 1406 735 ducat,
1437 708 1529 739 quam
1555 697 1642 728 liber.

170 757 229 788 Est
254 763 357 789 autem
386 758 459 799 hoc,
485 763 632 798 tanquam
662 756 762 792 navis,
792 756 835 786 ita
863 755 1062 797 cogitationis
1092 753 1302 796 gubernacula
1328 751 1520 784 committere
1553 751 1643 781 alteri

169 812 329 853 cuiquam,
356 812 409 852 qui
436 811 684 853 gubernatoriam
711 810 855 840 humanae
881 810 954 840 vitae
980 810 1114 850 adeptus
1139 809 1180 839 sit
1205 807 1413 848 disciplinam,
1440 815 1533 846 quam
1558 814 1643 846 saepe

170 871 218 907 tu,
247 866 402 905 Socrates,
435 865 593 906 politicam
625 874 729 901 vocas,
759 865 956 905 eandemque
983 863 1182 905 judiciariam
1212 867 1244 893 et
1269 860 1436 903 justitiam.
1481 859 1540 889 His
1568 868 1642 898 ergo

170 920 374 957 sermonibus,
391 919 522 960 aliisque
550 918 703 960 ejusmodi
733 918 836 948 multis
863 923 957 959 atque
984 917 1151 959 praeclaris.
1175 917 1319 947 virtutem
1347 913 1553 945 asserentibus
1569 922 1640 953 pos-

170 983 204 1004 se
233 973 349 1010 doceri,
376 973 486 1015 suique
516 972 614 1014 ipsius
644 972 786 1013 inprimis
817 972 977 1013 suscipere
1001 981 1105 1002 curam
1132 970 1328 1012 jubentibus,
1355 977 1515 1009 nunquam
1545 966 1641 996 ferme

169 1026 349 1057 adversatus
379 1037 457 1063 sum,
488 1036 603 1067 neque,
635 1031 669 1055 ut
702 1025 906 1065 arbitror‚⁴in
944 1031 1100 1066 posterum
1132 1024 1327 1055 adversabor.
1373 1020 1526 1053 Perutiles
1556 1018 1640 1050 enim

169 1080 256 1121 ipsos
284 1080 439 1117 existimo,
470 1080 697 1121 plurimumque
730 1080 770 1110 ad
807 1080 1055 1110 exhortationem
1091 1079 1208 1118 valere,
1238 1084 1270 1108 et
1307 1078 1346 1108 ad
1376 1076 1519 1106 homines
1551 1072 1642 1114 quasi

169 1133 359 1165 dormientes
381 1133 563 1165 excitandos
580 1133 768 1165 conducere.
815 1133 957 1163 Adhibui
979 1133 1087 1174 itaque
1112 1137 1258 1168 mentem,
1275 1136 1310 1161 ut
1333 1130 1387 1171 qui
1402 1138 1500 1160 essem
1523 1127 1643 1167 reliqua

170 1187 351 1218 auditurus:
376 1192 575 1228 percontatus
593 1198 659 1217 sum
680 1198 742 1217 non
767 1192 798 1218 te
822 1187 965 1228 primum,
981 1197 999 1217 o
1016 1187 1170 1226 Socrates,
1184 1186 1237 1216 sed
1255 1184 1391 1226 aequales
1406 1188 1488 1218 tuos,
1503 1180 1551 1211 vel
1567 1189 1644 1211 oon·

170 1240 358 1278 tubernales‚
372 1241 420 1271 vel
436 1241 551 1280 socios,
562 1241 611 1272 vel
623 1242 907 1283 quomodocunque
925 1241 1013 1271 aliter
1030 1240 1159 1271 affectos
1170 1239 1224 1269 tibi
1241 1243 1364 1280 oportet
1379 1237 1482 1268 dicere
1497 1247 1504 1265 :
1521 1235 1643 1270 horum,

170 1294 311 1335 inquam,
338 1305 392 1325 eos
413 1300 485 1326 ante
511 1294 602 1335 alios,
625 1295 681 1336 qui
705 1295 796 1336 primi
820 1295 903 1336 apud
931 1300 962 1325 te
984 1294 1149 1333 habentur,
1171 1291 1369 1334 interrogavi,
1392 1290 1461 1332 quis
1484 1294 1555 1330 post
1574 1289 1642 1318 haec

170 1357 270 1378 sermo
290 1348 483 1388 potissimum
500 1353 680 1390 sequeretur
695 1360 702 1378 ε
727 1359 764 1380 ac
781 1360 864 1379 more
880 1353 946 1385 tuo,
962 1347 1195 1389 quodammodo
1218 1347 1263 1377 ita
1278 1345 1424 1387 praefatus
1438 1343 1643 1385 quaestionem

168 1401 322 1442 exposui:
354 1402 383 1433 O
410 1403 468 1434 viri
493 1403 618 1444 optimi,
641 1412 704 1444 quo
731 1408 836 1444 pacto,
853 1403 994 1444 inquam,
1016 1401 1190 1433 Socraticas
1215 1401 1254 1430 ad
1279 1400 1425 1430 virtutem
1451 1395 1642 1427 hortationes

167 1454 311 1495 accipere
324 1455 440 1486 deinde
455 1456 627 1487 debemus?
651 1467 690 1487 an
707 1456 795 1498 quasi
811 1457 910 1487 solum
926 1457 986 1488 hoc
1002 1461 1114 1496 exstet,
1129 1455 1250 1496 prodire
1265 1464 1336 1484 vero
1353 1453 1392 1483 ad
1410 1461 1500 1493 opuS‚
1514 1459 1641 1490 remque

167 1508 328 1549 perficere,
344 1509 494 1540 minime?
540 1510 641 1551 Atqui
658 1516 795 1542 nostrum
811 1516 843 1542 et
857 1512 917 1542 hoc
934 1521 990 1552 per
1007 1521 1130 1541 omnem
1156 1510 1248 1539 vitam
1266 1508 1325 1539 erit
1341 1506 1489 1541 officium,
1505 1514 1571 1539 eos,
1586 1501 1641 1544 qui

167 1563 309 1594 nondum
332 1564 406 1595 satis
430 1564 552 1596 incitati
578 1571 663 1605 sunt,
679 1575 859 1607 provocare,
877 1570 971 1607 atque
995 1565 1038 1596 ita
1063 1575 1186 1606 semper
1208 1563 1340 1594 invicem
1366 1558 1544 1592 exhortari?
1590 1557 1642 1587 An

168 1617 273 1657 potius
289 1624 321 1649 et
335 1619 505 1656 Socratem,
522 1624 556 1650 et
579 1629 636 1649 nos
659 1620 756 1661 ipsos,
770 1630 840 1650 cum
865 1630 928 1650 non
952 1629 1103 1660 negemus
1125 1620 1185 1649 hoc
1207 1619 1308 1659 ipsum
1333 1615 1489 1656 agendum
1504 1622 1583 1647 esse,
1599 1610 1642 1640 sic

171 1670 327 1712 inquirere
342 1673 456 1704 decet:
482 1673 568 1710 Quid
586 1674 742 1715 posthac?
765 1675 850 1705 unde
869 1674 1000 1715 justitiae
1023 1673 1161 1704 studium
1184 1670 1393 1713 incipiemus?
1437 1669 1471 1699 Si
1493 1667 1564 1708 quis
1587 1671 1643 1694 nos

167 1725 208 1754 ad
232 1727 403 1757 curandum
426 1737 539 1768 corpus
562 1729 700 1764 hortans,
715 1733 865 1769 tanquam
889 1738 1013 1769 pueros,
1037 1728 1091 1769 qui
1114 1737 1312 1768 nequaquam
1337 1725 1514 1761 advertunt,
1537 1729 1641 1752 curam

164 1777 235 1818 ejus
259 1780 486 1821 gymnasticam
509 1786 604 1822 atque
627 1781 816 1812 medicinam
832 1792 912 1818 esse,
929 1781 1084 1823 objurget,
1109 1781 1193 1822 quod
1220 1785 1251 1810 te
1278 1778 1392 1814 tritico,
1409 1783 1441 1807 et
1466 1775 1593 1809 hordeo,
1609 1779 1643 1804 et

166 1832 284 1863 vitibus
307 1844 429 1875 semper
451 1834 636 1875 cogitemus,
661 1836 764 1876 deque
789 1835 947 1872 omnibus,
970 1846 1040 1877 quae
1065 1835 1203 1876 corporis
1227 1833 1324 1874 gratia
1350 1830 1528 1872 quaerimus,
1545 1833 1641 1858 artem

166 1897 240 1917 vero
256 1891 288 1917 et
303 1887 496 1924 industriam,
512 1899 574 1930 qua
590 1890 689 1919 bonus
705 1890 844 1930 corporis
867 1890 990 1919 habitus
1014 1889 1080 1925 fiat,
1096 1888 1214 1918 nullam
1230 1887 1433 1927 inquiramus,
1449 1893 1520 1914 cum
1537 1887 1641 1911 tamen

165 1940 208 1970 sit
224 1940 326 1982 aliqua
343 1953 349 1970 :
374 1941 452 1972 forte
469 1942 555 1972 illum
572 1953 759 1983 rogaremuS,
774 1953 851 1984 quas
867 1948 946 1973 artes
962 1943 1043 1973 circa
1059 1942 1176 1973 cultum
1193 1940 1331 1982 corporis
1349 1939 1445 1979 [409]
1463 1947 1529 1968 esse
1545 1936 1640 1966 dicat.

167 1998 264 2034 atque
286 1994 353 2030 ille,
369 1999 404 2024 ut
426 1995 566 2034 arbitror,
582 1997 794 2037 responderet,
811 1997 996 2027 medicinam
1021 2001 1115 2038 atque
1137 1994 1362 2037 gymnasticam
1380 2005 1386 2022 :
1413 1992 1523 2022 codem
1548 1994 1641 2030 pacto

167 2056 264 2083 nunc,
280 2057 373 2087 quam
397 2053 493 2079 artem
517 2049 598 2079 circa
621 2049 732 2079 animae
756 2048 900 2079 virtutem
924 2050 1035 2080 versari
1059 2059 1253 2088 censeamus,
1277 2047 1476 2088 respondeat,
1499 2042 1640 2086 quisquis

167 2099 369 2140 peritissimus
395 2102 502 2132 horum
529 2102 588 2132 sibi
613 2103 745 2133 videtur.
791 2102 973 2144 Respondit
996 2114 1069 2144 ergo
1096 2104 1136 2133 ad
1164 2103 1242 2140 liaec,
1258 2107 1355 2132 artem
1382 2101 1475 2135 lianc,
1492 2108 1584 2140 quam
1601 2107 1639 2127 ex

166 2153 293 2184 Socrate
308 2155 467 2191 audivisti,
483 2155 599 2186 nullam
625 2156 729 2193 aliam,
746 2157 804 2188 nisi
826 2157 981 2198 justitiam
1004 2168 1084 2194 esse,
1101 2157 1192 2189 scias.
1236 2156 1326 2186 Tunc
1351 2166 1422 2196 eg0‚
1436 2153 1512 2184 Non
1527 2151 1640 2189 solum,

170 2206 311 2248 inquam,
329 2209 402 2239 milri
419 2219 532 2240 nomen
548 2210 698 2247 adducas,
715 2212 770 2242 sed
795 2211 922 2242 ulterius
938 2212 982 2243 sic
1004 2222 1153 2252 exponaS.
1199 2211 1363 2242 Medicina
1381 2219 1470 2250 porro
1485 2217 1531 2238 ars
1555 2216 1641 2247 quat-

166 2260 239 2291 dam
260 2261 386 2293 dicitur.
406 2263 445 2293 ab
470 2264 529 2294 hac
549 2264 612 2295 duo
637 2265 738 2295 fiunt:
764 2275 835 2296 narn
861 2271 893 2296 et
920 2266 1032 2297 medici
1059 2277 1094 2296 ex
1119 2265 1249 2296 medicis
1272 2264 1459 2298 efficiuntur,
1475 2267 1505 2292 et
1523 2260 1640 2291 sanitas

168 2320 338 2355 reparatur.
384 2315 529 2347 Alterum
545 2318 656 2348 horum
673 2319 755 2350 haud
773 2319 906 2361 amplius
923 2331 969 2351 ars
985 2321 1090 2361 aliqua
1105 2325 1153 2351 est
1168 2332 1175 2350 :
1205 2319 1276 2350 artis
1291 2324 1394 2350 autem
1411 2314 1554 2347 docentis
1570 2323 1639 2354 pcr-

167 2373 332 2410 ceptaeque
357 2379 450 2411 opuS,
477 2381 570 2412 quam
600 2372 733 2403 dicimus
758 2375 934 2407 sanitatem.
983 2375 1034 2405 Ab
1060 2363 1264 2406 ar'chitectura
1292 2372 1432 2403 similiter
1455 2371 1518 2400 duo
1547 2368 1638 2402 finnt,

168 2422 334 2453 aedificium
364 2424 512 2455 videlicet
541 2431 573 2455 et
601 2427 830 2458 architectura·
870 2427 948 2457 illud
980 2428 1107 2469 quidem
1140 2438 1231 2468 opus,
1262 2428 1328 2457 haec
1357 2430 1459 2456 autem
1484 2421 1639 2453 doctrina.

165 2475 303 2506 Justitiae
325 2476 400 2517 quin
430 2477 523 2508 etiam
549 2484 628 2517 esto,
650 2479 753 2520 justos
776 2481 852 2511 alios
878 2481 991 2518 facere,
1015 2481 1279 2523 quemadmodum
1306 2478 1478 2520 superiores
1501 2474 1641 2516 singulos

164 2528 311 2560 artifices.
353 2529 415 2560 Sed
433 2541 511 2571 opus
534 2532 676 2570 alterum,
692 2534 776 2574 quod
803 2534 891 2564 nobis
915 2534 959 2564 vir
978 2535 1082 2575 justus
1103 2535 1224 2566 efficere
1248 2539 1364 2575 potest,
1380 2532 1455 2574 quid
1471 2542 1538 2562 esse
1553 2530 1638 2561 dicc-

165 2583 257 2613 mus?
281 2583 416 2615 declara.
463 2583 646 2626 Respondit
671 2587 750 2617 alius
777 2588 918 2629 quidem,
943 2594 978 2619 ut
1000 2589 1141 2629 arbitror,
1167 2589 1353 2619 conserens:
1383 2585 1474 2624 alius,
1499 2585 1637 2616 decens:

164 2636 257 2673 alius,
283 2637 504 2668 conducibile:
538 2638 630 2679 alius,
655 2640 743 2672 utile.
788 2643 834 2672 At
859 2653 917 2683 ego
947 2643 1138 2684 respondens
1167 2640 1282 2682 objeci,
1309 2641 1341 2670 in
1368 2639 1496 2680 singulis
1523 2637 1639 2668 artibus

164 2691 274 2721 cadem
291 2690 358 2722 haec
374 2691 499 2721 nomina
515 2702 581 2723 esse
602 2704 608 2722 :
639 2703 773 2735 cumque
800 2701 882 2726 recte
909 2696 984 2737 quid
1002 2696 1048 2732 fit,
1068 2695 1168 2732 utilia,
1184 2693 1408 2729 conducibilia,
1424 2698 1456 2723 et
1471 2692 1529 2722 alia
1547 2689 1639 2730 hujus

140 2768 144 2769 γ
165 2744 286 2784 generis
302 2744 365 2775 illic
393 2744 458 2775 fieri
484 2745 620 2787 dicique.
667 2747 750 2777 Illud
775 2759 845 2779 vero
862 2750 934 2780 artis
957 2749 1110 2790 cujusque
1134 2749 1303 2789 proprium,
1319 2749 1359 2778 ad
1382 2747 1466 2787 quod
1483 2747 1550 2776 liaec
1576 2754 1637 2774 res-

162 2797 299 2837 piciunt.
323 2799 585 2839 quemadmodum
604 2800 634 2829 in
652 2807 716 2830 arte
739 2802 838 2832 fabrili
855 2804 939 2844 quod
958 2804 1048 2843 benc,
1065 2802 1204 2844 pulchre,
1220 2803 1368 2833 decenter
1383 2812 1414 2831 se
1431 2801 1542 2830 habere
1558 2798 1637 2829 ‹lici-

164 2860 225 2887 tur,
249 2850 324 2882 illuc
347 2851 462 2893 tendit,
489 2857 523 2882 ut
551 2863 586 2883 ex
613 2853 715 2895 lignea
741 2856 868 2886 matclia
892 2861 965 2898 apte
988 2856 1195 2897 supellectilia
1220 2857 1317 2886 fiant:
1343 2866 1412 2897 quze
1437 2855 1564 2895 quidem
1589 2863 1635 2883 ars

166 2902 293 2936 minime
309 2909 394 2941 sunt,
407 2906 461 2937 sed
472 2905 544 2938 artis
558 2917 649 2948 opus.
694 2907 825 2940 Dicatur
839 2909 979 2941 similiter
995 2916 1025 2941 et
1036 2909 1166 2949 justitiae
1182 2910 1281 2952 ipsius
1297 2921 1387 2951 opus.
1433 2908 1494 2939 llic
1510 2907 1636 2948 quidam
