1840 3225
273 238 352 278 236
564 236 826 278 PLATONIS
857 238 928 278 DE
960 236 1185 277 REPUBL.
1217 239 1315 278 LIB.
1345 240 1395 278 X.
1568 215 1574 220 a
1627 239 1721 292 [621

273 352 368 384 quam
387 342 529 384 eligeret,
544 343 800 380 circumeuntem,
816 343 964 385 quaesisse
986 343 1101 384 privati
1125 342 1260 373 hominis
1281 342 1472 383 minimeque
1490 341 1602 374 curiosi
1620 340 1730 373 vitam.

276 407 409 438 eamque
425 397 478 427 vix
492 397 621 429 tandem
636 398 751 429 alicubi
756 397 916 441 jacentem
930 403 962 428 et
973 399 1150 439 neglectam
1162 396 1201 427 ab
1212 397 1282 427 aliis
1292 396 1444 438 reperisse
1459 407 1466 426 z
1481 396 1659 438 din‘sseqne
1668 405 1731 426 non

275 451 372 481 aliam
385 461 419 482 se
433 452 530 482 vitam
544 453 715 483 electumm
723 452 828 489 fuisse,
842 453 965 483 etiamsi
986 460 1100 483 sortem
1124 451 1256 492 primam
1269 456 1364 481 nacta
1387 455 1470 481 esset
1482 461 1491 488 ;
1516 459 1611 492 quare
1632 450 1731 481 vitam

272 503 363 535 illam
378 505 511 536 libenter
526 506 621 537 fuisse
640 507 847 548 complexam.
870 506 919 537 Ex
932 505 1006 537 feris
1021 507 1098 536 item
1112 506 1182 536 aliis
1195 505 1229 536 in
1244 505 1386 536 homines
1402 504 1533 536 transire
1548 505 1669 536 animas
1682 514 1731 536 ae-

275 559 401 590 serebat
414 564 446 590 et
459 559 596 591 invicem
610 561 791 592 commutari
805 572 811 590 ε
827 561 956 603 injustas
971 559 1098 601 quidem
1111 560 1144 590 in
1162 560 1243 591 seras
1257 564 1404 601 agrestes,
1413 559 1513 602 justas
1525 564 1631 590 autem
1642 568 1732 590 man-

274 618 433 644 suetorum
454 614 636 645 animalium
651 615 748 646 vitam
762 625 925 656 capessere
940 627 946 644 :
963 619 1056 655 atque
1070 623 1178 645 omnes
1196 614 1278 644 hunc
1291 614 1324 644 in
1344 612 1472 644 modum
1485 612 1597 644 confici
1608 612 1734 643 mixtio-

276 677 344 698 nes.
369 667 450 699 Cum
460 668 542 699 vitas
553 679 661 700 omnes
669 669 781 700 animae
795 669 958 711 gradatim,
970 674 1005 699 ut
1016 678 1082 699 sors
1093 667 1233 704 dederat,
1247 668 1427 709 elegissent,
1438 668 1531 709 longo
1540 667 1613 697 illas
1625 665 1734 697 ordine

276 718 318 751 ad
332 721 498 752 Lachesim
512 722 592 753 vidit
605 722 768 754 accedere.
811 722 976 754 Lachesim
990 732 1064 753 vero
1078 722 1188 763 cuique
1203 721 1389 758 daemonem,
1404 731 1498 763 quem
1509 726 1637 763 ceperat
1648 729 1736 762 quae-

274 785 345 816 que,
359 775 457 816 ipsius
472 776 545 807 vitae
558 777 719 808 custodem
734 777 933 818 praescribere
946 777 1177 817 electorumque
1193 786 1323 817 operum
1335 781 1560 806 exsecutorem.
1603 773 1736 805 Daemo-

273 838 348 859 nem
366 830 450 860 hunc
464 830 497 860 in
511 831 619 871 primis
631 831 672 861 ad
687 830 822 862 Clothon
838 832 973 862 animam
991 830 1115 866 ducere,
1131 836 1164 860 et
1176 831 1232 860 sub
1246 831 1310 860 illis
1320 840 1416 861 manu
1428 829 1683 870 revolutioneque
1701 836 1734 859 et

275 883 428 924 vertigine
441 883 502 914 fusi
517 885 698 925 approbare,
713 895 806 926 quam
820 885 928 916 sortita
938 884 1093 915 fortunam
1109 885 1259 925 elegerat.
1281 894 1351 914 cum
1367 893 1439 914 vero
1462 884 1564 924 ipsam
1584 882 1735 924 tetigerit,

276 937 384 967 statim
403 937 443 968 ad
459 937 571 979 Ata-opi
592 939 764 969 filationem
782 939 906 974 ducere,
925 938 1132 969 immutabilia
1149 937 1283 968 stamina
1297 938 1475 968 facientem.
1519 937 1613 967 Illinc
1624 942 1736 978 postea

278 1001 410 1032 propere
426 991 633 1022 Necessitatis
643 994 789 1023 thronum
804 992 901 1028 adire,
914 1002 970 1033 per
981 1001 1075 1032 quem
1087 1001 1158 1021 cum
1171 991 1351 1021 transierint
1364 1000 1482 1026 omnes,
1499 989 1596 1032 [621]
1611 990 1669 1020 sub
1679 999 1734 1021 ve-

281 1045 423 1075 hementi
443 1047 545 1077 calore
565 1052 598 1076 et
611 1052 689 1076 aestu
699 1047 732 1076 in
747 1056 892 1087 campum
907 1047 1071 1077 Lethaeum
1082 1045 1247 1087 proficisci,
1261 1044 1419 1075 arboribus
1432 1049 1464 1075 et
1479 1044 1632 1080 omnibus,
1650 1053 1736 1085 quae-

279 1108 401 1139 cunque
423 1104 506 1130 terra
523 1105 703 1136 nascuntur,
723 1101 849 1141 penitus
868 1100 1062 1131 destitutum.
1107 1098 1304 1130 Recumbere
1324 1099 1418 1140 igitur
1440 1098 1526 1139 ipsas
1543 1098 1735 1129 adventante

279 1158 371 1183 nocte
386 1153 478 1195 juxta
497 1153 667 1184 Amelitam
687 1155 802 1184 flumen
823 1154 964 1191 asseruit,
985 1154 1071 1196 cujus
1090 1163 1203 1194 aquam
1213 1163 1269 1184 vas
1285 1154 1407 1184 nullum
1420 1153 1591 1184 contineat.
1627 1152 1736 1194 Atque

279 1207 378 1247 ipsius
398 1217 487 1248 aquae
498 1207 605 1238 bibere
618 1208 812 1248 aliquantum
828 1209 939 1250 cuique
952 1208 1173 1240 necessarium.
1195 1218 1249 1239 eos
1270 1213 1384 1243 autem,
1400 1207 1454 1248 qui
1466 1207 1665 1248 prudentiam
1678 1207 1737 1238 du-

281 1271 351 1292 cem
362 1271 426 1291 non
439 1261 566 1296 habent,
579 1262 661 1292 ultra
670 1271 763 1302 quam
778 1262 889 1293 deceat
900 1262 1017 1293 bibere.
1039 1272 1163 1302 semper
1175 1272 1247 1293 vero
1258 1262 1418 1292 bibentem
1432 1262 1571 1292 omnium
1583 1261 1738 1294 oblivisci.

281 1313 364 1345 Cum
381 1325 455 1346 vero
474 1315 516 1345 ad
531 1315 669 1345 mediam
681 1320 808 1346 noctem
826 1315 1023 1351 dormissent,
1037 1316 1138 1346 subito
1151 1317 1268 1347 tonitru
1281 1321 1314 1346 et
1336 1321 1424 1346 terrae
1438 1323 1523 1346 motu
1543 1316 1663 1346 excitos
1684 1326 1734 1346 re-

279 1375 375 1409 pente
389 1369 485 1399 alium
499 1369 561 1399 alio
572 1379 692 1399 sursum
703 1369 743 1399 ad
754 1370 986 1410 generationem
997 1370 1236 1405 consurrexisse,
1246 1370 1407 1400 stellarum
1418 1369 1516 1400 instar
1525 1370 1736 1411 prosilientes.

279 1422 319 1452 Se
334 1433 408 1453 vero
421 1423 547 1453 flumine
561 1433 599 1453 ex
610 1423 666 1453 illo
679 1428 786 1464 potare
801 1423 989 1464 prohibitum
1001 1423 1095 1453 fuisse
1109 1424 1272 1452 narrabat:
1287 1423 1442 1462 quomodo
1459 1429 1564 1454 autem
1576 1424 1609 1455 in
1625 1434 1737 1466 corpus

279 1476 419 1512 redierit,
433 1476 573 1518 ignorare
588 1489 594 1505 :
612 1476 669 1507 sed
682 1478 783 1507 subito
794 1477 826 1507 in
840 1477 977 1507 diluculo
987 1476 1289 1517 circumspicientem
1300 1476 1344 1506 ait
1357 1487 1390 1506 se
1404 1477 1507 1518 ipsum
1518 1488 1595 1519 pyra
1606 1478 1734 1519 imposi-

279 1533 346 1560 tum
361 1531 572 1571 conspexisse.
616 1531 723 1572 Atque
737 1531 791 1567 ita,
806 1541 824 1561 o
838 1531 969 1565 Glauco,
985 1536 1106 1561 servata
1115 1535 1163 1560 est
1176 1530 1281 1561 fabula
1291 1540 1393 1572 neque
1408 1531 1520 1572 periit:
1535 1542 1654 1574 nosque
1669 1543 1734 1565 ser-

280 1584 367 1614 vabit
380 1585 506 1625 pan’ter,
522 1585 549 1614 si
560 1583 620 1625 ipsi
635 1585 821 1626 parebimus,
832 1590 864 1615 et
880 1584 1051 1620 Lethaeum,
1064 1584 1098 1614 id
1111 1590 1157 1617 est
1168 1584 1332 1615 oblivionis
1345 1585 1483 1621 fluvium,
1496 1585 1577 1617 bene
1589 1588 1734 1619 transibi-

282 1648 361 1673 mus,
375 1639 523 1679 nullaque
536 1640 660 1669 macula
669 1640 805 1669 animam
817 1639 1001 1669 inficiemus.
1024 1639 1233 1676 Quamobrem
1247 1639 1273 1669 si
1283 1639 1362 1669 meis
1370 1640 1563 1670 sermonibus
1573 1640 1737 1684 obtempe-

281 1691 429 1728 rabimus,
444 1692 650 1723 immortalem
662 1693 726 1724 fore
742 1694 878 1724 animam
894 1693 1088 1729 arbitrantes,
1100 1694 1269 1734 talemque,
1285 1698 1319 1723 ut
1342 1698 1374 1724 et
1393 1693 1478 1724 mala
1491 1695 1591 1735 possit
1603 1700 1635 1726 et
1653 1696 1738 1727 bona

286 1746 391 1786 omnia
409 1746 572 1783 sustinere,
589 1747 673 1778 viam
688 1757 810 1788 semper
829 1747 868 1778 ad
883 1747 1042 1788 superiora
1060 1747 1228 1778 ducentem
1247 1757 1421 1789 sequemur,
1437 1748 1652 1790 justitiamque
1664 1760 1735 1781 cum

286 1799 452 1841 prudentia
466 1801 550 1831 omni
560 1801 679 1832 ratione
697 1802 835 1832 colemus
847 1813 854 1839 3
874 1807 908 1832 ut
920 1807 952 1832 et
965 1801 1054 1832 nobis
1068 1801 1129 1843 ipsi
1146 1802 1240 1831 simus
1254 1806 1287 1832 et
1302 1801 1363 1832 diis
1377 1802 1479 1837 amici,
1495 1802 1569 1833 dum
1581 1803 1662 1834 hanc
1677 1803 1734 1835 du-

286 1854 384 1885 cimus
397 1855 504 1890 vitam,
520 1860 553 1885 et
566 1860 730 1896 postquam
744 1856 866 1887 virtutis
879 1855 1007 1896 praemia
1021 1856 1289 1897 reportaverimus,
1299 1864 1448 1897 tanquam
1458 1856 1550 1898 potiti
1562 1857 1691 1888 victoria
1705 1863 1738 1889 et

286 1908 461 1950 triumphis,
475 1914 508 1939 et
522 1909 574 1941 hic
589 1913 622 1940 et
641 1910 675 1941 in
689 1910 864 1942 millenario
879 1920 1029 1942 annorum
1041 1909 1164 1946 itinere,
1188 1910 1271 1952 quod
1283 1911 1503 1947 enarravimus,
1525 1921 1583 1942 nos
1599 1911 1734 1943 feliciter

287 1963 466 1994 habeamus.
