1840 3225
100 243 201 295 495]
518 243 597 281 ‘DE
629 241 935 280 REPUBLICA
964 241 1062 279 ΗΒ.
1096 241 1162 280 VI.
1487 243 1557 282 171

97 344 181 376 illius
197 345 392 387 opinionem,
403 346 485 376 bona
497 343 655 380 videlicet,
667 343 780 385 quibus
793 342 965 375 delectatur
975 343 1054 384 ipsa,
1066 344 1157 381 mala,
1172 343 1285 386 quibus
1299 343 1468 375 offenditur
1481 354 1488 375 ε
1507 353 1566 376 nec

97 400 190 432 aliam
206 411 329 442 prorsus
345 400 438 431 ullam
454 400 494 430 de
509 399 557 429 his
574 398 682 429 afferat
695 398 860 434 rationem,
875 398 928 428 sed
943 408 1014 440 quae
1029 399 1200 430 necessaria
1215 398 1384 440 suntjusta
1399 402 1562 439 nuncupet

97 461 130 488 et
145 457 288 493 honesta,
299 465 362 497 quo
378 465 450 486 vero
465 454 538 484 boni
554 453 652 495 ipsius
669 453 875 484 necessariive
890 458 1000 484 natura
1015 453 1150 490 differat,
1166 463 1269 495 neque
1284 453 1353 495 ipse
1370 450 1561 495 perspexerit

96 522 235 553 unquam
250 520 352 552 neque
368 509 436 540 aliis
451 508 615 539 ostendere
631 507 740 547 possit.
785 506 819 537 Si
835 507 917 548 quis,
940 507 1082 548 inquam,
1103 507 1146 538 ita
1161 507 1292 538 affectus
1309 506 1360 543 sit,
1375 516 1479 537 nonne
1503 515 1559 547 per

98 566 210 598 Jovem
226 564 376 596 absurdus
392 568 564 605 praeceptor
578 573 645 593 esse
662 562 718 592 tibi
737 561 912 592 videbitur?
958 561 1040 593 Am.
1066 561 1151 592 Mihi
1168 572 1252 593 vero.
1296 561 1350 595 So.
1374 560 1427 591 An
1439 560 1565 592 differre

97 619 156 650 tibi
172 620 210 650 ab
221 620 280 650 hoc
296 618 348 649 ille
363 617 495 653 videtur,
512 616 566 658 qui
581 616 746 646 multorum
755 615 970 657 variorumque
981 616 1139 645 hominum
1155 615 1185 645 in
1199 626 1294 645 unum
1310 614 1563 646 convenientium

97 671 175 704 iram
191 677 224 704 et
237 672 413 714 voluptates
428 671 540 703 callere
563 670 748 711 sapientiam
765 680 832 701 esse
847 669 946 705 ducit,
969 670 1032 701 sive
1049 669 1080 700 in
1097 668 1218 711 pictura
1234 669 1297 700 sive
1313 669 1344 699 in
1360 669 1479 699 musica
1498 669 1565 701 sive

94 727 130 757 in
144 726 395 758 administrandas
411 725 456 756 rei
471 725 606 767 publicae
623 725 812 766 disciplina?
829 730 916 766 patet
931 724 1013 756 enim
1029 724 1126 766 quod,
1143 724 1169 754 si
1181 723 1251 765 quis
1265 734 1336 754 cum
1351 723 1399 754 his
1415 728 1564 760 versetur,

94 781 201 823 eisque
227 781 373 811 ostendat
397 779 446 811 vel
473 779 578 821 poesis
605 779 653 810 vel
679 779 803 810 alterius
831 779 903 810 artis
928 789 1008 820 opus
1035 779 1082 810 vet
1109 779 1147 810 ad
1172 788 1233 809 rem
1251 777 1408 819 publicam
1425 777 1563 808 attinens

93 834 309 870 ministerium,
336 834 543 875 exhibeatque
573 833 667 874 vulgo
693 833 860 873 judicandi
892 832 993 874 operis
1022 832 1238 864 auctoritatem
1268 832 1349 862 ultra
1377 831 1565 868 necessaria,

94 888 283 926 Diomedea,
298 894 333 919 ut
347 888 446 923 aiunt,
470 887 655 919 necessitate
670 893 799 928 cogetur
821 898 859 918 ea
874 887 985 928 facere,
1002 897 1072 928 quae
1089 887 1137 918 isti
1155 886 1365 927 probaverint.
1389 885 1475 927 quod
1492 894 1564 916 vero

93 944 175 974 bona
212 944 278 974 haec
308 953 412 973 revera
448 946 541 984 atque
570 943 700 972 honesta
726 942 800 978 sint,
834 952 873 971 an
905 941 1018 972 audisti
1045 941 1236 982 quandoque
1264 940 1400 981 ipsorum
1426 938 1563 980 aliquem

92 997 243 1028 rationem
274 996 469 1027 verisimilem
502 996 709 1036 assignantem
724 997 735 1024 ?
781 995 865 1025 Am.
889 994 921 1025 N
923 1005 959 1025 ec
984 995 1090 1024 audivi
1116 994 1243 1035 quidem
1271 1003 1422 1035 unquam,
1442 1002 1512 1029 nec,
1529 997 1566 1023 ut

93 1052 234 1087 arbitror,
251 1050 389 1081 audiam.
434 1050 490 1080 So.
514 1049 591 1080 Haec
607 1049 741 1080 intuitus
757 1049 874 1089 onmia,
888 1049 1049 1079 recordare
1065 1053 1097 1078 et
1112 1048 1190 1078 illud
1207 1060 1213 1077 :
1233 1046 1318 1078 Num
1337 1052 1440 1088 potest
1451 1046 1563 1088 vulgus

95 1105 144 1135 vel
159 1104 220 1136 alio
236 1105 361 1136 dicente
377 1104 541 1135 admittere
559 1103 605 1134 vel
632 1114 669 1133 ex
693 1113 726 1133 se
749 1104 901 1144 attingere
924 1103 1026 1144 ipsum
1054 1112 1109 1143 per
1131 1113 1164 1133 se
1186 1101 1362 1142 pulchrum,
1378 1111 1443 1132 non
1459 1105 1563 1132 autem

94 1159 192 1190 multa
206 1160 273 1190 haec
288 1157 437 1200 pulchra?
466 1164 498 1189 et
514 1158 554 1188 de
569 1157 680 1188 ceteris
695 1158 805 1188 eodem
823 1158 929 1193 modo,
939 1167 1002 1187 non
1015 1156 1142 1198 quidem
1154 1167 1221 1187 esse
1233 1155 1355 1197 singula
1369 1156 1445 1191 haec,
1464 1153 1561 1198 [494]

93 1224 164 1255 quae
193 1218 304 1255 patent
332 1212 439 1248 multa,
470 1212 524 1243 sed
562 1211 662 1253 ipsam
687 1222 779 1242 unam
809 1211 962 1252 cujusque
993 1216 1134 1241 naturam
1149 1210 1160 1240 ἓ
1206 1209 1291 1240 Am.
1314 1208 1461 1239 Minime.
1505 1208 1564 1240 So.

94 1267 306 1309 Philosophus
323 1277 394 1308 ergo
411 1266 522 1307 vulgus
538 1276 605 1296 esse
629 1276 691 1296 non
707 1266 837 1306 potest?
883 1265 965 1296 Am.
987 1265 1073 1296 Non.
1120 1265 1177 1296 So.
1200 1263 1288 1301 Quin
1316 1263 1410 1294 etiam
1435 1273 1564 1294 necesse

93 1327 142 1353 est
156 1323 196 1352 ab
210 1333 248 1353 eo
263 1321 519 1363 philosophantes
536 1320 728 1361 vituperari?
776 1320 860 1350 Am.
883 1319 1034 1351 Necesse.
1080 1318 1136 1351 So.
1160 1318 1202 1348 Et
1218 1328 1236 1348 a
1251 1317 1426 1359 quibusque
1443 1316 1563 1358 populo

94 1376 217 1417 placere
233 1376 420 1407 volentibus.
466 1375 549 1405 Am.
573 1374 678 1405 Patet.
725 1374 782 1406 So.
807 1374 853 1404 Ex
865 1374 914 1404 his
929 1384 1000 1415 ergo
1017 1384 1109 1415 qnam
1123 1372 1273 1403 rationem
1289 1371 1430 1402 servandi
1446 1369 1565 1411 ingenii

93 1429 304 1472 philosophici
317 1430 417 1469 vides,
435 1434 469 1459 ut
484 1439 539 1459 sua
562 1429 594 1459 in
611 1428 714 1459 studio
731 1439 928 1470 perseverans
951 1429 990 1459 ad
1020 1428 1112 1459 finem
1129 1425 1375 1468 philosophandi
1391 1423 1537 1456 deveniat
1551 1424 1563 1454 ἓ

93 1484 145 1516 Sic
160 1489 264 1515 autem
279 1494 315 1515 ex
334 1484 391 1521 his,
408 1494 478 1525 quae
495 1483 580 1514 dicta
605 1488 688 1519 sunt,
714 1483 831 1523 cogita.
855 1492 1038 1514 concessum
1062 1486 1109 1512 est
1126 1480 1268 1511 discendi
1284 1489 1430 1520 acumen,
1447 1488 1563 1508 memo-

90 1538 179 1580 riam,
193 1538 419 1575 fortitudfflem,
436 1537 700 1579 magnificentiam
719 1538 758 1568 ad
774 1538 834 1568 hoc
851 1537 1010 1578 ingenium
1027 1536 1194 1578 pertinere.
1240 1534 1325 1565 Am.
1349 1533 1462 1566 Plane.
1505 1532 1563 1564 So.

93 1592 210 1624 Nonne
235 1593 337 1624 statim
364 1593 449 1634 apud
466 1603 574 1623 omnes
591 1592 661 1623 talis
677 1592 708 1622 in
732 1592 855 1623 cunctis
872 1592 987 1633 primus
1004 1590 1073 1627 erit,
1099 1588 1269 1631 praesertim
1284 1588 1308 1619 si
1324 1597 1437 1628 eorpus
1453 1591 1565 1618 natura

93 1653 204 1679 nactus
217 1648 258 1679 sit
272 1648 374 1679 animo
391 1647 571 1679 conforme?
622 1647 703 1678 Am.
728 1647 816 1677 Nihil
835 1647 991 1688 prohibet.
1037 1645 1092 1676 So.
1116 1644 1236 1676 Volent
1248 1643 1342 1685 igitur
1355 1647 1388 1673 et
1400 1640 1567 1674 domestici

94 1713 202 1733 omnes
218 1706 250 1733 et
264 1702 348 1734 cives
363 1702 401 1733 ad
420 1712 475 1732 sua
491 1703 618 1742 negotia
633 1702 812 1743 peragenda
827 1702 886 1732 hoc
902 1702 960 1737 uti,
978 1711 1048 1732 cum
1066 1698 1247 1731 adoleverit.
1293 1697 1378 1728 Am.
1401 1695 1452 1727 Sic
1468 1700 1564 1727 certe.

93 1757 150 1788 So.
173 1757 279 1794 Quare
307 1757 460 1798 precibus,
477 1756 773 1798 supplicationibus,
789 1756 972 1792 honoribus,
989 1754 1210 1786 blandimentis
1235 1750 1500 1794 praeoccupabunt
1515 1749 1564 1780 su—

92 1816 190 1841 turam
206 1810 303 1852 ipsius
318 1811 460 1842 virtutem
484 1817 578 1852 atque
597 1811 784 1853 potentiam.
830 1811 912 1842 Am.
935 1811 984 1841 Ita
1001 1809 1067 1840 fieri
1082 1809 1173 1840 solet.
1218 1808 1274 1839 So.
1299 1805 1386 1843 Quid
1403 1804 1560 1836 hominem

91 1865 185 1896 talem
200 1865 351 1897 arbitraris
367 1871 442 1898 tunc
457 1866 639 1897 effecturum
657 1867 667 1896 ἓ
692 1867 862 1908 praesertim
879 1866 903 1896 si
921 1865 1024 1906 ampla
1040 1864 1072 1894 in
1096 1863 1223 1894 civitate
1246 1865 1338 1891 natus
1354 1859 1406 1899 sit,
1420 1863 1453 1890 et
1467 1857 1501 1889 in
1525 1868 1565 1890 ea

92 1919 209 1950 divitiis
223 1920 354 1961 insignis
369 1931 406 1951 ac
429 1930 553 1961 genere,
577 1921 707 1951 honesta
731 1925 879 1961 praeterea
904 1919 1011 1949 indole
1035 1918 1074 1948 sit
1089 1923 1184 1957 atque
1203 1923 1358 1956 proceruS.
1383 1922 1489 1943 nonne
1504 1911 1563 1942 im·

93 1984 201 2004 mensa
214 1985 270 2015 spe
285 1974 400 2005 elatum
415 1975 448 2005 iri
465 1976 547 2005 hunc
562 1986 683 2012 censes,
709 1979 870 2015 putantem
886 1984 919 2004 se
936 1973 976 2004 ad
1000 1983 1046 2003 res
1063 1976 1124 2002 tam
1141 1970 1321 2002 Graecorum
1336 1978 1429 2009 quam
1446 1965 1564 1997 Barba-

92 2037 193 2057 rorum
209 2028 359 2068 gerendas
375 2028 513 2059 sufficere
527 2029 537 2058 ?
553 2029 637 2059 unde
653 2034 685 2058 et
700 2040 732 2059 se
749 2028 848 2069 ipsum
865 2027 1026 2067 extollere,
1042 2025 1204 2056 fastidioso
1215 2023 1324 2055 habitu
1336 2021 1564 2057 lascivientem,

94 2081 242 2123 inanique
273 2082 353 2113 fastu
384 2088 416 2113 et
443 2084 553 2114 insana
584 2083 724 2114 inflatum
756 2083 925 2124 superbia?
970 2081 1053 2112 Am.
1078 2080 1302 2111 Vehementer.
1348 2077 1404 2108 SO.
1428 2075 1461 2106 Si
1489 2074 1561 2117 quis

95 2135 251 2167 hominem
277 2136 320 2167 sic
346 2137 493 2167 affectum
518 2137 616 2168 amice
642 2144 779 2173 moneat,
804 2137 911 2168 dicens
938 2141 1071 2166 mentem
1096 2135 1200 2176 ipsum
1223 2141 1421 2174 nequaquam
1437 2130 1566 2171 habere,

93 2200 184 2231 egere
200 2196 303 2221 tamen
317 2202 324 2221 ε
351 2191 403 2221 sed
419 2201 486 2221 earn
515 2201 533 2222 a
549 2190 637 2221 nullo
654 2190 825 2232 comparari
849 2201 953 2231 posse,
976 2189 1037 2220 nisi
1061 2200 1092 2219 sc
1115 2188 1198 2218 illius
1214 2185 1376 2228 adeptioni
1392 2183 1538 2225 subjiciat
1554 2193 1566 2216 z

94 2254 134 2275 an
162 2244 254 2275 facile
283 2244 384 2281 illum,
415 2246 509 2276 tantis
539 2250 725 2286 occupatum
756 2245 857 2287 malis,
882 2250 1027 2286 praestare
1056 2241 1196 2273 monenti
1213 2251 1302 2273 aures
1317 2245 1409 2282 putas
1423 2238 1433 2269 ?
1480 2237 1565 2272 Am.

93 2297 201 2340 Longe
227 2300 324 2331 abest.
369 2300 427 2334 So.
451 2300 506 2331 Sin
532 2305 635 2331 autem
667 2299 806 2331 bonitate
829 2305 947 2330 naturae
975 2304 1007 2330 et
1034 2299 1144 2329 innato
1170 2297 1307 2338 quodam
1329 2304 1402 2335 erga
1425 2292 1563 2324 rationes

93 2352 208 2384 affectu
224 2354 370 2385 inductus
386 2354 499 2395 aliquis
515 2355 670 2385 auscultet
686 2355 889 2396 flectaturque
906 2360 939 2384 et
954 2354 992 2384 ad
1008 2351 1237 2394 philosophiam
1252 2349 1401 2384 trahatur,
1419 2346 1496 2388 quid
1509 2356 1564 2377 eos

92 2406 226 2438 facturos
242 2407 465 2444 existimamus,
481 2408 537 2449 qui
553 2414 666 2450 putant
690 2409 852 2440 monitoris
868 2409 950 2439 illius
966 2419 1021 2438 usu
1040 2413 1071 2438 et
1087 2404 1314 2438 cousuetudine
1331 2401 1563 2433 adolescentem

94 2461 272 2503 corrumpi?
295 2472 400 2494 nonne
417 2469 448 2494 et
464 2463 621 2504 loquendo
638 2469 669 2494 et
685 2465 807 2505 agendo
831 2463 916 2494 omni
932 2463 1035 2493 studio
1059 2466 1240 2495 certaturos,
1257 2463 1292 2488 ut
1307 2467 1365 2487 nec
1381 2454 1564 2486 adolescens

97 2515 221 2546 monitis
237 2521 342 2557 parcat
358 2526 416 2548 nec
433 2517 609 2548 exhortator
625 2517 677 2549 ille
694 2518 812 2560 aliquid
826 2518 1022 2559 persuadeat,
1033 2527 1103 2547 eum
1117 2521 1179 2545 tam
1196 2511 1323 2555 privatis
1336 2508 1458 2541 insidiis
1470 2518 1564 2550 quam

96 2568 228 2609 publicis
242 2570 492 2602 accusationibus
507 2571 726 2612 insequentes?
754 2571 851 2614 [495]
878 2571 959 2602 Am.
977 2570 1078 2601 Valde
1093 2565 1298 2599 necessarium
1314 2568 1373 2595 est.
1417 2562 1472 2595 So.
1496 2559 1564 2593 Re-

95 2622 189 2653 stabit
213 2634 286 2665 ergo
315 2624 387 2654 huic
419 2624 481 2655 ulla
510 2626 549 2655 ad
578 2625 862 2667 philosophandum
893 2624 1047 2656 facultas?
1094 2622 1176 2653 Am.
1201 2620 1324 2660 Exigua
1353 2617 1458 2659 plane.
1507 2615 1564 2646 So-

96 2675 237 2708 Videsne
252 2679 334 2709 haud
352 2680 390 2710 ab
408 2690 438 2711 re
454 2690 510 2710 nos
526 2690 618 2721 supra
634 2680 747 2712 dixisse
764 2680 990 2722 philosophicae
1007 2684 1125 2709 naturae
1142 2681 1256 2718 partes,
1273 2674 1299 2705 si
1315 2681 1458 2715 perversa
1472 2670 1564 2702 adhi-

98 2730 162 2761 bita
179 2731 218 2761 sit
240 2732 398 2774 educatio,
420 2744 529 2764 causas
541 2745 611 2765 esse
634 2735 879 2775 quodammodo,
906 2740 942 2764 ut
963 2734 1034 2774 quis
1056 2733 1094 2763 ab
1111 2742 1149 2762 eo
1165 2730 1268 2761 studio
1284 2725 1464 2759 avertatur?
1487 2724 1565 2766 quin

95 2785 190 2815 etiam
206 2785 428 2827 impedimento
443 2799 510 2819 csse
527 2799 576 2829 ea,
591 2799 661 2830 quae
678 2789 771 2830 vulgo
788 2790 870 2820 bona
884 2794 1044 2830 putantur,
1061 2786 1185 2817 divitias
1196 2783 1318 2815 scilicet
1328 2786 1360 2813 et
1372 2788 1495 2811 omnem
1506 2778 1565 2808 hu·

96 2838 236 2877 jusmodi
251 2842 524 2882 suppellectilem?
573 2844 655 2873 Am.
681 2843 782 2874 Recte
805 2844 949 2874 nimirum
966 2848 1010 2873 est
1029 2842 1159 2871 dictum.
1203 2839 1260 2868 So.
1282 2836 1346 2868 Hic
1361 2840 1421 2869 est,
1446 2843 1465 2863 o
1481 2832 1563 2862 miri-

100 2893 158 2924 fice
182 2894 240 2935 vir,
266 2895 409 2927 interitus
435 2903 466 2928 ct
493 2897 650 2938 corruptio
677 2897 748 2928 talis
771 2908 806 2930 ac
831 2903 917 2928 tanta
941 2902 1057 2927 naturae
1081 2895 1179 2936 ipsius
1195 2893 1234 2924 ad
1251 2889 1406 2922 excellens
1428 2885 1562 2917 officium

100 2947 237 2987 optimae,
253 2959 322 2990 quae
338 2951 464 2991 quidem
494 2962 560 2982 rara
582 2953 764 2989 admodum,
793 2959 827 2984 ut
850 2952 996 2990 diximus,
1024 2950 1192 2991 reperitur:
1218 2952 1311 2987 atque
1336 2941 1428 2983 hujus
1444 2937 1565 2980 ingenii

101 3005 171 3031 sunt
199 3002 229 3033 hi
259 3003 326 3040 viri,
352 3005 405 3046 qui
434 3006 549 3037 nefaria
576 3007 691 3039 scelera
716 3013 839 3048 patrant
865 3013 897 3038 ct
923 3006 1068 3048 privatim
1091 3009 1122 3035 et
1148 3001 1284 3044 publice,
1306 3003 1398 3038 atque
1422 2996 1493 3026 item
1510 2992 1566 3033 qui
