1840 3225
195 222 292 272 905]
661 222 733 260 DE
774 218 1004 259 LEGIBUS
1043 219 1140 259 LIB.
1183 220 1232 258 X.
1576 220 1654 256 41¹3

184 325 312 367 ignoras
338 336 465 358 omnem
478 326 672 369 singulorum
688 325 924 369 generationem
940 324 1024 355 illius
1040 323 1138 365 gratia
1153 323 1230 360 fieri,
1248 328 1283 354 ut
1298 320 1435 354 universi
1446 321 1544 363 ipsius
1559 320 1652 351 beata

184 381 252 411 vita
275 381 327 412 sit.
343 381 414 423 ejus
430 383 608 413 substantia
620 392 683 412 non
700 381 749 413 tui
765 380 867 422 gratia
881 385 943 415 est,
959 379 1016 410 sed
1029 378 1117 410 illius
1133 384 1169 409 tu
1185 378 1285 419 gratia
1309 378 1412 408 factus
1437 387 1483 408 es.
1507 375 1652 407 medicus

182 436 269 465 enim
285 436 387 466 omnis
402 442 436 467 et
451 435 637 467 artificiosus
650 436 759 478 opifex
775 434 876 465 omnis
890 433 990 464 totius
1005 433 1105 475 gratia
1117 432 1242 473 singula
1253 432 1339 468 facit,
1353 438 1386 462 et
1401 431 1440 462 ad
1451 440 1650 462 communem

181 490 412 531 perfectionem
438 490 546 532 dirigit
569 490 697 521 omnia:
722 499 787 520 non
809 493 913 519 totum
934 488 974 519 ad
998 494 1132 529 partem,
1149 486 1205 517 sed
1219 492 1327 527 partes
1342 486 1381 516 ad
1395 491 1497 516 totum
1512 484 1651 526 singulas

182 543 336 575 referens.
358 550 393 576 tu
406 550 512 575 autem
539 545 671 576 moleste
693 544 769 580 fers,
797 543 870 585 qu’1a
884 542 1022 584 ignoras,
1037 552 1099 584 quo
1115 547 1221 582 pacto,
1238 541 1324 582 quod
1338 540 1396 571 tibi
1412 540 1570 581 optimum
1588 545 1651 575 est,

182 598 334 629 universo
348 598 437 629 simul
453 605 486 629 et
499 599 558 629 tibi
573 609 628 639 pro
644 598 818 629 communis
834 596 1048 638 generationis
1074 595 1195 625 viribus
1220 594 1378 625 convenit.
1401 594 1549 635 quoniam
1575 603 1651 623 vero

183 651 290 683 anima
315 663 387 683 cum
416 662 547 693 corpore
574 663 712 694 semper,
743 651 836 682 modo
864 661 936 681 cum
966 650 1038 686 alio,
1055 649 1173 680 deinde
1189 660 1262 681 curn
1278 648 1340 680 alio
1355 648 1538 689 conjuncta,
1556 648 1651 678 variis

183 706 410 737 mutationibus
434 712 488 737 aut
508 712 638 749 propter
666 717 699 738 se
724 707 823 748 ipsam
846 712 898 736 aut
913 710 1044 747 propter
1059 704 1151 735 aliam
1167 704 1315 740 animam,
1335 707 1555 738 commutatur,
1569 701 1653 732 nihil

181 760 269 791 aliud
284 761 394 791 harum
411 771 516 792 rerum
527 762 712 799 ordinatori,
727 766 879 802 tanquam
892 761 975 790 talos
986 759 1129 802 jacienti,
1143 764 1255 795 restat,
1271 768 1366 800 quam
1381 763 1417 788 ut
1437 757 1527 798 quasi
1552 762 1651 787 trans-

183 814 332 856 ponendo
357 821 528 857 permutet,
554 815 697 847 meliores
712 816 839 857 quidem
857 825 959 846 mores
973 814 1006 844 in
1021 814 1185 845 meliorem
1197 813 1313 852 locum,
1328 813 1361 843 in
1375 812 1560 842 deteriorem
1577 820 1652 841 vero

183 869 367 906 deteriores,
382 876 474 911 prout
490 871 624 912 singulis
640 870 800 906 convenit,
818 875 852 901 ut
867 875 984 900 sortem
999 868 1057 899 sibi
1073 878 1243 910 congruam
1258 868 1382 909 singula
1404 870 1649 907 consequantur.

181 922 258 953 Cu.
271 923 439 960 Quomodo
451 924 484 955 id
495 925 540 955 ais
555 925 565 955 ?
582 925 718 956 Arnen.
733 925 780 955 Ea
790 924 911 955 ratione
924 923 999 954 mihi
1009 922 1114 954 dicere
1123 922 1244 959 videor,
1258 932 1321 963 qua
1331 921 1481 952 facillime
1488 920 1543 951 Dii
1557 930 1653 950 cune-

179 977 223 1008 tis
253 979 455 1019 provideant.
477 990 550 1010 narn
564 980 590 1011 si
606 980 674 1021 quis
689 980 729 1010 ad
742 984 841 1010 totum
854 988 980 1019 semper
994 977 1166 1019 respiciens
1178 977 1270 1018 fingit
1283 986 1430 1018 quaeque,
1446 980 1479 1006 et
1491 973 1532 1005 ad
1547 975 1650 1015 ipsum

183 1032 292 1063 omnia
320 1033 534 1074 transfigurat,
558 1040 595 1065 ut
622 1045 659 1065 ex
689 1035 764 1075 igne
780 1044 894 1075 aquam
911 1033 1092 1069 animatam,
1115 1042 1176 1063 nec
1190 1031 1291 1062 multa
1306 1030 1397 1062 simul
1413 1040 1451 1061 ex
1465 1039 1530 1060 uno
1546 1029 1596 1059 vel
1614 1039 1654 1059 ex

183 1086 294 1117 multis
308 1097 416 1124 unum,
432 1089 544 1129 primae
559 1094 615 1119 aut
629 1088 776 1119 secundae
793 1094 850 1119 aut
874 1087 972 1129 [904]
998 1088 1096 1118 tertiae
1107 1086 1315 1128 generationis
1327 1083 1561 1126 participantia,
1576 1082 1656 1113 mul-

179 1139 315 1172 titudine
331 1141 455 1172 infinita
470 1143 652 1184 transpositi
668 1142 763 1184 hujus
778 1149 904 1173 ornatus
919 1146 1022 1173 erunt.
1036 1151 1122 1172 nunc
1138 1145 1242 1171 autem
1266 1139 1344 1170 mira
1362 1139 1500 1170 facilitas
1525 1138 1559 1169 in
1583 1137 1654 1178 ejus

181 1204 280 1236 opere
296 1201 356 1232 est,
368 1196 423 1237 qui
437 1197 494 1227 toti
510 1197 666 1238 providet.
704 1197 782 1228 Cnr.
797 1196 870 1233 Quo
888 1201 981 1238 pacto
995 1195 1029 1227 id
1042 1206 1146 1227 rursus
1161 1195 1208 1225 ais
1226 1195 1237 1224 ?
1275 1193 1414 1224 Amen.
1428 1193 1492 1224 Ita.
1506 1192 1653 1234 quoniam

179 1258 233 1280 rex
247 1250 390 1281 actiones
401 1251 563 1282 hominum
579 1262 689 1282 ornnes
704 1251 858 1282 animatas
873 1261 941 1281 esse
956 1250 1130 1292 perspexit,
1144 1249 1340 1289 multamque
1353 1248 1438 1289 ipsas
1455 1248 1488 1278 in
1504 1257 1538 1278 se
1554 1247 1655 1277 virtu-

178 1308 256 1345 tem,
286 1305 416 1336 multam
439 1306 535 1336 etiam
561 1306 750 1347 pravitatem
778 1305 914 1344 habere3
937 1304 1062 1347 quodve
1086 1304 1205 1335 factum
1229 1309 1289 1340 est,
1311 1302 1450 1333 animam
1473 1307 1506 1332 et
1526 1311 1655 1342 corpus,

182 1357 397 1398 perditionem
417 1370 483 1390 non
507 1361 586 1402 pati,
608 1371 715 1402 neque
738 1366 845 1391 tamen
869 1365 1023 1390 aeternum
1047 1369 1131 1393 esse,
1154 1368 1218 1399 qua
1240 1358 1312 1398 lege
1336 1356 1394 1387 Dii
1416 1361 1512 1387 sunt:
1537 1365 1609 1386 nam
1627 1357 1656 1388 si

180 1412 372 1444 alterutrum
384 1414 494 1445 horum
505 1415 708 1456 perderetur,
721 1415 824 1446 omnis
840 1419 981 1445 cessaret
994 1412 1180 1444 animalium
1193 1411 1356 1453 generatio
1370 1422 1376 1440 :
1401 1415 1558 1452 praeterea
1571 1409 1657 1451 quod

180 1465 285 1508 ipsius
300 1468 414 1505 animae
429 1469 548 1500 bonum
564 1475 616 1500 est
625 1469 750 1511 juvare,
768 1469 855 1510 quod
866 1468 994 1504 malum,
1007 1472 1119 1499 contra
1133 1477 1248 1498 nocere
1268 1478 1275 1496 ι
1299 1467 1378 1503 haec,
1393 1465 1535 1507 inquam,
1552 1465 1658 1495 omnia

183 1523 333 1563 quoniam
358 1523 531 1565 perspexit,
563 1524 681 1555 iccirco
709 1523 914 1565 excogitavit,
938 1523 993 1554 ubi
1009 1532 1083 1564 pars
1098 1532 1232 1563 quaeque
1248 1520 1361 1556 locata,
1377 1519 1524 1557 maxime,
1538 1518 1657 1560 optime

183 1576 398 1619 facillimeque
424 1578 535 1609 virtuti
564 1578 741 1615 victoriam,
766 1578 845 1608 vitio
873 1587 959 1614 vero,
982 1587 1023 1607 ne
1048 1576 1166 1612 vincat,
1183 1575 1444 1617 impedimentum
1460 1573 1494 1604 in
1509 1573 1659 1604 universo

186 1631 327 1672 praebere
339 1632 453 1673 possit.
469 1633 637 1663 adinvenit
651 1633 750 1673 igitur
763 1632 803 1663 ad
817 1631 998 1663 universum
1014 1631 1085 1666 hoc,
1101 1630 1194 1671 quale
1208 1629 1326 1660 factum
1342 1628 1516 1670 quodlibet,
1533 1628 1657 1669 qualem

185 1685 297 1716 sedem
323 1686 626 1728 habitationemque,
652 1692 686 1717 et
706 1686 813 1728 qualia
834 1687 905 1717 loca
929 1685 1036 1716 sortiri
1048 1685 1173 1715 debeat.
1197 1694 1308 1716 causas
1319 1693 1395 1714 vero
1408 1682 1482 1713 talis
1496 1681 1658 1724 cujusdam

183 1744 241 1769 aut
255 1739 329 1770 talis
342 1740 495 1782 gignendi
508 1741 723 1772 voluntatibus
738 1740 858 1771 nostris
875 1740 1005 1771 dimisit.
1027 1740 1207 1781 ubicunque
1220 1738 1303 1769 enirn
1320 1737 1391 1780 quis
1405 1737 1524 1779 cupiat,
1541 1737 1662 1778 qualis-

186 1803 250 1835 que
265 1794 389 1826 animus
405 1795 457 1831 sit,
472 1795 517 1826 ibi
529 1795 628 1826 ferme
643 1805 769 1837 semper
783 1794 904 1825 habitat
918 1799 951 1825 et
964 1794 1038 1824 talis
1062 1793 1098 1823 fit
1119 1799 1153 1824 ut
1175 1793 1355 1834 plurimum.
1399 1791 1476 1824 Crr.
1500 1791 1660 1832 Congrue.

185 1847 328 1881 ATHEN.
352 1850 561 1892 Quaecunque
580 1850 676 1892 igitur
691 1850 826 1881 animam
841 1849 970 1885 habent,
984 1853 1254 1880 transmutantur:
1280 1847 1397 1888 quippe
1413 1857 1485 1877 cum
1500 1851 1659 1876 transmu-

186 1902 318 1933 tationis
342 1903 375 1934 in
403 1914 437 1934 se
461 1904 538 1946 ipsis
566 1915 696 1935 causam
718 1905 869 1935 habeant.
888 1907 1099 1934 transmutata
1121 1901 1294 1933 secundum
1319 1901 1464 1932 ordinem
1492 1900 1659 1941 legemque

186 1956 325 1988 fatorum
338 1958 495 1990 feruntur.
519 1963 551 1989 et
566 1969 636 2000 quae
652 1959 758 1989 minus
784 1963 968 2000 peccarunt,
984 1958 1089 1989 minus
1104 1957 1279 1998 profundae,
1296 1966 1332 1986 ac
1349 1955 1382 1986 in
1395 1955 1536 1996 regionis
1550 1964 1661 1996 super-

189 2010 260 2042 ficie
275 2017 452 2052 vagantur:
478 2023 549 2054 quae
565 2013 666 2054 magis
683 2018 778 2054 atque
794 2012 945 2053 atrocius,
960 2012 1114 2043 decidunt
1128 2011 1161 2041 in
1176 2010 1367 2052 profundum
1390 2014 1424 2040 et
1444 2010 1478 2040 in
1498 2009 1660 2050 regionem

189 2064 374 2096 inferiorem
390 2066 590 2104 delabuntur,
607 2077 701 2109 quam
716 2068 893 2098 Inferorum
909 2067 1060 2099 vocabulo
1071 2065 1290 2106 similibusque
1301 2064 1483 2095 nominibus
1498 2064 1665 2106 appellan-

189 2124 250 2157 tes,
265 2124 329 2151 tam
346 2120 486 2152 viventes
500 2132 594 2163 quam
609 2133 628 2153 a
643 2122 823 2164 corporibus
841 2121 948 2158 soluti,
964 2121 1122 2152 somniant
1135 2125 1230 2161 atque
1246 2119 1428 2150 formidant.
1453 2118 1556 2149 anima
1571 2128 1661 2155 vero,

188 2183 260 2215 quae
285 2174 416 2216 majoris
438 2176 563 2207 virtutis
587 2176 637 2207 vel
659 2176 730 2207 vitii
752 2186 882 2217 compos
903 2180 964 2217 est,
986 2175 1112 2217 quando
1136 2173 1265 2216 propria
1285 2174 1451 2204 voluntate
1473 2179 1508 2204 et
1537 2172 1662 2204 assidua

189 2228 420 2260 consuetudine
440 2230 657 2261 vehementius
680 2236 872 2272 permutata,
896 2230 1013 2261 divinae
1037 2229 1145 2260 virtuti
1168 2228 1311 2264 adhaesit,
1335 2228 1470 2269 talisque
1502 2226 1662 2268 praecipue

190 2281 276 2312 facta
299 2288 358 2319 est,
382 2284 416 2314 in
439 2285 544 2316 locum
568 2284 715 2316 similiter
737 2285 831 2326 longe
856 2285 1013 2316 meliorem
1038 2290 1246 2323 sanctumque
1269 2282 1472 2312 transfertur:
1497 2291 1568 2322 quae
1590 2290 1666 2311 vero

193 2337 350 2368 contrario
371 2338 466 2369 modo
500 2339 616 2370 affecta
647 2344 705 2376 est,
737 2340 770 2370 in
804 2339 995 2370 contrarium
1023 2338 1177 2369 translata
1203 2337 1302 2368 vitam
1330 2335 1452 2377 peragit
1477 2345 1575 2366 suam.
1605 2336 1666 2366 hoc

197 2390 352 2428 Deorum,
375 2392 430 2433 qui
452 2394 566 2424 coelum
581 2394 736 2430 habitant,
751 2405 770 2425 o
788 2405 865 2436 puer
879 2399 912 2424 et
926 2394 1124 2429 adolescens,
1139 2391 1194 2434 qui
1209 2401 1228 2422 a
1243 2391 1317 2421 Diis
1329 2389 1448 2431 negligi
1462 2395 1569 2431 put-cm,
1578 2389 1666 2431 judi-

194 2444 279 2476 cium
302 2451 364 2484 est,
387 2451 423 2475 ut
443 2446 498 2486 qui
523 2447 613 2487 pejor
629 2447 678 2483 sit,
695 2449 733 2478 ad
748 2447 886 2490 pejores,
903 2448 957 2489 qui
973 2446 1097 2483 melior,
1112 2447 1150 2477 ad
1167 2446 1310 2477 meliores
1325 2444 1456 2480 animas,
1472 2449 1538 2474 tam
1553 2442 1585 2472 in
1600 2441 1667 2472 vita

193 2509 287 2540 quam
302 2499 335 2529 in
351 2499 437 2530 omni
454 2506 553 2531 morte
570 2502 800 2542 proficiscatur,
814 2502 1017 2545 patiaturque
1034 2507 1067 2532 et
1082 2506 1166 2542 agat,
1183 2510 1254 2542 quae
1270 2509 1289 2530 a
1303 2499 1461 2529 similibus
1483 2497 1524 2528 ad
1546 2496 1666 2527 similes

193 2553 264 2584 fieri
280 2559 418 2595 oportet.
444 2553 540 2595 [905]
564 2565 660 2596 quare
675 2566 736 2586 nec
752 2561 790 2586 tu
802 2567 863 2587 nec
878 2557 961 2587 alius
977 2556 1062 2587 ullus
1077 2560 1170 2597 optet
1184 2553 1385 2595 confidatque
1399 2563 1433 2583 se
1449 2552 1528 2582 adeo
1539 2551 1666 2581 felicem

192 2607 273 2644 fore,
295 2613 333 2639 ut
352 2608 511 2649 judicium
535 2609 594 2640 hoc
619 2609 761 2641 Deorum
786 2610 919 2653 effugiat
934 2616 1030 2652 atque
1046 2614 1227 2651 exsuperet.
1251 2618 1326 2638 nam
1342 2607 1396 2648 qui
1413 2607 1471 2637 hoc
1484 2610 1669 2641 sanxerunt,

197 2661 319 2693 firmius
337 2673 430 2704 quam
445 2669 552 2694 cetera
567 2664 674 2695 omnia
690 2665 902 2702 stabilierunt,
918 2671 955 2696 ut
971 2664 1147 2697 cavendum
1170 2662 1298 2694 omnino
1322 2662 1374 2693 sit.
1398 2670 1562 2702 nunquam
1584 2660 1668 2690 enim

198 2716 238 2746 ab
261 2716 317 2747 illo
339 2717 524 2759 negligetis,
547 2728 608 2749 nec
634 2719 659 2749 si
675 2718 721 2749 ita
735 2729 850 2761 parvus
866 2720 920 2756 sis,
937 2725 972 2750 ut
990 2720 1024 2750 in
1039 2725 1130 2750 terrae
1147 2717 1341 2760 profundum
1351 2715 1551 2758 ingrediaris,
1567 2724 1627 2744 nec
1644 2712 1670 2743 si

197 2770 278 2801 adeo
292 2771 437 2802 sublimis
450 2772 518 2809 fias,
535 2778 570 2803 ut
584 2773 700 2814 pennis
715 2774 860 2805 elevatus
874 2774 908 2804 in
921 2774 1035 2805 coelum
1049 2773 1137 2804 voles
1152 2784 1158 2802 :
1184 2772 1240 2803 sed
1263 2770 1489 2802 convenientia
1511 2767 1670 2810 supplicia

201 2823 302 2860 dabis,
325 2825 391 2856 sive
415 2827 466 2858 hic
490 2837 633 2863 manenS,
657 2828 724 2858 sive
748 2827 789 2858 ad
810 2828 926 2859 inferos
947 2827 1120 2869 profectus.
1143 2826 1209 2857 sive
1233 2825 1273 2857 ad
1296 2825 1495 2856 remotiorem
1533 2823 1669 2862 aliquem

202 2877 515 2923 inaccessibilemque
529 2882 634 2914 locum
649 2883 828 2914 translatus.
851 2883 959 2914 eadem
976 2892 1102 2924 quoque
1118 2881 1157 2912 de
1174 2880 1238 2911 illis
1252 2880 1332 2911 ratio
1344 2879 1397 2916 sit,
1413 2887 1491 2919 quos
1506 2886 1562 2917 per
1582 2873 1670 2904 nefa-

202 2931 250 2964 ria
273 2934 393 2966 scelera
416 2945 454 2967 ex
477 2937 580 2978 parvis
603 2937 634 2968 in
659 2947 788 2978 magnos
812 2937 896 2969 viros
918 2936 1053 2970 evasisse
1071 2935 1216 2974 intuitus,
1233 2933 1352 2977 putasti
1366 2932 1405 2964 ad
1421 2930 1606 2963 felicitatem
1632 2937 1669 2957 ΘΧ
