1840 3225
174 209 268 260 115]
718 209 1039 249 ALCIBIADES
1071 209 1101 249 1.
1579 217 1629 253 47

172 311 322 353 quiddam
346 323 455 354 purum
482 312 775 354 immaculatumque
798 313 917 344 afferat.
963 311 1032 355 Ego
1058 317 1173 349 antem,
1190 315 1279 345 missa
1304 315 1421 346 faciens
1445 317 1543 358 [114]
1567 327 1628 347 ser-

172 366 272 397 monis
297 366 343 396 tui
369 367 531 407 praeludia,
558 366 759 397 nihilominus
786 367 1090 408 interrogabo‚unde
1117 368 1204 398 utilia
1229 368 1386 409 didiceris,
1411 374 1443 399 ct
1466 370 1535 410 quis
1562 381 1627 400 ma-

170 421 265 460 gister
289 421 403 452 fuerit:
428 425 459 452 et
487 419 604 461 reliqna
631 424 743 451 cuncta
770 430 839 461 quae
869 421 967 461 prius,
993 431 1055 451 una
1079 421 1321 462 interrogatione
1351 424 1513 463 requiram.
1564 423 1627 453 Ve-

174 479 337 505 runtamen
354 475 478 514 eodem,
493 479 529 504 ut
545 473 683 510 arbitror,
700 474 879 515 revolveris,
894 484 997 516 neque
1023 475 1186 505 ostendere
1212 476 1338 516 poteri-Q
1353 486 1413 516 qua
1437 477 1554 506 ratione
1570 477 1632 505 uti·

170 527 224 569 lia,
237 528 444 569 disciplinane
460 538 499 558 an
514 528 695 558 Inventione
709 528 903 568 cognoveris.
951 528 1087 565 Quando
1101 539 1171 559 vero
1191 529 1270 559 adeo
1293 530 1414 560 deliciis
1437 530 1564 560 deditus
1581 540 1626 565 οε,

169 586 204 611 ut
221 591 283 612 non
299 581 430 612 libenter
454 592 624 612 sermonem
651 582 786 612 eundem
813 586 990 623 gustaturus
1007 582 1130 613 videare
1145 593 1152 612 z
1177 583 1236 613 hoc
1260 583 1386 623 quidem
1401 583 1536 620 dimitto,
1554 594 1626 614 nos-

170 644 275 671 casne,
292 645 331 666 an
347 645 422 671 non,
438 635 513 676 quid
544 635 619 666 utile
643 635 759 677 quidve
782 634 893 665 inutile
915 635 955 665 sit
970 634 1226 666 Atheniensibus.
1270 635 1381 666 Utrum
1398 642 1501 667 autem
1517 638 1627 667 eadem

170 687 330 729 sintjusta
347 695 378 720 et
392 689 490 726 utilia,
507 700 546 720 an
565 689 697 726 diversa,
713 699 769 720 cur
785 700 847 719 non
864 690 1069 726 demonstras,
1086 694 1139 719 aut
1154 689 1221 730 ipse
1237 701 1284 720 me
1300 689 1503 731 interrogans,
1519 697 1553 720 nt
1570 702 1629 731 ego

170 746 212 781 te,
228 747 282 772 aut
296 743 322 773 si
338 743 452 784 placet,
466 755 520 784 per
536 751 565 774 te
582 743 696 784 ipsum,
713 748 767 773 tua
784 748 903 773 tantum
920 743 1059 773 oratione
1075 743 1272 774 discurrens?
1321 744 1382 776 At..
1406 744 1500 774 Haud
1517 745 1593 784 scio,
1607 756 1626 774 o

170 795 323 836 Socrates,
338 807 377 827 an
395 798 539 828 adversus
556 802 586 828 te
602 797 763 838 disputare
779 797 924 828 valerem.
970 797 1026 827 So.
1052 796 1105 837 At,
1122 808 1139 827 ο
1156 797 1238 827 bone
1254 797 1310 834 vir,
1327 797 1510 829 concionem
1528 808 1576 828 me
1593 798 1624 828 in

169 851 332 889 praesentia
355 851 545 892 populumve
572 862 639 882 esse
666 855 752 892 puta.
775 861 881 881 nonne
907 850 971 881 illic
999 854 1029 881 te
1056 850 1227 893 unicuique
1246 852 1429 892 persuadere
1445 851 1627 893 oportebit?

171 902 236 934 Ar..
261 903 440 944 Oportebit.
455 923 460 926 -
486 906 541 936 So.
565 905 682 936 Nonne
696 905 838 946 ejusdem
865 909 922 940 est,
938 915 1030 946 posse
1046 905 1101 935 uni
1115 915 1252 935 seorsum
1269 905 1386 946 aliquid
1403 906 1627 946 demonstrare,

170 967 228 988 nec
245 968 308 988 non
325 959 429 989 multis
445 959 533 990 simul
550 959 581 989 in
597 959 646 1001 iis,
660 969 730 1000 quae
746 959 931 1000 cognoscit?
955 959 1036 989 sicut
1063 959 1279 1000 grammaticus
1302 969 1397 989 unum
1414 960 1527 1001 pariter
1542 960 1573 990 in
1591 960 1627 990 li-

170 1011 241 1042 teris
257 1022 292 1042 ac
309 1012 421 1043 multos
431 1012 534 1043 erudit
548 1025 554 1042 :
581 1018 613 1043 et
628 1013 660 1043 in
676 1014 810 1043 numeris
827 1013 937 1043 eodem
954 1012 1047 1042 modo
1064 1012 1133 1052 quis
1149 1012 1266 1052 poterit
1280 1013 1334 1042 uni
1351 1023 1386 1043 ac
1403 1013 1507 1043 inultis
1522 1019 1626 1044 osten·

168 1065 265 1096 dere?
291 1065 356 1097 AL.
380 1066 483 1097 Certe.
506 1066 562 1098 So.
578 1066 639 1096 Hic
655 1070 758 1096 autem
771 1071 818 1096 est
828 1065 1062 1096 arithmeticus?
1089 1065 1152 1097 Ar..
1177 1065 1244 1097 Est.
1279 1067 1335 1097 So.
1360 1066 1401 1096 Et
1417 1072 1449 1097 tu
1466 1077 1539 1108 ergo
1556 1078 1626 1108 quae

169 1118 319 1158 pluribus,
330 1120 439 1151 eadem
453 1120 507 1150 uni
519 1120 702 1161 persuadere
718 1119 831 1160 potes?
879 1118 943 1149 AL.
968 1118 1221 1149 Consentaneum
1241 1124 1299 1151 est.
1344 1119 1399 1152 So.
1424 1120 1503 1151 Sunt
1523 1127 1628 1152 autem

170 1173 238 1204 haec
260 1173 420 1213 videlicet,
446 1184 516 1215 quae
546 1173 719 1214 cognoscis.
768 1172 834 1203 AL.
858 1172 1017 1203 Profecto.
1062 1172 1116 1205 So.
1141 1172 1211 1203 Hoc
1242 1183 1314 1203 vero
1345 1174 1497 1204 duntaxat
1525 1175 1630 1205 differt

169 1227 272 1257 rhetor
295 1227 349 1267 qui
374 1228 457 1268 apud
484 1227 636 1268 populum
660 1226 807 1267 loquitur,
823 1227 862 1256 ab
878 1237 916 1256 eo
940 1225 1040 1266 quiin
1058 1225 1239 1266 hujusmodi
1255 1237 1441 1267 congressu:
1467 1230 1551 1268 qnod
1576 1229 1630 1260 ille

167 1280 258 1311 simul
284 1280 446 1318 universis,
473 1281 524 1311 bic
550 1291 686 1312 seorsum
713 1280 842 1321 singulis
865 1280 1042 1320 persuadet.
1090 1279 1154 1310 AL.
1179 1279 1325 1311 Videtur.
1370 1281 1423 1312 So.
1448 1281 1529 1323 Age,
1556 1293 1627 1313 cum

167 1332 307 1374 ejusdem
324 1345 390 1365 esse
406 1340 567 1376 appareat,
585 1335 689 1365 multis
705 1340 799 1375 atque
815 1333 868 1364 uni
885 1334 1063 1369 ostendere,
1081 1333 1229 1364 meditare
1241 1344 1324 1365 nunc
1336 1344 1438 1365 coram
1456 1346 1517 1372 me,
1533 1341 1628 1377 atque

168 1388 297 1426 enitere,
314 1393 348 1419 ut
363 1389 510 1419 ostendas
526 1389 612 1426 mihi,
629 1389 714 1430 quod
726 1388 847 1429 justum
863 1393 921 1429 est,
936 1388 1106 1429 aliquando
1129 1398 1192 1417 non
1216 1389 1374 1429 prodesse.
1418 1388 1483 1420 Ar..
1508 1389 1629 1420 Contu-

168 1441 315 1473 meliosus
330 1453 375 1479 es,
391 1453 409 1473 o
426 1442 579 1475 Socrates.
624 1443 679 1474 So.
702 1442 798 1473 Nunc
814 1452 869 1483 per
884 1441 1104 1473 contumeliam
1121 1442 1385 1472 demonstraturus
1400 1453 1466 1473 sum
1483 1443 1539 1473 tibi
1553 1454 1629 1474 con-

166 1495 258 1526 traria
273 1506 391 1533 eorum,
407 1507 477 1538 quae
494 1502 525 1528 tu
543 1497 619 1528 mihi
632 1507 696 1527 non
711 1496 768 1527 vis.
812 1496 876 1527 AL.
901 1496 977 1527 Dic.
1021 1495 1077 1528 So.
1101 1494 1278 1537 Responde
1305 1497 1399 1526 modo
1416 1496 1630 1538 interroganti.

170 1549 236 1582 Ar..
260 1549 414 1581 Minime:
439 1552 494 1582 sed
507 1555 539 1582 tu
557 1552 623 1593 ipse
639 1552 737 1582 dicas.
785 1551 840 1581 So.
864 1550 980 1582 Nonne
996 1550 1041 1580 vis
1057 1560 1150 1591 qnam
1169 1549 1300 1581 maxime
1317 1551 1518 1591 persuaderi?
1563 1552 1630 1583 AL.

146 1641 151 1645 ξ
166 1602 306 1637 Prorsus.
351 1604 407 1636 So.
430 1605 464 1636 Si
481 1605 593 1637 dixeris
608 1606 674 1636 haec
690 1606 734 1636 ita
750 1616 782 1635 se
798 1605 925 1641 habere,
942 1615 982 1635 an
1009 1614 1073 1634 non
1099 1603 1158 1634 eris
1184 1603 1315 1634 maxime
1333 1605 1516 1644 persuasus?
1561 1605 1625 1638 Ar..

167 1657 253 1689 Mihi
278 1658 407 1700 quidem
433 1658 564 1690 videtur.
610 1659 665 1690 So.
690 1658 864 1699 Responde
889 1658 994 1699 igitur.
1018 1667 1091 1688 nam
1117 1656 1178 1687 nisi
1201 1667 1219 1687 a
1247 1663 1278 1688 te
1301 1658 1371 1698 ipso
1388 1658 1522 1688 audieris
1540 1658 1627 1699 justa

169 1711 274 1742 omnia
299 1712 389 1743 utilia
411 1723 490 1750 esse,
506 1713 594 1743 alteri
617 1713 735 1744 dicenti
758 1723 821 1743 non
845 1713 964 1743 credes.
1011 1711 1076 1742 AL.
1099 1710 1186 1743 Non.
1211 1712 1265 1742 sed
1287 1711 1353 1752 jam
1378 1713 1629 1753 respondendum

167 1770 224 1796 est.
247 1766 323 1797 nihil
350 1767 432 1797 enim
455 1767 631 1798 nociturum
653 1767 804 1798 existimo.
853 1766 908 1798 So.
933 1766 1032 1797 Vates
1056 1766 1195 1807 profecto
1219 1776 1263 1797 es.
1295 1765 1391 1806 [115]
1427 1777 1530 1797 verum
1554 1767 1627 1798 dic:

169 1819 328 1850 Justorum
353 1821 497 1861 quaedam
524 1821 664 1852 conferre
691 1821 812 1857 asseris,
835 1821 978 1861 quaedam
1010 1820 1158 1850 minime?
1203 1819 1268 1849 Ar..
1291 1819 1418 1850 Assero.
1464 1820 1519 1850 So.
1542 1821 1629 1857 Quid

169 1879 286 1915 autern,
300 1875 408 1905 horum
427 1875 536 1916 partim
553 1885 619 1905 esse
633 1875 772 1916 pulchra,
791 1874 899 1915 partim
912 1874 1040 1904 contra?
1064 1873 1129 1903 Ar..
1154 1873 1323 1909 Quomodo
1341 1873 1629 1914 istudinterrogas?

166 1928 223 1960 So.
241 1928 352 1959 Utrum
366 1929 521 1971 quispiam
538 1929 594 1959 tibi
606 1929 777 1970 aliquando
794 1928 877 1958 visus
890 1928 930 1958 sit
946 1927 1047 1969 turpia
1062 1927 1188 1968 quidem
1202 1925 1314 1962 facere,
1338 1927 1392 1957 sed
1405 1932 1506 1957 tamen
1520 1927 1627 1968 justa?

169 1981 234 2012 AL.
257 1981 341 2012 Mihi
357 1992 528 2023 nunquam.
562 1983 617 2014 So.
643 1982 759 2013 Omnia
773 1981 877 2023 itaque
889 1981 976 2022 justa
992 1980 1084 2012 etiam
1098 1980 1237 2022 pulchra.
1276 1980 1341 2011 AL.
1365 1980 1427 2011 Ita.
1464 1981 1520 2011 So.
1544 1980 1628 2011 Rur—

169 2046 219 2065 sus
245 2035 386 2077 pulchra‚
413 2042 515 2067 utrum
539 2036 644 2067 omnia
666 2037 762 2077 bona,
792 2046 832 2067 an
860 2036 970 2077 partim
997 2036 1092 2071 bona,
1117 2033 1228 2075 partim
1251 2034 1356 2064 mala?
1400 2034 1463 2065 AL.
1487 2033 1628 2066 Arbitror

169 2090 328 2130 equidem,
353 2101 372 2120 o
395 2091 550 2127 Socrates,
576 2090 728 2121 nonnulla
754 2101 791 2121 ex
816 2090 953 2131 pulchris
976 2089 1058 2120 mala
1082 2099 1159 2120 esse.
1203 2088 1260 2119 So.
1283 2087 1325 2118 Et
1354 2088 1457 2129 turpia
1485 2089 1628 2130 quaedam

167 2143 274 2174 bona?
321 2143 386 2175 AL.
412 2144 515 2176 Certe.
563 2145 619 2177 So.
643 2144 798 2186 Nunquid
823 2144 885 2175 tale
913 2144 1063 2186 quiddam
1089 2143 1177 2180 dicis,
1200 2142 1331 2183 perinde
1356 2153 1391 2172 ac
1416 2142 1442 2172 si
1471 2143 1627 2179 nonnulli,

167 2197 242 2227 dum
258 2197 288 2227 in
302 2198 410 2238 proelio
425 2199 525 2230 amico
543 2199 589 2229 vel
606 2199 784 2240 propinquo
800 2198 924 2229 cuidam
942 2209 1033 2239 opem
1049 2198 1127 2228 ferre
1147 2197 1274 2233 vellent,
1287 2196 1439 2226 vulnerati
1455 2196 1601 2238 perierint
1617 2209 1624 2227 z

167 2251 302 2291 quivero
319 2252 459 2283 debitum
475 2252 622 2283 auxilium
640 2263 703 2284 non
719 2252 943 2294 praestiterunt,
959 2252 1133 2283 incolumes
1146 2252 1219 2282 inde
1229 2250 1450 2282 discesserint?
1496 2251 1560 2281 At.
1584 2252 1626 2282 Et

166 2304 297 2336 maxime
313 2306 451 2346 quidem.
497 2306 552 2339 So.
575 2306 692 2337 Nonne
707 2307 856 2337 auxilium
872 2306 1053 2347 hujusmodi
1070 2306 1232 2347 pulchrum
1248 2305 1400 2347 appellas,
1414 2304 1467 2336 ubi
1484 2306 1553 2346 quis
1564 2315 1626 2336 ser-

164 2368 235 2389 vare
250 2365 392 2397 conatur,
409 2371 487 2401 quos
511 2361 697 2402 oportebat?
722 2370 821 2401 eaque
838 2359 990 2390 fortitudo
1015 2361 1082 2391 est?
1130 2359 1196 2390 AL.
1221 2360 1377 2391 Profecto.
1422 2360 1477 2390 So.
1501 2360 1623 2390 Malum

167 2423 238 2443 vero
254 2423 347 2444 vocas
362 2414 402 2444 ob
416 2413 560 2445 interitus
576 2425 611 2445 ac
627 2415 779 2445 vulnera?
826 2414 893 2445 AL.
918 2414 1021 2446 Voco.
1066 2414 1121 2445 So.
1146 2414 1197 2444 An
1220 2425 1283 2444 non
1299 2419 1346 2444 est
1361 2413 1446 2444 aliud
1463 2414 1627 2455 fortitudo,

166 2466 249 2496 aliud
278 2468 386 2497 mors?
434 2467 498 2499 AL.
522 2468 632 2500 Aliud.
679 2469 735 2500 So.
758 2468 834 2499 Non
859 2479 932 2510 ergo
960 2469 1132 2499 secundum
1162 2468 1245 2498 idem
1276 2468 1438 2508 pulchrum
1468 2467 1558 2498 simul
1588 2478 1625 2498 ac

169 2520 283 2550 malum
301 2526 358 2557 est,
383 2521 491 2551 amicis
507 2532 598 2562 opem
615 2522 713 2553 serre?
761 2521 826 2553 Ar..
851 2521 926 2552 Non
942 2521 1074 2552 videtur.
1120 2522 1175 2552 So.
1200 2520 1284 2551 Vide
1307 2521 1424 2561 itaque,
1439 2526 1540 2551 utrum
1564 2532 1626 2563 qua

164 2574 283 2604 ratione
297 2574 474 2615 pulchrum,
489 2575 583 2605 etiam
601 2575 716 2605 bonum
732 2575 783 2612 sit,
799 2576 1062 2618 quemadmodum
1084 2574 1117 2605 in
1140 2574 1190 2605 iis.
1213 2574 1384 2604 secundum
1410 2574 1623 2606 fortitudinem

163 2629 248 2658 enim
270 2629 416 2660 concedis
441 2628 604 2670 pulchrum
631 2640 697 2660 esse
725 2630 874 2660 auxilium
899 2630 988 2661 ferre.
1013 2630 1081 2671 ipsa
1105 2633 1208 2659 autem
1232 2628 1383 2659 fortitudo
1409 2628 1565 2660 bonumne
1582 2639 1621 2659 an

163 2681 302 2712 malum?
346 2682 398 2714 Sic
422 2693 492 2713 vero
520 2683 702 2714 considera:
728 2683 807 2714 Utra
834 2683 963 2724 eligeres
987 2683 1096 2713 adesse
1126 2682 1194 2722 tibi,
1224 2682 1308 2712 bona
1336 2691 1376 2711 an
1406 2681 1510 2713 mala?
1555 2682 1621 2713 Ar..

164 2735 267 2766 Bona.
310 2736 365 2767 So.
388 2736 505 2768 Nonne
522 2738 654 2768 maxima
669 2737 752 2768 bona
767 2739 896 2769 maxime
913 2743 1035 2768 notares
1051 2749 1058 2767 ε
1084 2747 1121 2767 ac
1147 2735 1275 2768 minime
1292 2736 1429 2767 omnium
1446 2737 1493 2767 his
1509 2738 1620 2778 privari

165 2789 283 2820 velles?
329 2789 392 2822 AL.
417 2790 560 2827 Quidni?
607 2792 658 2822 So.
685 2791 771 2829 Quid
788 2793 827 2822 de
851 2791 1035 2823 fortitudine
1057 2791 1161 2822 dicis?
1185 2795 1303 2831 quanto
1319 2789 1403 2820 illam
1419 2791 1520 2831 pretio
1536 2801 1623 2822 eom-

166 2845 322 2874 mutares?
369 2844 435 2876 AL.
460 2845 511 2876 Ne
540 2845 640 2876 vivere
663 2846 789 2887 quidem
817 2846 940 2882 vellem,
970 2846 994 2876 si
1019 2845 1144 2876 timidus
1166 2855 1278 2876 essem.
1323 2844 1378 2877 So,
1401 2844 1620 2876 Extremnmne

169 2896 282 2928 malum
299 2898 356 2928 tibi
374 2898 495 2930 videtur
509 2910 575 2931 esse
593 2899 766 2932 timiditas?
812 2900 877 2932 AL.
901 2900 984 2931 Mihi
1000 2910 1083 2932 vero.
1128 2899 1184 2932 So.
1210 2899 1315 2941 AEquc
1329 2909 1365 2930 ac
1383 2899 1469 2935 mori,
1487 2904 1519 2929 ut
1534 2898 1619 2929 vide-
