1840 3225
237 242 311 280 112
819 212 1085 277 PLATONIS
1399 238 1402 240 ·
1601 239 1701 290 [378

230 354 335 376 verum
351 353 428 386 quas
451 341 582 384 majores
605 340 759 383 appelleS,
774 350 971 381 nequaquam
999 340 1152 382 intelligo.
1197 341 1251 372 So.
1277 341 1364 379 Quas
1389 341 1547 373 Hesiodus
1573 348 1607 373 et
1629 340 1698 373 Ho-

232 409 333 430 merus
348 397 518 437 reliquique
535 395 638 436 poe'tae
655 394 853 435 scripserunt.
877 394 909 425 bi
937 405 1071 435 namque
1095 394 1274 426 hominibus
1289 395 1382 427 salsas
1407 395 1527 427 fabulas
1542 395 1698 432 effinxere,

230 463 300 494 quae
317 451 458 493 quotidie
473 449 739 481 circumferuntur.
785 448 868 481 Am.
893 448 979 486 Quas
1002 449 1123 480 fabulas
1139 449 1242 482 dicis?
1267 450 1383 491 quidve
1399 450 1430 480 in
1453 450 1530 491 ipsis
1543 450 1693 480 damnas?

230 507 286 538 So.
311 506 405 543 Quod
422 509 454 535 et
469 505 567 545 primo
589 509 621 534 et
646 502 777 534 maxime
804 503 944 534 damnari
969 509 1104 545 oportet,
1121 503 1288 545 praesertim
1316 515 1384 537 curn
1413 503 1525 546 aliquis
1538 514 1604 535 non
1619 504 1699 536 bene

232 560 390 591 mentitur.
433 558 515 589 Aur.
540 557 626 594 Quid
652 556 760 588 istud?
806 557 862 588 So.
885 557 1022 594 Quando
1044 557 1112 598 quis
1129 557 1230 588 verbis
1255 557 1334 589 male
1349 558 1451 600 fingit,
1465 558 1575 600 quales
1595 557 1651 588 Dii
1667 563 1700 589 et

230 613 342 645 heroe's
367 612 450 643 sint:
476 611 572 642 instar
598 611 725 653 pictoris
749 611 836 642 nulla
861 622 898 642 ex
925 616 1012 652 parte
1038 612 1150 642 similia
1175 612 1336 654 figurantis
1361 613 1400 642 ad
1426 622 1475 648 ea,
1491 622 1561 653 quae
1583 612 1699 643 imitari

229 672 370 699 conatur.
414 666 495 697 Am.
519 665 618 707 Atqui
642 665 715 696 talia
732 665 840 696 merito
863 665 1088 706 vituperantur.
1111 676 1216 696 verum
1243 667 1401 708 quomodo
1422 666 1556 698 dicimus
1569 671 1603 697 et
1626 676 1698 708 quae

229 722 314 762 apud
331 731 384 752 eos
399 721 473 751 talia
488 719 679 761 reperimus?
725 719 779 750 So.
803 719 942 749 Primum
968 719 1093 760 quidem
1109 724 1141 750 et
1158 719 1322 750 maximum
1338 724 1371 750 et
1391 720 1432 750 da
1447 719 1587 750 maximis
1607 720 1697 750 rebus

229 775 438 811 mendacium,
463 775 548 816 quod
573 784 636 804 non
661 773 757 815 probe
784 774 930 804 mentitus
955 778 1002 804 est
1026 773 1196 813 Hesiodus,
1222 774 1349 815 quando
1375 778 1463 814 gesta
1486 773 1540 804 illa
1566 784 1587 804 a
1607 772 1696 805 Coelo

228 829 330 869 fingit,
345 828 497 870 additque
511 828 772 869 quemadmodum
789 827 940 858 Saturnus
957 837 1026 857 eum
1043 827 1167 867 punivit
1181 839 1189 865 ;
1216 827 1315 870 [3⁷8]
1331 838 1441 869 quaeve
1464 827 1529 868 egit
1543 827 1696 858 Saturnus

227 887 379 919 recenset,
389 887 422 913 et
436 892 507 923 quae
521 892 539 912 a
553 882 618 912 filio
633 891 798 922 perpessus
813 886 871 911 est.
910 881 990 918 Quas
1006 881 1133 922 quidem
1149 881 1206 912 etsi
1223 892 1293 912 vera
1309 886 1424 919 essent,
1439 891 1501 912 non
1517 886 1621 912 tamen
1636 892 1697 922 pu·

227 943 323 967 tarem
338 942 400 966 tam
414 940 519 977 aperte
532 936 570 966 ad
586 936 727 965 homines
741 935 852 965 mentis
864 935 975 976 inopes
987 935 1267 976 adolescentesque
1280 935 1478 976 proferenda,
1489 935 1545 965 sed
1561 935 1696 966 tacenda

226 991 342 1032 potius.
364 990 411 1020 sin
428 995 532 1020 autern
549 990 715 1020 necessitas
725 994 807 1019 esset
819 989 979 1030 loquendi,
995 989 1026 1019 in
1043 988 1162 1019 arcanis
1176 989 1335 1020 audienda
1349 989 1472 1030 paucis,
1485 999 1548 1019 non
1565 999 1693 1030 porcum
1735 1022 1747 1029 ,

224 1043 481 1083 sacrificantibus,
497 1044 551 1074 sed
579 1043 745 1084 pretiosam
769 1043 926 1084 quandam
953 1053 1113 1084 raramque
1135 1043 1306 1078 victimam,
1323 1048 1357 1073 ut
1381 1053 1474 1084 quam
1490 1042 1694 1084 paucissimos

223 1098 330 1128 audire
346 1098 518 1138 contingat.
563 1098 647 1127 Am.
670 1097 817 1127 Profecto
841 1097 910 1127 duri
935 1102 1007 1127 sunt
1030 1084 1061 1127 hi
1086 1107 1253 1128 sermones.
1298 1097 1355 1128 So.
1377 1096 1492 1138 Neque
1517 1096 1657 1133 dicendi,
1674 1107 1693 1127 ο

223 1151 405 1188 Adimante‚
420 1151 453 1181 in
477 1151 603 1182 civitate
619 1155 734 1182 nostra.
758 1161 861 1192 neque
882 1151 1051 1182 dicendum
1071 1150 1183 1192 juveni
1207 1150 1360 1187 audienti,
1377 1152 1474 1192 quod,
1491 1150 1546 1192 qui
1559 1149 1693 1191 iniquisa

223 1206 300 1236 sima
323 1206 461 1235 facinora
485 1209 655 1246 perpetrat,
679 1203 756 1235 nihil
783 1205 890 1234 mirum
913 1204 1108 1235 committat:
1133 1210 1188 1235 aut
1211 1204 1266 1246 qui
1282 1210 1465 1246 peccantem
1481 1209 1601 1246 patrem
1616 1213 1692 1245 sup-

221 1259 318 1300 plicio
346 1259 452 1295 afficit,
482 1269 546 1289 non
572 1258 701 1288 multum
729 1258 968 1299 praevaricetur:
1009 1257 1103 1288 immo
1132 1257 1238 1294 faciat,
1267 1258 1353 1299 quod
1382 1257 1473 1299 primi
1504 1257 1692 1299 maximique

218 1313 359 1343 Deorum
387 1313 535 1344 efficiunt.
581 1313 664 1342 Am.
687 1311 763 1342 Non
791 1321 845 1352 per
869 1311 1006 1351 Jovem3
1032 1322 1102 1341 nam
1129 1322 1231 1352 neque
1258 1312 1335 1342 mihi
1351 1311 1478 1353 quidem
1505 1311 1600 1352 digna
1622 1312 1692 1342 haec

219 1366 376 1407 videntur,
392 1377 462 1407 quae
485 1366 641 1396 dicantur.
664 1376 766 1406 neque
789 1365 932 1406 omnino,
949 1366 1032 1406 quod
1061 1377 1131 1397 cum
1156 1365 1228 1396 Diis
1251 1365 1309 1396 Dii
1339 1366 1452 1396 bellurn
1478 1370 1598 1407 gerant,
1612 1366 1689 1396 insi·

219 1421 344 1452 dientur
357 1425 390 1450 et
406 1425 559 1461 pugnent.
581 1430 684 1460 neque
707 1420 790 1450 enim
812 1430 882 1450 vera
899 1430 906 1450 :
931 1420 1084 1460 siquidem
1101 1425 1226 1461 oportet
1239 1419 1358 1450 futuros
1382 1420 1466 1460 apud
1483 1429 1540 1449 nos
1554 1418 1691 1450 civitatis

218 1475 364 1506 custodes
390 1479 479 1516 turpe
506 1478 614 1515 putare
643 1474 723 1504 inter
747 1484 780 1504 se
805 1473 940 1504 invicem
966 1473 1128 1505 dissidere.
1153 1484 1246 1514 quare
1272 1484 1331 1505 nec
1356 1473 1420 1504 ullo
1444 1478 1537 1514 pacto
1561 1482 1688 1503 narrau-

217 1529 292 1559 dum
318 1528 379 1559 illis
406 1528 566 1569 gigantum
592 1528 720 1565 bellum,
736 1527 883 1569 proeliave
909 1528 1061 1569 permulta
1086 1527 1224 1558 Deorum
1251 1534 1283 1558 et
1308 1528 1436 1558 heroum
1457 1527 1600 1568 cognatis
1623 1527 1689 1557 suis

217 1582 426 1623 proximisque
440 1581 579 1612 indicta:
604 1581 671 1617 scd,
688 1581 714 1612 si
742 1592 804 1621 quo
832 1587 925 1622 pacto
954 1581 1128 1622 persuasuri
1155 1592 1260 1612 smnus
1287 1581 1406 1612 nullum
1433 1592 1570 1622 unquam
1585 1582 1686 1612 civem

216 1635 276 1667 civi
292 1636 485 1667 adversatum
501 1645 579 1671 esse,
596 1645 698 1676 neque
714 1645 780 1666 esse
802 1636 860 1666 hoc
877 1641 1031 1675 sanctum,
1047 1635 1121 1665 talia
1136 1636 1279 1676 quaedam
1295 1635 1401 1677 potius
1418 1642 1450 1666 et
1465 1635 1569 1676 pueris
1583 1635 1686 1665 statim

217 1696 250 1722 et
264 1690 514 1721 adolescentibus
541 1699 558 1719 a
586 1689 757 1719 senioribus
773 1688 968 1729 articulisque
984 1689 1138 1719 narranda
1152 1694 1237 1726 sunt,
1252 1689 1450 1730 cogendique
1476 1689 1580 1730 poetae
1597 1694 1630 1719 ut
1644 1689 1685 1719 ad

214 1746 282 1776 haec
298 1744 418 1784 fabulas
444 1754 514 1774 suas
535 1743 682 1784 dirigant.
706 1743 831 1773 vincula
858 1748 961 1774 autem
989 1742 1110 1774 ,Iunoni
1137 1753 1156 1773 a
1181 1743 1246 1773 filio
1270 1744 1380 1779 indita,
1398 1743 1686 1784 projectionemque

214 1798 350 1830 Vulcani
379 1808 396 1828 a
421 1803 520 1839 patre,
535 1807 605 1828 cum
633 1797 686 1828 ille
714 1797 803 1827 matri
830 1798 997 1827 verberatae
1026 1797 1190 1828 subvenire
1206 1797 1310 1834 vellet,
1326 1803 1381 1828 aut
1398 1786 1535 1828 Deorum
1553 1807 1686 1838 pugnas,

213 1858 417 1894 quotcunque
445 1852 600 1882 Homerus
627 1851 760 1892 scripsit,
790 1851 915 1882 minime
941 1851 972 1882 in
1005 1850 1160 1882 civitatem
1186 1852 1322 1892 recipere
1348 1852 1511 1887 debemus,
1535 1851 1600 1882 sive
1631 1862 1686 1892 per

215 1906 393 1948 allegoriam
411 1906 497 1936 dicta
511 1906 577 1936 liaec
593 1906 666 1941 sint,
683 1905 747 1935 sive
771 1905 837 1936 sine
853 1905 1010 1946 allegoria.
1035 1916 1097 1936 non
1122 1905 1205 1936 enim
1221 1905 1403 1936 adolescens
1419 1906 1486 1936 haec
1501 1906 1684 1946 dignoscere

216 1966 343 2002 potest3
366 1947 420 1991 scd
437 1970 507 2002 quae
523 1960 553 1990 in
571 1970 607 1990 ea
625 1965 715 1990 aetate
729 1959 929 2000 opinionibus
946 1959 1152 2000 accipiuntur,
1169 1959 1259 1990 altius
1275 1960 1423 1990 inhaerere
1439 1959 1684 2001 difficillimeque

215 2014 365 2046 eradicari
391 2019 628 2045 consueverunt.
674 2014 814 2050 Quorum
843 2013 920 2044 forte
949 2014 1046 2054 gratia
1078 2014 1182 2044 danda
1211 2014 1338 2044 omnino
1364 2020 1411 2044 est
1437 2023 1544 2055 opera,
1571 2018 1606 2044 ut
1634 2014 1682 2043 lrae

215 2067 349 2104 sabellae,
366 2077 442 2108 quas
468 2067 579 2108 primas
605 2067 746 2104 audient,
763 2067 881 2107 optime
903 2067 1052 2097 institutze
1078 2068 1117 2097 ad
1144 2067 1288 2097 virtutem
1315 2067 1388 2098 sint.
1431 2066 1514 2098 Am.
1539 2066 1613 2098 Non
1636 2071 1684 2097 est

215 2120 322 2162 procul
339 2131 357 2151 a
372 2121 502 2158 ratione,
518 2121 602 2162 quod
632 2121 722 2151 dicis.
745 2131 851 2151 verum
877 2120 900 2150 si
925 2120 993 2162 quis
1019 2120 1196 2161 interroget,
1213 2121 1261 2150 hae
1288 2130 1359 2161 quae
1375 2120 1438 2151 sint
1460 2127 1492 2151 et
1506 2120 1683 2162 cujusmodi

214 2174 340 2214 fabulae,
356 2173 505 2215 quidnam
523 2175 686 2205 dicemus?
724 2174 780 2204 So.
804 2173 833 2204 O
852 2173 1033 2212 Adimante‚
1048 2174 1151 2215 poetae
1167 2174 1293 2214 quidem
1309 2184 1366 2204 nos
1383 2173 1481 2216 [3⁷9]
1499 2174 1530 2205 in
1547 2184 1682 2216 praesen-

213 2229 256 2258 tia
273 2238 374 2269 neque
401 2239 460 2269 ego
486 2239 588 2269 neque
613 2234 644 2258 tu
670 2238 785 2265 sumus,
801 2228 854 2290 5Ῐά
881 2228 1015 2258 civitatis
1036 2228 1239 2258 institutores.
1263 2229 1319 2257 hos
1333 2233 1436 2258 autem
1453 2238 1542 2259 nosse
1557 2234 1683 2269 oportet

216 2282 339 2322 figuras,
355 2282 385 2312 in
402 2283 514 2323 quibus
528 2282 642 2323 fingere
660 2282 764 2322 poetae
779 2281 899 2312 faoulas
914 2282 1051 2312 debeant
1066 2293 1072 2311 :
1099 2292 1175 2322 quas
1190 2281 1213 2312 si
1230 2281 1427 2317 excesserint,
1442 2282 1556 2312 fabulae
1572 2281 1683 2322 hujus-

217 2335 302 2366 modi
319 2336 521 2367 admittendae
537 2347 600 2366 non
626 2341 698 2366 sunt
716 2348 723 2366 z
749 2346 851 2376 neque
868 2341 971 2366 tamen
999 2335 1038 2365 ad
1053 2335 1188 2366 civitatis
1202 2334 1396 2366 institutores
1413 2336 1547 2376 pertinet
1559 2335 1682 2366 fabulas

216 2389 342 2430 fingere.
388 2389 471 2421 Am.
495 2389 596 2420 Recte
619 2390 764 2431 loqueris.
788 2390 841 2420 sed
867 2390 926 2420 lroc
943 2389 1017 2419 mihi
1033 2389 1167 2424 declara,
1183 2388 1290 2429 quales
1315 2389 1380 2419 istae
1394 2389 1476 2420 circa
1492 2389 1681 2430 theologiam

215 2442 344 2484 figuroe?
389 2444 444 2475 So.
466 2443 558 2474 Tales
573 2445 716 2484 quaedam
733 2455 739 2473 τ
765 2444 864 2485 qualis
888 2444 954 2484 ipse
979 2442 1066 2473 Deus
1090 2448 1148 2479 est,
1165 2442 1234 2472 talis
1250 2453 1372 2483 semper
1385 2448 1433 2473 est
1446 2443 1682 2478 describendus,

214 2497 279 2527 sive
304 2497 492 2528 carminibus
517 2498 707 2529 describatur
731 2498 795 2528 sive
822 2498 965 2529 cantibus
991 2497 1056 2527 sive
1082 2496 1173 2527 etiam
1191 2497 1351 2537 tragoedia.
1396 2497 1478 2528 Am.
1502 2496 1553 2528 Ita
1575 2498 1680 2529 decet.

215 2549 269 2581 So.
294 2550 409 2581 Nonne
427 2552 526 2582 bonus
547 2557 580 2582 et
601 2551 669 2592 ipse
693 2550 781 2582 Deus
804 2556 852 2582 est
873 2556 906 2581 et
927 2551 970 2581 ita
984 2550 1179 2581 dicendum?
1223 2550 1305 2581 Am.
1329 2550 1443 2582 Procul
1470 2550 1580 2582 dubio.
1623 2551 1678 2583 So.

218 2603 316 2644 Atqui
334 2605 452 2634 nullum
470 2605 583 2635 bonum
600 2605 726 2635 noxium
743 2611 800 2636 est.
842 2604 923 2636 Ani.
940 2603 1083 2640 Nullum,
1100 2609 1133 2634 ut
1148 2604 1288 2636 arbitror.
1331 2604 1387 2636 So.
1405 2604 1500 2641 Quod
1518 2604 1678 2635 innoxium

215 2662 273 2694 est,
290 2659 432 2699 nunquid
459 2660 575 2689 nocet?
625 2659 705 2690 Aur.
730 2659 948 2701 Nequaquam.
994 2658 1050 2689 So.
1074 2658 1169 2695 Quod
1197 2669 1260 2688 non
1286 2664 1391 2694 nocet,
1405 2657 1548 2699 'nunquid
1566 2658 1679 2689 malum

210 2709 288 2741 facit
303 2711 314 2741 ?
360 2711 444 2742 Aur.
467 2711 580 2753 Neque
597 2713 677 2744 istud
701 2714 840 2755 quidem.
884 2713 940 2744 So.
964 2713 1057 2749 Quod
1075 2718 1176 2743 autem
1194 2712 1271 2742 nihil
1288 2712 1359 2743 mali
1374 2711 1460 2748 facit,
1475 2712 1592 2744 nullius
1606 2712 1680 2744 mali

213 2769 261 2795 est
289 2766 406 2796 causa?
466 2765 548 2796 Am.
573 2766 707 2799 Nullius.
752 2767 804 2798 So.
832 2766 925 2802 Item,
955 2776 1060 2797 nonne
1089 2766 1289 2797 conducibile
1318 2766 1433 2796 bonum
1462 2767 1536 2797 est?
1594 2767 1678 2798 Am.

216 2819 355 2851 Prorsus.
401 2820 455 2851 So.
486 2820 567 2861 Ergo
595 2821 673 2852 bene
701 2821 894 2862 feliciterque
923 2821 1036 2862 agendi
1064 2831 1158 2851 causa
1185 2826 1245 2852 est.
1290 2820 1372 2850 Am.
1404 2819 1472 2850 Est.
1514 2819 1570 2852 So.
1601 2820 1676 2852 Non

215 2873 309 2914 igitur
334 2873 472 2904 onmium
499 2884 591 2907 causa
615 2875 731 2906 bonum
755 2881 815 2915 est,
831 2875 885 2906 sed
911 2885 1028 2915 eorum,
1043 2885 1113 2916 quae
1141 2876 1219 2905 bene
1235 2884 1266 2904 se
1290 2874 1417 2910 habent,
1433 2883 1548 2912 cauam
1569 2884 1677 2906 eorum

217 2938 298 2963 vero,
316 2938 385 2969 qua?
403 2928 490 2963 male.
508 2937 714 2969 nequaquam.
763 2930 841 2960 Am.
865 2928 916 2959 Sic
943 2935 988 2959 est
1012 2929 1149 2959 crimino.
1194 2929 1249 2960 So.
1273 2928 1347 2958 Nou
1374 2928 1466 2969 igitur
1489 2927 1590 2969 Deus,
1604 2938 1676 2959 cnm
