1840 3225
254 244 302 279 72
861 241 1125 281 PLATOle
1618 244 1717 296 [289

250 345 334 376 le‘.
358 345 494 376 Putasne
510 344 595 374 illum
614 348 642 374 te
659 345 882 385 reprehendere
897 345 1025 376 ulterius
1041 355 1198 384 ausurum,
1214 345 1300 386 quasi
1314 355 1377 376 non
1391 345 1551 386 pulchrum
1565 346 1616 384 sit,
1630 347 1716 388 quod

250 398 354 430 dicis?
379 398 437 433 vel,
462 398 485 428 si
510 398 588 428 forte
611 408 703 429 ausus
719 398 823 439 suerit,
845 410 907 430 non
924 399 963 429 ab
987 399 1132 429 erunibus
1156 399 1275 429 irrisum
1292 399 1350 430 iri?
1395 400 1454 431 So.·
1475 400 1571 437 Quod
1587 400 1716 442 quidem

248 452 390 489 audebit,
405 463 423 482 o
440 452 485 482 vir
501 452 639 489 mirifice,
654 457 738 483 certo
754 453 818 484 scio
835 465 841 482 ;
869 458 968 483 utrum
986 464 1057 484 vero
1073 464 1166 483 ausus
1183 453 1331 484 ridiculus
1347 464 1494 484 evasurus
1517 454 1568 491 sit,
1584 465 1632 485 res
1645 454 1716 495 ipsa

250 507 406 536 ostendet.
430 517 500 547 quae
523 511 626 537 tamen
650 506 700 537 ille
725 507 846 542 inferet,
870 507 928 537 tibi
952 507 1055 537 dicere
1071 507 1178 547 cupio.
1224 507 1306 538 Hrr‘.
1332 507 1394 538 Dic
1406 507 1486 548 jam.
1530 508 1587 539 So.
1610 508 1715 545 Quam

251 560 375 601 lepidus
399 571 442 597 es,
469 571 487 590 o
512 561 673 592 Socrates!
699 561 793 592 dicet.
829 561 963 592 Pulchra
979 572 1072 602 equa,
1091 572 1195 592 nonne
1219 561 1410 603 pulchrum?
1435 572 1529 603 quam
1544 561 1576 592 in
1591 561 1717 593 oraculo

250 614 339 645 Deus
354 615 420 655 ipse
434 615 583 645 laudavit.
608 615 694 652 Quid
712 615 750 645 ad
767 616 844 651 haec,
862 626 879 644 o
893 614 1036 655 Hippia?
1055 615 1212 655 pulchram
1227 625 1338 656 equam
1354 625 1460 646 nonne
1474 614 1633 656 pulchram
1649 625 1717 646 esse

249 667 436 698 fatebimur?
460 679 531 700 nam
548 679 610 710 quo
629 674 731 710 pacto,
749 668 833 709 quod
859 668 1021 709 pulchrum
1037 673 1095 702 est,
1111 679 1178 698 esse
1194 668 1355 708 pulchrum
1379 667 1586 710 negabimus?
1632 667 1716 700 Hir.

250 721 333 752 Vera
349 732 463 760 narras,
480 733 498 753 o
513 722 654 753 Socrates
671 735 677 752 :
704 728 785 753 recte
801 722 921 763 quippe
939 721 1026 753 Deus
1042 722 1168 753 cecinit.
1193 722 1408 763 pulcherrima:
1425 722 1507 752 enim
1524 732 1613 763 equae
1629 722 1714 762 apud

248 786 306 806 nos
321 781 501 807 nascuntur.
523 777 577 808 So.
598 776 702 807 Addet
717 776 768 806 ille
781 781 851 817 post
862 776 928 807 haec
944 788 950 805 :
972 775 1056 817 Lyra
1070 775 1211 816 pulchra,
1226 786 1331 807 nonne
1342 776 1529 817 pulchrum?
1553 775 1637 807 Hn’.
1652 775 1716 807 Ita.

249 828 306 861 So.
333 829 460 866 Qum-et
476 830 597 864 iterum,
617 831 705 871 (novi
721 831 803 860 enim
821 829 888 871 ejus
905 829 1038 869 morem)
1066 830 1094 860 O
1112 830 1157 860 vir
1184 830 1314 870 optime,
1330 830 1462 871 pulchra
1493 830 1567 865 olla,
1584 839 1625 860 an
1650 839 1714 859 non

249 884 434 925 pulchrum?
481 884 561 914 Hm.
585 885 635 914 Ha
651 885 803 920 Socrates,
820 883 887 925 quis
903 884 983 914 adeo
999 883 1084 914 rudis
1101 889 1160 923 est,
1179 889 1213 914 ut
1228 884 1259 913 in
1276 894 1307 913 re
1327 884 1403 914 seria
1423 888 1483 913 tam
1501 883 1575 913 vilia
1589 883 1718 913 nomina

249 938 401 968 misceat?
447 938 503 969 So.
527 939 611 969 Talis
626 939 677 969 ille
693 943 751 975 est,
768 949 786 968 o
803 937 936 978 Hippia.
959 948 1022 967 non
1039 937 1121 967 enim
1149 943 1294 978 comptus
1317 937 1554 978 jucundusque,
1570 938 1625 968 sed
1653 948 1716 968 sor-

248 992 351 1028 didus,
368 992 507 1034 nihilque
524 992 607 1023 aliud
627 997 737 1032 praeter
760 992 919 1022 veritatem
948 1001 1071 1021 curans.
1096 996 1233 1020 attamen
1260 991 1514 1031 respondendum
1540 990 1587 1020 illi
1610 995 1669 1027 est,
1684 996 1718 1022 et

247 1057 305 1086 ego
323 1046 484 1086 praesabor.
528 1046 558 1076 Si
577 1045 637 1075 olla
654 1056 671 1075 a
689 1046 770 1075 bono
788 1044 883 1084 figulo
901 1043 974 1073 ficta
999 1043 1039 1073 sit
1065 1044 1195 1084 :equalis
1221 1048 1254 1073 et
1281 1044 1428 1079 rotunda,
1445 1043 1582 1084 satisque
1609 1049 1714 1085 cocta,

249 1100 356 1140 quales
372 1105 445 1130 sunt
462 1099 531 1129 011ae
548 1099 690 1140 quredam
710 1098 854 1138 utrinque
870 1097 977 1127 auritae
1000 1102 1093 1137 atque
1121 1096 1326 1137 perpulchrae,
1343 1107 1414 1137 quae
1440 1107 1492 1128 sex
1517 1097 1640 1138 patinas
1664 1108 1718 1128 ca·

248 1152 340 1193 piunt
355 1164 362 1183 ι
387 1152 412 1183 si
428 1153 468 1183 de
485 1152 550 1187 tali,
568 1152 707 1193 inquam,
723 1151 783 1182 olla
800 1151 980 1190 interroget,
997 1150 1265 1190 respondendum,
1281 1151 1440 1191 pulchram
1457 1151 1613 1183 exsistere.
1639 1161 1718 1192 quo-

247 1207 341 1236 modo
370 1206 465 1242 enim,
482 1206 565 1246 quod
594 1205 757 1247 pulchrum
787 1209 845 1240 est,
862 1214 925 1234 non
954 1214 1021 1234 esse
1049 1204 1213 1244 pulchrum
1238 1205 1465 1236 assereremus?
1512 1205 1594 1236 Hu'.
1620 1204 1716 1237 Nullo

248 1265 352 1300 pacto,
369 1270 387 1289 o
403 1259 557 1290 Socrates.
601 1259 657 1289 So.
681 1258 732 1289 An
748 1268 811 1287 uon
828 1263 860 1288 et
875 1257 951 1293 ullo,
968 1258 1100 1298 rogabit,
1117 1257 1170 1287 ilia
1188 1258 1316 1298 pulchra
1334 1260 1522 1300 pulchrum?
1545 1261 1714 1302 responde,

248 1314 369 1344 amabo.
420 1313 498 1343 ΗΠ».
523 1313 573 1344 Sic
589 1323 656 1343 esse
671 1312 810 1342 arbitror.
836 1311 998 1352 pulchrum
1022 1321 1148 1352 quoque
1177 1322 1229 1342 vas
1254 1312 1312 1343 hoc
1340 1318 1398 1349 est,
1414 1323 1486 1344 cum
1514 1324 1551 1344 ex
1579 1319 1643 1344 arte
1669 1319 1718 1345 est

204 1392 207 1395 r
246 1368 368 1398 fictum:
395 1368 448 1397 sed
466 1373 564 1397 totum
582 1367 653 1402 hoc,
668 1367 691 1397 si
707 1377 776 1397 cum
795 1376 873 1407 equa
891 1371 923 1396 et
947 1366 1064 1406 virgine
1093 1366 1223 1406 aliisque
1251 1366 1401 1407 speciosis
1417 1367 1561 1398 omnibus
1587 1378 1716 1408 compa-

248 1427 341 1458 retur,
358 1422 408 1452 tali
425 1426 635 1462 cognomento
651 1421 816 1461 indignum
834 1425 889 1450 est.
935 1419 991 1450 So.
1016 1419 1076 1455 En,
1102 1419 1199 1461 [289]
1227 1420 1438 1461 Hippia‚jam
1468 1421 1620 1463 intelligo,
1637 1421 1715 1462 quid

249 1475 450 1516 interroganti
466 1475 522 1511 illi,
539 1475 593 1516 qui
610 1474 703 1516 petit,
718 1473 930 1514 objiciendum
955 1473 1016 1504 sit:
1043 1474 1071 1504 O
1090 1475 1144 1510 vir,
1161 1474 1296 1515 ignoras,
1314 1485 1405 1516 quam
1431 1475 1542 1506 scitum
1569 1475 1610 1506 sit
1635 1475 1716 1506 illud

250 1530 412 1566 Heracliti,
429 1530 664 1571 Speciosissinia
679 1528 834 1560 simiarum
858 1528 1004 1558 deformis
1030 1534 1089 1564 est,
1107 1539 1176 1559 cum
1203 1529 1264 1559 alio
1289 1540 1401 1570 genere
1425 1529 1604 1560 animalium
1630 1540 1717 1561 com-

251 1584 376 1624 parata?
393 1594 450 1615 nec
467 1595 529 1614 non
547 1584 678 1615 ollarum
694 1584 902 1625 pulcherrima
917 1583 1015 1624 turpis
1029 1589 1087 1620 est,
1103 1584 1126 1613 si
1143 1595 1213 1614 eum
1231 1584 1382 1625 virginum
1400 1595 1512 1625 genere
1527 1584 1717 1624 conferatur,

251 1643 284 1669 ut
301 1638 424 1679 sapiens
439 1638 753 1680 Hippiasjudicavit.
801 1637 917 1668 Nonne
931 1638 988 1678 sic,
1006 1637 1148 1679 Hippia?
1194 1637 1277 1668 Hir».
1302 1636 1402 1669 Recte
1430 1638 1562 1669 nimium
1586 1649 1718 1679 respon-

250 1692 335 1724 disti.
380 1693 435 1724 So.
460 1693 557 1724 Audi.
581 1693 730 1734 deinceps
746 1692 828 1722 enim
845 1691 909 1722 scio
925 1692 968 1722 sic
986 1691 1119 1722 inferet:
1168 1691 1254 1728 Quid
1279 1692 1304 1722 si
1331 1692 1401 1733 quis
1429 1702 1526 1733 genus
1550 1692 1717 1733 virginum,

251 1758 269 1777 ο
285 1747 438 1788 Socrates,
455 1758 524 1778 cum
542 1746 681 1778 Deorum
699 1757 811 1788 genere
826 1746 977 1782 conferat,
992 1757 1096 1776 nonne
1112 1747 1196 1776 idem
1215 1746 1362 1787 patietur,
1379 1747 1464 1787 quod
1482 1751 1514 1777 et
1530 1746 1592 1777 olla
1602 1746 1719 1777 collata

250 1811 320 1832 cunr
340 1792 480 1843 virgine?
503 1812 542 1832 an
560 1812 623 1832 non
640 1801 856 1832 formosissima
874 1801 1024 1841 virginum
1047 1800 1193 1830 deformis
1221 1811 1289 1830 esse
1313 1800 1492 1830 videbitur?
1516 1810 1622 1831 nonne
1649 1801 1718 1832 He·

250 1854 388 1891 raclitus,
409 1866 500 1897 quem
518 1861 549 1886 tu
566 1855 598 1886 in
616 1856 825 1886 testimonium
841 1855 1013 1890 adduxisti,
1029 1855 1088 1885 hoc
1104 1854 1188 1885 idem
1215 1855 1321 1890 tradit,
1340 1854 1496 1884 hominem
1521 1854 1642 1886 scilicet
1668 1865 1717 1885 sa·

250 1909 476 1949 pientissimum
493 1911 531 1940 ad
550 1909 654 1940 Deum
671 1909 789 1940 simiam
807 1918 967 1949 apparere,
983 1908 1086 1949 quoad
1102 1908 1286 1949 sapientiam
1303 1912 1334 1938 et
1351 1907 1478 1938 sormam
1506 1911 1539 1938 et
1563 1907 1625 1938 alia
1651 1918 1718 1938 om-

250 1963 327 1993 nia?
374 1963 611 2001 Confitebimur,
628 1963 763 2005 Hippia,
779 1963 1036 2004 speciosissimam
1055 1961 1218 2004 virginem,
1231 1973 1303 1994 cum
1320 1962 1461 1993 Deorum
1489 1972 1603 2003 genere
1630 1972 1717 1993 com·

251 2022 401 2058 paratam,
417 2028 483 2048 esse
499 2018 692 2048 deformem?
739 2018 820 2050 11112.
845 2017 924 2054 Quis
951 2017 1036 2052 huic,
1052 2017 1205 2058 Socrates,
1221 2016 1465 2048 contradixerit?
1507 2016 1565 2048 So.
1589 2016 1624 2047 Si
1650 2017 1718 2048 haec

250 2071 461 2108 admittamus,
477 2071 588 2102 ridebit
603 2071 698 2107 illico,
716 2077 748 2102 et
763 2071 793 2101 in
810 2072 893 2102 hunc
907 2071 1035 2100 modum
1053 2080 1101 2100 me
1130 2070 1239 2101 iterum
1267 2069 1471 2111 cornpellabit
1486 2081 1493 2100 ε
1519 2068 1718 2107 Recordaris,

252 2125 407 2162 Socrates,
423 2126 499 2166 quid
517 2125 721 2166 interrogatus
737 2125 852 2156 fueris?
900 2123 946 2154 At
961 2135 1040 2164 ego:
1067 2122 1229 2154 Recordor
1243 2124 1388 2165 equidem
1416 2134 1466 2154 me
1492 2123 1715 2164 interrogatum

254 2178 360 2214 fuisse,
377 2179 451 2220 quid
468 2179 569 2220 ipsum
588 2179 749 2219 pulchrum
777 2179 828 2210 sit.
872 2177 951 2208 Tum
979 2177 1030 2208 illc
1058 2177 1143 2208 dicet
1158 2188 1165 2207 :
1202 2176 1426 2218 Interrogatus,
1443 2177 1521 2218 quid
1552 2177 1715 2218 pulchrum

251 2232 301 2269 sit,
319 2233 499 2273 respondes,
516 2233 600 2274 quod
619 2243 680 2262 non
697 2233 795 2273 magis
815 2231 977 2273 pulchrum
1005 2241 1096 2271 quam
1127 2236 1217 2271 turpe
1245 2241 1311 2262 esse
1339 2230 1508 2272 contingit,
1525 2235 1559 2260 ut.
1586 2235 1618 2261 tu
1646 2231 1716 2272 ipse

250 2286 365 2318 fateris.
411 2286 461 2317 Ita
477 2287 572 2317 videri
587 2287 710 2317 dicam?
748 2286 823 2326 Dic,
839 2286 988 2327 quidnam
1005 2290 1050 2321 tu,
1067 2285 1178 2321 amice,
1195 2284 1270 2314 mihi
1288 2285 1540 2326 respondendum
1553 2285 1714 2316 consulis?

251 2340 333 2377 Hip.
355 2340 426 2372 Hoc
450 2341 565 2382 ipsum.
611 2341 665 2372 So.
690 2340 777 2377 Quin
805 2342 909 2376 etiam,
940 2339 1025 2380 quod
1053 2339 1092 2369 ad
1124 2339 1211 2369 Deos
1238 2349 1336 2380 genus
1363 2338 1524 2369 hominum
1549 2338 1714 2379 pulchrum

252 2394 379 2426 minime
408 2395 458 2430 sit,
485 2395 650 2426 concedet.
696 2395 751 2425 Sin
780 2400 882 2425 autem
911 2394 948 2424 ab
978 2393 1067 2423 initio
1096 2398 1138 2429 te,
1163 2393 1249 2423 dicet
1275 2393 1340 2428 ille,
1355 2402 1523 2433 rogassem,
1538 2392 1616 2434 quid
1646 2392 1717 2434 pul-

253 2449 359 2478 chrum
377 2454 528 2489 turpeque
545 2454 603 2485 est,
621 2455 650 2479 et
667 2454 700 2479 tu
719 2449 791 2478 mihi
809 2449 929 2483 eade-m,
946 2458 1016 2488 quae
1043 2447 1076 2477 iu
1103 2447 1279 2488 pra-sentia,
1295 2447 1521 2488 respondisses,
1536 2450 1620 2478 recte
1645 2445 1715 2488 qui-

252 2502 347 2532 dem?
372 2507 531 2543 praeterea,
547 2513 621 2533 num
639 2503 692 2533 tibi
709 2502 810 2543 ipsum
828 2501 1003 2543 pulchrum,
1019 2512 1080 2542 quo
1099 2501 1284 2531 decorantur
1307 2500 1413 2530 omnia
1439 2499 1631 2541 pulchraque
1658 2510 1717 2541 np-

254 2560 376 2596 parent,
391 2556 536 2596 quotiens
552 2556 603 2586 illa
629 2556 749 2597 species
776 2556 876 2594 adest,
891 2555 975 2595 virgo
1004 2554 1123 2584 videtur
1149 2565 1217 2584 esse
1245 2554 1292 2584 vel
1310 2563 1393 2594 equa
1418 2553 1468 2585 vel
1495 2553 1588 2595 lyra?
1632 2552 1716 2585 Hn'.

252 2609 285 2640 Si
316 2609 346 2638 id
378 2609 428 2639 ille
456 2610 643 2650 quaesiverit,
674 2611 827 2646 Socrates,
854 2609 1000 2640 facillime
1030 2607 1279 2649 respondebitur,
1311 2608 1387 2649 quid
1417 2607 1519 2648 ipsum
1550 2606 1716 2648 pulchrum

251 2663 301 2698 sit,
326 2672 389 2703 quo
419 2667 521 2693 cetera
549 2664 652 2694 omnia
676 2665 872 2699 decorantur,
900 2663 1028 2704 cujusve
1060 2662 1225 2703 praesentia
1258 2661 1389 2703 pulchra
1418 2660 1573 2692 videntur.
1618 2659 1717 2702 Inep-

249 2715 384 2746 tissimus
400 2726 512 2756 nempe
527 2717 619 2747 humo
646 2723 705 2754 est,
721 2717 860 2759 nihilque
887 2717 1039 2758 prmclarae
1069 2715 1251 2757 quaestionis
1283 2715 1417 2745 inducit.
1450 2714 1474 2745 si
1499 2714 1583 2745 enim
1610 2720 1644 2745 tu
1670 2714 1718 2746 illi

251 2769 458 2809 responderis,
475 2770 638 2810 pulchrum
656 2772 767 2812 ipsum,
784 2771 868 2813 quod
885 2771 1006 2812 quaerit,
1024 2770 1099 2800 nihil
1118 2771 1202 2800 aliud
1219 2780 1297 2807 esse,
1313 2779 1405 2811 quam
1423 2778 1543 2805 aurum,
1561 2768 1718 2799 htesitabit

252 2824 405 2865 profecto,
422 2834 523 2865 neque
539 2829 569 2854 te
585 2826 745 2856 confutare
773 2825 915 2856 tentabit.
951 2831 1073 2856 constat
1097 2825 1179 2855 enim
1207 2824 1292 2866 apud
1315 2833 1435 2859 omnes,
1452 2821 1629 2863 cuicunque
1655 2822 1716 2853 hoe

253 2877 354 2913 adest,
370 2876 443 2908 licet
459 2883 547 2918 turpe
564 2877 641 2912 illud
659 2884 750 2909 antea
767 2880 865 2910 visum
882 2878 984 2916 fuerit,
1003 2878 1164 2920 pulchrum
1182 2878 1281 2909 videri
1298 2887 1373 2908 auro
1400 2880 1613 2918 perornatum.
1657 2875 1715 2908 So.

252 2930 376 2968 Nescis,
394 2930 526 2973 Hippia,
541 2942 632 2973 qnam
652 2933 798 2964 molestus
817 2934 858 2963 vir
876 2933 927 2965 ille
944 2933 994 2972 sit,
1013 2943 1144 2975 quamve
1162 2932 1288 2964 difficile
1315 2930 1493 2964 dicentibus
1519 2928 1715 2962 assentiatur.
