1840 3225
227 186 306 224 274
831 183 1097 225 PLATONIS
1618 184 1691 236 [88

227 299 320 330 quain
338 289 377 320 de
395 290 482 321 malis
495 290 589 322 verba
604 290 719 321 facere.
747 299 838 322 omne
853 290 968 321 bonum
994 290 1177 331 pulchrum:
1196 288 1361 331 pulchrum
1378 298 1450 320 vero
1463 287 1532 319 sine
1546 295 1694 318 mensura.

228 349 262 373 et
270 345 484 377 moderatione
497 357 564 377 esse
580 355 645 376 non
655 350 771 386 potest.
793 345 929 386 ideoque
945 345 1072 380 animal,
1089 344 1171 385 quod
1187 344 1250 375 tale
1266 344 1405 374 futurum
1418 348 1478 379 est,
1492 339 1697 374 convenienti

230 408 375 429 mensura
389 400 585 431 moderatum
600 409 669 431 esse
683 404 817 441 oportet.
840 409 877 429 ex
894 409 998 429 eorum
1015 403 1120 429 autem
1134 408 1274 434 numero,
1286 408 1355 439 quae
1369 401 1617 428 commensurata
1628 405 1694 425 mo-

227 451 399 493 derataque
422 453 579 489 dicuntur,
597 454 709 495 exigua
734 453 879 494 quaedam
905 453 1114 494 persentimus
1136 461 1169 483 et
1185 452 1374 494 judicamus,
1391 451 1552 492 praecipua
1573 459 1646 479 vero
1661 453 1700 479 et

229 505 363 536 maxima
379 507 565 548 ignoramus.
580 518 670 549 porro
686 507 727 538 ad
741 507 855 538 bonam
867 512 899 538 et
911 507 1023 537 malam
1037 507 1264 542 valetudinem,
1275 507 1313 537 ad
1326 506 1455 536 virtutes
1469 511 1502 536 et
1514 502 1698 540 vitia,nulla

227 559 400 590 moderatio
415 559 464 590 vel
491 560 707 591 immoderatio
731 559 858 601 majoris
874 560 1034 596 momenti,
1051 570 1144 601 quam
1169 561 1284 590 animae
1299 560 1338 590 ad
1355 560 1458 601 ipsum
1486 568 1610 600 corpus,
1625 566 1698 587 esse

227 611 362 644 videtur.
391 614 501 644 horum
514 615 593 644 nihil
609 614 856 649 consideramus,
871 625 974 655 neque
991 614 1266 645 animadvertimus
1286 614 1381 655 quod,
1397 613 1522 655 quando
1536 612 1696 644 robustam

231 676 437 708 magnamque
449 668 584 699 animam
600 669 784 700 imbecillior
799 669 985 709 inferiorque
1000 669 1085 698 vehit
1096 669 1219 709 species
1232 668 1282 698 vel
1296 668 1421 709 quando
1435 674 1544 699 contra
1557 667 1616 697 ista
1624 666 1698 708 jun-

230 725 355 761 guntur,
364 729 466 752 totum
477 721 580 763 ipsum
590 723 706 753 animal
718 723 879 764 pulchrum
903 733 971 753 esse
990 733 1051 753 non
1064 727 1179 764 potest.
1192 723 1327 753 maxima
1334 722 1416 753 enim
1429 731 1575 753 mensura
1586 726 1619 751 et
1632 729 1699 750 mo-

230 774 397 807 deratione
412 782 508 807 caret.
532 777 617 817 quod
633 782 736 807 autem
754 782 862 807 contra
877 777 1024 807 affectum
1041 781 1100 812 est,
1116 777 1367 817 spectaculorum
1383 776 1523 807 omnium
1536 775 1578 811 ei,
1595 774 1650 816 qui
1664 773 1700 805 id

228 829 334 860 valeat
346 829 472 870 intueri,
484 831 729 871 pulcherrimum
744 831 1062 871 amabilissimumque
1076 837 1218 871 apparet.
1235 841 1346 871 corpus
1356 830 1494 872 quidem,
1510 829 1596 871 quod
1607 838 1701 871 gran-

230 882 371 914 dioribus
385 885 436 914 vel
451 884 658 926 inaequalibus
671 885 823 921 cruribus,
833 890 887 915 aut
899 895 963 926 quo
980 885 1089 915 visalio
1105 884 1235 915 modum
1250 884 1425 916 excedente
1438 884 1578 915 membro
1592 893 1701 914 secum

230 941 300 978 ipso
321 937 478 974 dissentit,
489 944 521 969 et
533 938 672 970 deforme
689 943 737 969 est
750 943 782 968 et
797 938 830 969 in
845 938 983 969 serendis
996 938 1153 969 laboribus
1176 943 1407 980 contorquetur,
1419 938 1558 973 vacillat,
1568 938 1701 968 lassatur

231 1000 263 1020 et
277 992 770 1034 concidit,innumerabiliumque
786 993 941 1023 malorum
955 992 1015 1023 sibi
1028 1003 1152 1024 causam
1165 992 1296 1033 praebet.
1320 992 1404 1023 idem
1417 1002 1542 1034 quoque
1553 990 1700 1034 judican-

232 1043 309 1075 dum
325 1045 364 1076 de
386 1056 424 1076 eo
440 1056 480 1076 ex
497 1046 602 1077 anima
618 1052 650 1077 et
670 1057 798 1088 corpore
815 1047 998 1088 composito,
1015 1046 1101 1088 quod
1115 1047 1232 1077 animal
1249 1047 1455 1089 appellamus.
1475 1046 1602 1088 quando
1617 1044 1702 1087 enim

231 1098 337 1130 anima
352 1110 480 1142 corpore
496 1100 665 1131 admodum
684 1101 841 1142 potentior
857 1110 915 1138 est,
933 1102 1068 1132 exsultat
1087 1101 1118 1131 in
1135 1112 1172 1132 eo
1189 1107 1284 1143 atque
1304 1101 1442 1137 effertur,
1459 1099 1534 1142 [88]
1551 1104 1585 1130 et
1604 1103 1704 1130 totum

230 1153 333 1193 ipsum
349 1154 535 1185 intrinsecus
551 1154 698 1196 quatiens
719 1155 899 1196 langoribus
913 1156 1034 1197 implet.
1057 1155 1183 1196 quando
1199 1156 1296 1187 etiam
1315 1156 1354 1186 ad
1372 1154 1559 1186 discendum
1572 1153 1704 1185 investi-

231 1206 432 1248 gandumque
447 1208 590 1239 collectis
604 1208 637 1238 in
653 1219 751 1248 unum
766 1209 882 1239 viribus
898 1210 1102 1240 vehementer
1121 1210 1285 1246 incumbit,
1301 1209 1462 1251 liquefacit
1476 1208 1621 1251 protinus
1635 1217 1704 1239 cor-

229 1271 290 1302 pus
306 1266 339 1292 et
354 1261 531 1295 labefactat.
559 1262 695 1304 denique
717 1274 789 1294 cum
804 1264 843 1294 ad
861 1263 1036 1294 docendum
1061 1264 1341 1305 disserendumque
1355 1264 1504 1306 privatim
1519 1268 1552 1294 et
1573 1261 1701 1304 publice

231 1315 397 1346 ambitiosa
419 1316 554 1357 quadam
582 1318 816 1349 concertatione
839 1318 1014 1354 contendit,
1031 1318 1203 1349 inflammat
1226 1329 1339 1360 corpus
1354 1325 1447 1360 atque
1461 1317 1601 1349 resolvit.
1621 1326 1703 1347 non-

229 1378 390 1410 nunquam
415 1371 510 1401 etiam
533 1371 760 1402 destillationes
783 1373 943 1414 fluxusque
965 1383 1176 1413 commovens,
1192 1373 1383 1404 medicorum
1404 1372 1553 1414 plurimos
1569 1370 1701 1412 decipit,

229 1423 376 1465 cogitque
398 1423 467 1455 illos
485 1425 654 1456 contrarias
681 1436 792 1456 causas
809 1426 964 1468 judicare.
986 1437 1090 1457 rursus
1106 1427 1232 1468 quando
1255 1438 1366 1468 corpus
1381 1426 1498 1470 grande
1524 1432 1557 1457 et
1571 1425 1701 1468 pigriori

229 1477 311 1508 mole
333 1479 581 1520 superexcedens
595 1480 718 1522 pusillae
740 1481 876 1522 exilique
893 1481 1079 1522 cogitationi
1093 1481 1189 1513 animi
1211 1482 1382 1524 copulatur,
1398 1492 1471 1513 cum
1487 1481 1618 1522 geminae
1635 1479 1702 1511 sint

225 1530 260 1561 in
284 1531 411 1562 homine
436 1533 609 1564 secundum
624 1540 766 1566 naturam
791 1535 991 1576 cupiditates,
1008 1546 1072 1566 una
1093 1536 1223 1577 quidem
1245 1546 1302 1577 per
1328 1546 1438 1577 corpus
1463 1535 1699 1571 alimentorum,

225 1584 324 1616 altera
342 1596 413 1617 vero
424 1597 481 1628 per
492 1587 536 1624 id,
553 1589 636 1629 quod
653 1589 882 1620 divinissimum
902 1589 993 1620 nobis
1006 1590 1102 1626 inest,
1117 1591 1290 1631 prudentiae
1307 1602 1313 1620 :
1330 1596 1405 1621 tunc
1421 1600 1497 1621 sane
1514 1589 1700 1632 potentioris

224 1637 312 1670 illius
328 1641 536 1680 praevalentes
550 1643 737 1682 agitationes
753 1644 836 1684 quod
852 1654 940 1673 suum
957 1649 1006 1673 est
1021 1644 1180 1685 adaugent
1194 1655 1203 1682 3
1218 1644 1303 1686 quod
1316 1655 1388 1675 vero
1405 1644 1511 1680 animi,
1524 1644 1634 1679 hebes,
1647 1643 1697 1674 in-

229 1691 343 1729 docile,
360 1694 546 1725 obliviosum
561 1696 708 1732 reddunt,
725 1701 819 1737 atque
836 1697 878 1727 ita
894 1697 1108 1728 infirmitatem
1129 1699 1310 1735 maximam,
1326 1698 1477 1730 videlicet
1496 1697 1701 1740 imperitiam,

228 1752 392 1787 generant.
415 1758 477 1779 una
495 1748 621 1779 demum
638 1755 688 1779 est
703 1749 744 1779 ad
760 1755 924 1791 utrumque
940 1751 1025 1780 salus
1041 1758 1073 1781 et
1088 1753 1294 1788 conservatio,
1308 1758 1345 1783 ut
1358 1762 1462 1794 neque
1477 1752 1614 1783 animam
1629 1752 1699 1783 sine

229 1810 357 1842 corpore
372 1812 476 1843 neque
492 1813 604 1844 corpus
619 1803 736 1845 absque
752 1804 858 1834 anima
881 1814 1072 1840 moveamus,
1089 1810 1124 1835 ut
1138 1805 1172 1836 in
1186 1811 1295 1836 mutua
1308 1806 1511 1837 contentione
1527 1806 1701 1848 exaequatis

226 1853 364 1886 invicem
380 1855 493 1886 viribus
505 1857 699 1898 insurgentia
713 1858 826 1889 bonam
842 1859 937 1890 totius
950 1859 1165 1890 valetudinem
1180 1865 1337 1892 tueantur.
1359 1865 1548 1902 quapropter
1563 1861 1697 1902 quicun-

227 1918 288 1949 que
307 1910 536 1941 mathematicis
551 1910 698 1943 doctrinis
714 1923 842 1954 operam
864 1913 930 1949 dat,
947 1919 1002 1944 aut
1016 1914 1115 1945 cuivis
1129 1915 1246 1945 mentis
1266 1914 1461 1956 indagationi
1481 1914 1700 1945 vehementius

223 1962 341 1998 studet,
354 1963 452 1994 debet
465 1965 558 1995 etiam
573 1972 688 1997 motum
704 1967 842 2008 corporis
858 1968 1007 1999 adhibere
1023 1974 1055 1999 et
1070 1968 1102 1999 in
1119 1969 1316 2011 gymnastico.
1331 1969 1554 2001 exercitatione
1569 1969 1697 2000 versari.

224 2024 261 2046 ac
277 2027 379 2047 rursus
394 2019 446 2058 qui
462 2029 583 2050 summa
594 2030 707 2061 corpus
719 2021 885 2062 diligentia
901 2023 1003 2053 firmat
1015 2028 1047 2053 et
1060 2023 1196 2059 roborat,
1213 2023 1324 2054 animae
1337 2034 1461 2065 quoque
1473 2023 1614 2055 vicissim
1625 2033 1695 2054 mo-

222 2073 274 2100 tus
290 2070 471 2112 adjungere,
489 2073 608 2104 musica
628 2080 661 2104 et
675 2075 820 2106 omnibus
832 2076 1038 2118 philosophiae
1054 2076 1164 2108 studiis
1178 2088 1264 2114 usuS,
1279 2078 1305 2108 si
1321 2078 1415 2108 modo
1431 2078 1502 2119 quis
1510 2078 1581 2120 jure
1595 2078 1696 2109 bonus

220 2122 314 2154 simul
335 2130 368 2154 et
382 2126 512 2166 pulcher
533 2127 576 2157 sit
600 2129 820 2168 appellandus.
843 2130 993 2161 Similiter
1016 2141 1139 2172 quoque
1166 2137 1272 2173 partes
1292 2141 1399 2163 curare
1417 2132 1580 2167 debemus,
1595 2132 1695 2163 totins

220 2177 362 2218 speciem
385 2179 511 2210 imitati.
534 2191 606 2211 cum
629 2182 714 2212 enim
729 2193 841 2224 corpus
857 2183 895 2214 ab
912 2184 1161 2225 ingredientibus
1181 2184 1369 2216 incendatur
1393 2185 1478 2215 intus
1503 2184 1693 2226 frigidumve

221 2230 286 2267 fiat,
303 2236 336 2262 et
350 2232 463 2263 iterum
478 2234 517 2264 ab
539 2235 678 2265 externis
691 2235 812 2267 aridum
836 2236 1036 2268 madidumve
1059 2238 1218 2274 reddatur,
1236 2244 1279 2274 et,
1300 2249 1370 2280 quae
1390 2238 1542 2280 deinceps
1556 2239 1618 2270 ista
1637 2249 1689 2270 se-

220 2291 366 2326 quuntur,
383 2288 587 2328 perpetiatur,
605 2289 730 2330 quando
751 2291 822 2332 quis
853 2291 951 2321 otium
975 2302 1073 2333 agens
1099 2303 1210 2333 corpus
1231 2293 1420 2324 motionibus
1442 2293 1492 2324 his
1513 2294 1693 2335 committit,

219 2346 400 2381 superatum
415 2341 454 2372 ab
472 2342 520 2372 his
542 2342 730 2374 dissolvitur.
755 2350 787 2375 at
802 2345 829 2375 si
843 2346 913 2386 quis
928 2347 961 2376 in
976 2347 1113 2377 curando
1129 2357 1258 2388 corpore
1273 2348 1362 2378 illam
1376 2347 1515 2379 imitetur
1532 2353 1690 2381 naturam,

219 2403 314 2435 quam
330 2395 472 2426 altricem
495 2397 633 2428 universi
655 2399 845 2435 vocavimus,
861 2400 907 2430 ita
921 2405 957 2430 ut
977 2411 1137 2441 nunquam
1153 2407 1276 2442 torpere
1297 2401 1470 2443 permittat,
1485 2401 1544 2433 sed
1564 2408 1691 2434 moveat

217 2457 353 2489 semper,
365 2448 497 2490 jugique
519 2450 689 2492 agitatione
705 2452 837 2483 internis
857 2454 1056 2496 externisque
1071 2455 1206 2485 motibus
1221 2455 1395 2486 secundum
1412 2461 1558 2487 naturam
1570 2456 1687 2498 ubique

216 2502 353 2538 resistat,
369 2508 402 2533 et
416 2503 579 2536 moderata
594 2505 730 2546 quadam
746 2507 954 2538 commotione
971 2508 1165 2539 orben-antes
1181 2510 1344 2550 passiones
1358 2510 1496 2551 corporis
1506 2515 1685 2553 partesque,

217 2557 412 2597 cognationis
427 2558 547 2590 ratione
570 2566 703 2595 servata,
719 2560 857 2592 vicissim
873 2562 905 2592 in
921 2563 1063 2593 ordinem
1083 2563 1205 2605 redigat
1219 2569 1253 2595 et
1275 2569 1415 2601 exornet,
1429 2563 1602 2594 secundum
1618 2574 1684 2596 ser-

217 2618 344 2641 monem
359 2611 450 2642 illum
463 2613 665 2653 superiorem,
681 2625 774 2656 quem
797 2615 836 2646 de
853 2617 998 2647 universo
1012 2617 1187 2653 habuimus,
1203 2627 1403 2659 nequaquam
1423 2617 1506 2648 sinet
1520 2617 1684 2650 inimicum

215 2662 344 2695 inimico
361 2664 519 2696 admotum
535 2668 645 2707 proelia
660 2668 692 2699 in
709 2679 836 2711 corpore
852 2671 1036 2712 morbosque
1053 2673 1146 2708 ciere,
1164 2671 1222 2703 sed
1237 2672 1351 2703 efficiet
1365 2672 1480 2713 potius,
1496 2677 1531 2702 ut
1545 2672 1683 2704 amicum

216 2715 380 2748 adhaerens
396 2719 496 2750 amico
511 2721 678 2752 sanitatem
689 2724 825 2765 corporis
840 2730 974 2756 tueatur.
998 2725 1072 2768 [89]
1087 2727 1226 2757 omnium
1237 2736 1308 2757 vero
1318 2732 1458 2757 motuum
1474 2726 1611 2768 optimus
1625 2727 1683 2758 ille

215 2776 275 2807 est,
291 2771 344 2813 qui
360 2772 391 2802 in
409 2770 510 2804 semet
525 2785 563 2804 ex
590 2786 623 2806 se
640 2777 709 2817 ipso
725 2777 759 2808 fit
774 2789 780 2807 :
797 2788 871 2809 nam
883 2785 915 2809 et
938 2781 1053 2811 mentis
1069 2786 1102 2811 et
1116 2781 1212 2812 totius
1227 2781 1325 2822 ipsius
1349 2780 1479 2810 motioni
1495 2781 1682 2820 cognatissi-

216 2834 286 2855 mus
301 2830 350 2857 est
364 2837 370 2855 :
389 2827 441 2867 qui
457 2838 529 2858 vero
546 2829 584 2859 ab
598 2830 660 2861 alio
676 2831 720 2867 fii,
737 2832 882 2863 deterior.
906 2832 1091 2865 deterrimus
1112 2840 1217 2865 autem
1240 2840 1353 2870 motus,
1369 2833 1494 2876 quando
1510 2833 1625 2875 jacens
1647 2840 1683 2866 et

215 2879 355 2920 quietem
377 2890 474 2922 agens
496 2892 606 2924 eorpus
622 2885 660 2914 ab
677 2886 747 2917 aliis
763 2887 935 2918 secundum
957 2895 1063 2930 partes
1077 2894 1230 2920 movetur.
1253 2894 1442 2931 quapropter
1457 2887 1677 2929 purgationum

212 2935 531 2977 constitutionumque
548 2939 684 2970 omnium
703 2943 849 2982 corporisv
864 2953 933 2985 qua*
950 2944 1174 2975 exercitatione
1197 2942 1391 2986 gymnastica
1413 2941 1458 2976 fit,
1475 2941 1676 2974 saluberrima
