1840 3225
287 230 361 267 178
886 227 1146 269 PLATONIS
1636 233 1731 284 [507

278 343 333 365 nes
357 333 472 374 absque
500 332 629 364 scientia
655 338 762 375 turpes
788 343 866 369 esse,
891 343 1017 374 quarum
1046 343 1116 375 quae
1142 332 1278 374 optimae,
1299 343 1389 364 caecae
1415 334 1512 364 sunt?
1535 344 1574 366 an
1599 345 1665 372 eos,
1680 336 1734 378 qni

279 388 396 429 absque
410 386 617 429 intelligentia
631 397 735 418 verum
760 387 879 429 aliquid
907 387 1084 427 opinantur,
1101 386 1222 417 differre
1247 387 1285 417 ab
1309 387 1370 418 illis
1396 388 1565 430 existimas,
1579 389 1646 431 qui,
1662 390 1735 422 licet

279 442 354 473 caeci
371 442 445 478 sint,
460 447 544 473 recto
570 447 672 472 tamen
698 441 820 472 tramite
848 441 1052 482 gradiuntur?
1099 440 1177 472 Am.
1204 441 1336 473 Nihilo..
1370 442 1427 474 So.
1451 441 1509 473 Vis
1532 453 1605 485 ergo
1632 445 1734 486 turpia

278 495 482 537 contemplari
495 506 640 537 caecaque
655 501 687 527 et
702 495 842 537 obliqua,
857 506 927 527 cum
943 495 1035 526 liceat
1050 505 1086 525 ex
1111 495 1180 525 aliis
1202 496 1366 536 perspicua
1388 496 1578 538 pulchraque
1602 498 1707 529 audire
1722 499 1733 529 ?

278 548 393 581 Grau.
419 549 489 590 Age
504 560 558 590 per
570 549 693 590 Jovem,
706 551 859 585 Socrates,
877 560 915 581 ne
930 550 1073 590 desistas,
1090 559 1159 580 cum
1178 560 1272 590 prope
1295 550 1410 582 calcem
1438 551 1620 592 perveneris.
1648 552 1732 583 sufli-

275 603 338 634 ciet
351 603 434 634 enim
449 604 550 640 nobis,
565 604 602 639 si,
619 604 880 645 quemadmodum
897 604 938 634 de
959 603 1088 644 justitia
1114 604 1380 646 temperantiaque
1403 610 1435 636 et
1457 605 1525 636 aliis
1548 607 1732 642 tractavisti,

275 656 319 688 ita
346 667 471 699 quoque
488 658 528 688 de
553 659 635 689 bono
662 658 850 689 tractaveris.
895 658 949 689 So.
973 658 1056 688 Mihi
1084 668 1255 698 quoque‚o
1282 659 1394 699 amice,
1423 660 1512 690 valde
1535 660 1676 692 sufficiet.
1698 667 1732 692 at

276 721 395 748 vereor,
410 722 450 742 ne
465 712 544 743 vires
556 713 715 749 deficiant,
730 718 824 753 atque
840 723 901 753 ego
918 722 1010 753 supra
1023 712 1102 743 vires
1118 722 1210 742 ausus
1225 712 1358 753 ineptior
1383 723 1549 754 appaream
1575 714 1730 757 risumque

275 765 475 796 audientibus
489 777 640 798 moveam.
687 765 843 802 Ceterum,
860 776 878 796 o
893 765 950 796 viri
965 765 1082 801 felices,
1099 765 1174 807 quid
1196 765 1295 806 ipsum
1317 767 1431 797 bonurn
1447 767 1497 804 sit,
1513 767 1544 797 in
1566 769 1731 809 praesentia

275 819 478 850 dimittamus.
499 824 548 850 est
570 819 664 854 enirn.
687 825 723 850 nt
749 819 823 849 milii
850 819 985 861 videtur,
1011 824 1190 860 praescntem
1218 829 1309 860 supra
1333 821 1639 862 contemplationem.
1661 823 1731 864 quis

275 877 379 903 antem
396 879 542 915 appareat
558 873 632 904 boni
646 874 746 913 ipsius
760 873 841 904 filius
857 878 888 904 et
902 872 970 913 ejus
995 883 1086 914 quam
1112 872 1296 914 simillimus,
1310 873 1334 904 si
1360 874 1449 905 vobis
1472 875 1588 916 placet,
1603 876 1704 908 dicam
1720 889 1729 908 ε

275 926 322 957 sin
341 927 451 962 minus,
467 927 633 958 dimittam.
679 926 794 958 Guu.
817 926 880 957 Dic
895 937 961 966 age.
987 932 1103 967 patrem
1120 936 1191 956 vero
1217 932 1325 967 postea
1349 928 1532 960 declarabis.
1575 930 1629 962 So.
1653 930 1730 962 Vel-

276 979 337 1012 lem
352 982 510 1023 equidem,
526 986 562 1012 ut
577 986 608 1012 et
623 981 689 1022 ipse
704 980 858 1022 explicare
874 991 996 1021 possem
1011 985 1043 1010 et
1058 991 1112 1010 vos
1130 980 1298 1022 percipere,
1323 980 1419 1024 [507]
1444 993 1507 1013 non
1532 983 1630 1014 solum
1655 985 1728 1016 boni

273 1039 380 1076 partus
397 1040 431 1066 ut
446 1046 543 1072 nunc,
559 1036 611 1066 sed
623 1035 725 1076 ipsum
741 1035 869 1065 bonum.
892 1035 975 1064 hunc
989 1045 1062 1076 ergo
1078 1035 1116 1064 ad
1133 1045 1267 1075 praesens
1282 1040 1401 1076 partum
1416 1036 1491 1066 boni
1504 1036 1602 1078 ipsius
1615 1037 1729 1069 filium-

272 1099 333 1130 que
348 1089 492 1131 accipite.
515 1095 623 1121 cavete
639 1095 755 1129 tamen,
768 1100 808 1120 ne
823 1089 939 1121 inscius
956 1089 1022 1129 ipse
1037 1100 1093 1120 vos
1108 1089 1277 1131 decipiam,
1292 1100 1402 1120 vanam
1417 1091 1577 1131 assignans
1598 1091 1638 1123 de
1662 1092 1727 1123 filio

272 1143 435 1177 rationem.
483 1143 598 1176 GLAu.
624 1144 810 1176 cavebimus
826 1144 857 1174 id
875 1154 929 1185 pro
944 1143 1072 1174 viribus.
1094 1143 1146 1174 dic
1159 1144 1264 1174 modo.
1308 1143 1363 1175 So.
1387 1144 1501 1176 Dicam
1528 1145 1685 1187 equidem,
1701 1147 1727 1178 si

272 1197 356 1238 prius
371 1202 547 1239 repetamus
562 1198 694 1230 invicem
709 1198 1000 1239 confirmemmque,
1017 1208 1087 1240 quae
1114 1208 1205 1238 supra
1228 1204 1397 1229 memorata
1420 1203 1505 1239 sunt,
1518 1204 1550 1230 et
1570 1199 1646 1230 alias
1666 1211 1725 1232 sae·

270 1261 440 1292 penumero
456 1252 551 1284 dicta.
596 1252 708 1284 Gmu.
734 1252 909 1289 Quaenam?
955 1252 1010 1283 So.
1033 1251 1136 1282 Multa
1153 1252 1278 1292 quidem
1295 1252 1422 1293 pulchra
1437 1258 1469 1284 et
1485 1253 1581 1284 multa
1595 1254 1678 1285 bona
1692 1260 1724 1286 et

269 1304 390 1346 singula
406 1306 546 1337 similiter
558 1317 624 1337 esse
639 1307 783 1343 dicimus,
800 1313 833 1337 et
847 1306 987 1337 oratione
1003 1305 1232 1347 distinguimuS.
1278 1306 1392 1338 Guru.
1416 1306 1561 1338 Dicimus
1573 1308 1724 1350 prosecto-

271 1358 326 1390 So.
349 1359 448 1402 Atqui
464 1367 495 1391 et
509 1361 609 1402 ipsum
626 1361 787 1402 pulchrum
803 1365 833 1392 et
847 1361 948 1402 ipsum
964 1361 1079 1391 bonum
1097 1360 1286 1397 inducimus,
1300 1371 1336 1392 ac
1350 1360 1488 1392 similiter
1510 1361 1541 1392 in
1566 1362 1724 1403 omnibus,

268 1423 342 1455 unae
360 1419 394 1444 ut
409 1414 498 1456 plura
513 1416 716 1456 ponebamus,
733 1426 827 1446 unum
842 1426 943 1446 rursus
960 1415 1114 1456 ponimus,
1133 1415 1302 1446 secundum
1324 1415 1426 1446 ideam
1452 1426 1544 1446 unam
1571 1416 1724 1459 cujusque

269 1471 417 1510 tanquam
442 1480 504 1500 una
520 1471 571 1508 sit,
588 1474 620 1500 et
633 1470 718 1511 quod
735 1470 980 1511 unumquodque
996 1474 1042 1501 est
1057 1469 1262 1511 appellamus.
1308 1469 1424 1500 GLAU.
1447 1469 1530 1500 Vera
1545 1470 1612 1502 haec
1638 1476 1723 1503 sunt.

270 1521 328 1553 So.
350 1522 392 1552 Et
407 1523 473 1555 lraec
488 1524 612 1564 quidem
631 1524 725 1556 videri
740 1525 882 1560 dicimus,
897 1535 959 1554 non
977 1529 1080 1554 autem
1095 1523 1226 1565 intelligi
1241 1534 1248 1554 :
1272 1523 1360 1554 ideas
1375 1529 1477 1554 autem
1497 1523 1642 1566 intelligi,
1657 1535 1721 1556 non

270 1575 380 1607 videri.
425 1576 539 1608 GLAU.
563 1578 614 1609 Sic
629 1583 676 1609 ost
691 1579 828 1610 omnino.
873 1579 929 1609 So.
953 1578 1024 1615 Qua
1040 1579 1179 1619 potentia
1195 1589 1213 1609 e
1240 1577 1356 1614 multis,
1373 1588 1450 1619 quas
1475 1578 1634 1615 habemus,
1650 1589 1720 1621 quae

268 1634 378 1670 patent
401 1631 511 1668 oculis,
537 1632 710 1664 cernimus?
756 1632 868 1663 Gmu.
894 1631 986 1664 Visu.
1032 1632 1088 1662 So.
1112 1631 1227 1662 Nonne
1254 1637 1287 1662 et
1311 1631 1432 1668 auditu,
1447 1642 1517 1673 quae
1540 1633 1721 1671 audiuntur,

267 1689 299 1714 et
313 1684 382 1716 aliis
397 1685 536 1716 sensibus
551 1687 667 1727 omnia,
680 1697 749 1728 quae
766 1686 940 1717 sentiuntur
954 1686 964 1717 ?
1010 1685 1122 1717 Grau.
1145 1685 1266 1722 Quidni
1282 1686 1292 1716 ?
1337 1685 1392 1717 So.
1413 1685 1566 1728 Nunquid
1581 1687 1721 1718 animad-

267 1737 398 1775 vertisti,
413 1749 504 1780 qnam
522 1740 689 1780 perfectam
707 1751 850 1771 sensuum
867 1746 973 1772 auctor
988 1740 1049 1770 vim
1078 1740 1242 1770 fabricavit
1267 1740 1306 1770 ad
1329 1740 1362 1770 id
1390 1741 1475 1781 quod
1502 1740 1606 1772 videre
1629 1747 1662 1772 et
1684 1742 1718 1773 id

267 1780 352 1832 quod
365 1793 461 1823 videri
476 1793 609 1823 dicimus
622 1794 632 1824 ?
655 1794 770 1824 Gmu.
788 1793 860 1824 Non
877 1794 961 1824 satis.
985 1793 1041 1823 So,
1056 1793 1108 1824 Sic
1125 1799 1226 1824 autem
1241 1793 1413 1825 considera.
1436 1799 1524 1826 estne
1539 1795 1658 1826 auditui
1673 1800 1721 1826 at-

266 1855 328 1886 quc
342 1846 409 1877 voci
427 1847 488 1877 alio
504 1858 615 1888 genere
631 1858 709 1888 opus
724 1848 762 1878 ad
780 1849 852 1884 hoc,
867 1853 902 1878 ut
917 1847 968 1878 ille
984 1847 1108 1888 quidem
1127 1848 1245 1884 audiat,
1261 1848 1327 1879 lraec
1352 1848 1517 1879 audiatur?
1540 1859 1603 1890 quo
1629 1850 1718 1880 tertio

265 1900 394 1930 absente
417 1900 469 1930 ille
496 1911 557 1930 non
585 1901 703 1938 audiet,
720 1901 778 1932 ista
802 1913 864 1932 non
891 1901 1057 1932 audietur?
1103 1901 1218 1934 va.
1241 1901 1460 1944 Nequaquam.
1504 1902 1560 1933 So.
1582 1903 1721 1935 Arbitror

264 1953 408 1994 equidem
426 1964 526 1995 neque
543 1954 609 1985 aliis
625 1955 740 1991 multis,
756 1967 795 1986 ne
819 1956 921 1987 dicam
948 1955 1038 1995 nulli,
1053 1955 1107 1986 mli
1134 1956 1268 1997 quodam
1295 1967 1374 1997 opus
1400 1967 1478 1988 esse.
1502 1967 1542 1987 an
1566 1962 1599 1988 tu
1626 1958 1718 1989 talem

263 2007 399 2048 aliquam
428 2008 487 2038 vim
514 2009 674 2049 repperis?
720 2009 835 2040 GLAu.
859 2010 1004 2041 Minime.
1049 2010 1104 2042 So.
1127 2009 1178 2040 An
1205 2021 1269 2040 non
1296 2010 1429 2041 advertis
1455 2011 1540 2042 visus
1564 2010 1661 2052 ipsius
1687 2017 1720 2043 et

264 2060 344 2101 ejus,
371 2061 455 2101 quod
482 2061 559 2091 visui
584 2062 736 2102 subjacet,
762 2063 823 2093 vim
851 2063 905 2093 tali
927 2064 1031 2104 aliquo
1058 2063 1224 2104 indigere?
1269 2063 1383 2096 GLAU.
1408 2064 1480 2101 Quo
1506 2066 1621 2106 pacto?
1665 2065 1718 2097 So.

263 2114 421 2145 Praesente
435 2115 534 2146 oculis
549 2116 614 2146 visu
637 2116 775 2157 ipsisque
800 2116 839 2145 ad
866 2117 1069 2156 spectandum
1096 2117 1232 2152 directis,
1249 2123 1401 2158 praesente
1424 2118 1499 2149 item
1527 2119 1642 2155 colore,
1659 2119 1718 2151 nisi

263 2168 345 2199 adsit
360 2174 391 2199 ct
407 2179 503 2210 genus
518 2169 638 2199 tertium
657 2169 779 2210 proprie
795 2170 833 2200 ad
851 2170 909 2200 hoc
924 2175 1031 2200 natura
1048 2175 1167 2210 aptum,
1184 2181 1286 2211 neque
1303 2171 1384 2202 visus
1408 2172 1526 2202 videbit
1550 2171 1716 2214 quicquam

262 2232 365 2264 neque
390 2222 487 2253 videri
510 2223 627 2253 colores
656 2229 812 2264 poterunt.
859 2224 974 2254 (imm.
999 2223 1155 2260 Quidnam
1184 2222 1215 2254 id
1244 2234 1310 2255 esse
1336 2224 1438 2255 dicis?
1482 2225 1537 2256 So.
1561 2226 1654 2262 Quod
1681 2233 1714 2258 tu

263 2276 368 2307 lumen
385 2287 488 2308 vocas.
533 2276 644 2307 Gmu.
670 2277 751 2307 Vera
768 2277 912 2317 loqueris.
955 2277 1010 2308 So.
1034 2277 1178 2308 Profecto
1195 2277 1322 2308 visibilis
1337 2278 1430 2319 ipsius
1457 2278 1502 2309 vis
1525 2285 1557 2310 et
1582 2280 1717 2312 videntis

259 2330 400 2371 potentia
411 2331 489 2372 jugo
505 2331 639 2371 quodam
657 2330 783 2360 aliarum
800 2331 937 2361 omnium
956 2331 1213 2372 conjugationum
1239 2333 1368 2362 maxime
1390 2333 1572 2363 honorando
1594 2333 1715 2374 junctae

261 2389 346 2425 sunt,
380 2395 442 2415 non
477 2385 588 2425 exigua
624 2385 756 2425 quadam
794 2385 909 2426 specio,
950 2384 1045 2427 [508]
1085 2385 1110 2415 si
1148 2386 1240 2416 modo
1275 2387 1536 2418 contemnendum
1571 2398 1634 2418 non
1668 2394 1716 2419 est

259 2438 376 2471 lumen.
435 2438 550 2470 Grau.
583 2439 692 2479 Longe
719 2439 818 2478 abest,
848 2445 881 2469 ut
909 2440 1169 2470 contemnendum
1200 2440 1249 2471 sit.
1302 2441 1355 2471 So.
1385 2441 1487 2478 Quem
1521 2442 1713 2483 potissimum

259 2491 399 2523 Deorum
429 2493 596 2523 coelestium
623 2492 715 2533 hujus
738 2503 859 2523 causam
888 2499 989 2534 putas,
1015 2493 1104 2533 cujus
1130 2494 1232 2524 lumen
1258 2494 1364 2533 efficit,
1391 2500 1426 2525 ut
1448 2500 1481 2526 et
1504 2495 1588 2526 visus
1612 2501 1714 2528 noster

258 2544 358 2585 quam'
377 2547 495 2587 optime
523 2552 628 2577 cernat
655 2551 687 2576 et
715 2546 813 2576 oculis
843 2546 966 2587 objecta
995 2549 1181 2578 cernantur?
1242 2549 1355 2580 Graiu.
1379 2549 1481 2585 Quem
1505 2554 1538 2578 tu
1563 2554 1654 2589 putas
1681 2554 1714 2579 et

256 2599 320 2630 alii.
354 2611 466 2641 nempe
494 2601 533 2630 de
561 2600 625 2631 sole
653 2599 832 2640 interrogas.
884 2600 939 2631 So.
963 2600 1012 2631 Ita
1042 2612 1112 2631 vero
1139 2603 1176 2632 ad
1206 2603 1288 2632 hunc
1314 2602 1418 2632 Deum
1445 2612 1478 2632 se
1503 2602 1586 2633 visus
1607 2602 1712 2634 habet.

258 2653 374 2685 (imm.
398 2654 564 2690 Quomodo
579 2655 589 2684 ?
634 2655 687 2685 So.
711 2653 803 2685 Visus
817 2654 861 2684 sol
879 2665 940 2684 non
971 2660 1028 2690 est,
1045 2666 1146 2696 neque
1173 2656 1292 2692 oculus,
1307 2655 1358 2687 cui
1378 2656 1459 2686 inest
1482 2655 1577 2692 visus,
1593 2655 1638 2686 sol
1653 2662 1711 2687 est.

258 2706 370 2739 Griu.
395 2707 468 2738 Non
485 2714 577 2738 certe.
621 2708 676 2739 So.
701 2707 761 2738 Sed
778 2719 813 2738 cx
831 2708 972 2739 erunibus
988 2720 1132 2740 sensuum
1150 2711 1271 2751 organis
1298 2709 1328 2740 id
1359 2709 1491 2739 maxime
1517 2709 1590 2740 solis
1616 2710 1709 2751 parti-

256 2771 340 2801 ceps.
386 2761 502 2792 GLAU.
524 2761 661 2791 Multum
689 2771 773 2793 sane.
819 2762 871 2792 So.
897 2761 1012 2793 Nonne
1040 2769 1071 2793 et
1097 2764 1171 2800 vim,
1188 2774 1279 2806 quam
1307 2764 1462 2800 habet,ex
1488 2762 1553 2793 solo
1577 2763 1709 2795 infusam

256 2814 377 2846 servat?
424 2814 538 2845 Gmu.
562 2815 700 2845 Prorsus.
745 2816 799 2848 So.
825 2817 909 2852 Quin
926 2817 1017 2846 etiam
1035 2817 1080 2847 sol
1109 2818 1190 2848 visus
1215 2828 1277 2848 non
1305 2822 1373 2848 est:
1398 2826 1491 2848 causa
1518 2826 1589 2847 vero
1613 2817 1710 2858 ipsius

256 2874 314 2904 est,
331 2869 368 2899 nb
383 2878 483 2909 eoque
499 2869 694 2909 prospicitur.
740 2869 853 2901 GLAU.
877 2871 928 2902 Sic
956 2871 1057 2912 plano.
1103 2871 1156 2902 So.
1180 2872 1274 2902 Hunc
1299 2882 1347 2902 rue
1374 2880 1482 2901 vocare
1508 2870 1582 2900 boni
1611 2870 1708 2902 filium

255 2922 362 2959 dicito,
391 2932 481 2963 quem
505 2922 605 2963 ipsum
633 2923 746 2953 bonnm
774 2924 803 2954 in
830 2926 887 2957 hac
913 2936 1016 2956 secum
1042 2926 1149 2964 genuit
1177 2925 1407 2967 comparatione
1433 2923 1649 2956 consimilem:
1675 2929 1710 2956 nt
