1840 3225
169 225 222 263 46
636 223 861 262 INCERTI
893 223 1165 262 AUCTORIS
1539 225 1635 277 [113

173 325 239 358 AL.
263 325 398 357 Minime
414 336 468 367 per
482 325 606 362 Jovem,
631 337 650 357 o
673 327 826 359 Socrates.
869 327 926 358 So.
949 327 995 357 At
1020 327 1052 358 in
1077 327 1114 358 iis
1137 336 1325 368 magnopere
1346 327 1526 369 discrepat?
1571 327 1638 359 Ar..

173 379 387 421 Summopere.
431 379 485 411 So.
509 379 652 411 Arbitror
665 390 724 412 nec
748 380 863 411 vidisse
887 385 918 410 te
945 390 1082 421 unquam
1107 390 1165 410 nec
1188 380 1312 410 audisse
1334 379 1475 410 homines
1490 380 1531 411 de
1553 381 1636 411 sanis

173 438 206 463 et
221 433 342 474 aegrotis
356 434 437 464 inter
451 443 484 464 se
500 433 579 464 adeo
594 433 769 470 dissentire,
785 439 820 465 ut
843 434 883 465 ob
899 433 957 464 ista
974 434 1087 464 bellum
1105 439 1246 474 gererent
1260 444 1355 475 seque
1379 433 1512 464 invicem
1528 433 1637 464 interi-

175 492 304 519 merent.
349 487 412 519 AL.
437 487 620 529 Nunquam.
664 489 721 520 So.
746 488 892 520 Ceterum
908 488 948 518 de
968 487 1062 528 justis
1078 493 1172 528 atque
1185 487 1311 528 injustis
1326 497 1419 528 quam
1439 487 1549 518 acriter
1570 488 1636 518 dis·

174 541 321 578 sentiant,
338 542 395 572 etsi
421 541 499 583 ipse,
514 547 550 572 ut
565 542 704 582 arbitror,
718 553 782 574 non
806 541 924 577 vidisti,
943 542 1056 572 audisti
1080 547 1183 572 tamen
1198 552 1269 572 curn
1293 552 1330 572 ex
1348 540 1416 571 aliis
1430 540 1547 576 multis,
1570 546 1636 571 tum

171 593 264 624 etiam
281 605 318 625 ex
334 594 471 626 Homero
488 596 518 626 in
535 595 680 637 Odyssea
693 602 786 637 atque
802 596 915 627 Iliade.
953 595 1019 625 AL.
1044 595 1196 630 Omnino,
1213 605 1232 625 o
1247 595 1401 625 Socrates.
1437 595 1494 625 So.
1517 594 1636 625 Nonne

171 646 265 687 igitur
277 648 344 679 haec
358 649 462 679 omnia
479 649 625 689 poemata
640 655 712 680 sunt
727 651 767 681 de
778 649 856 690 justi
873 654 967 690 atque
984 649 1091 690 injusti
1107 648 1307 679 discrimine?
1353 647 1420 678 AL.
1443 649 1534 679 Sunt.
1577 648 1638 680 So.

172 689 355 742 Pugnaeque
370 707 403 732 et
417 702 558 733 interitus
574 704 614 733 ob
630 704 760 733 eandem
785 703 924 744 profecto
947 702 1172 733 dissensionem
1188 702 1267 733 inter
1289 701 1428 732 Achivos
1442 701 1637 743 Trojanosve

171 752 319 784 fuerunt:
346 756 519 797 eademque
542 756 661 787 ratione
684 757 763 787 inter
786 766 897 797 procos
919 756 1096 797 Penelopes
1111 761 1143 787 et
1158 756 1294 787 Ulixem.
1340 755 1406 786 AL.
1429 755 1511 786 Vera
1528 755 1635 786 refers.

168 805 224 837 So.
247 806 394 848 Reor-que
419 813 451 839 et
473 808 552 839 inter
579 809 800 844 Athenienses,
826 808 1069 840 Lacedaemonas
1099 815 1194 851 atque
1220 809 1373 845 Boeofios,
1403 809 1456 850 qui
1487 808 1572 850 prius
1599 809 1633 839 in

170 859 323 901 Tanagra,
340 861 454 893 deinde
469 862 501 892 in
519 862 654 894 Coronia
669 863 837 904 perierunt,
864 864 914 893 ubi
931 863 1024 894 etiam
1048 868 1136 905 pater
1153 869 1223 893 tuus
1247 863 1367 894 Clinias
1384 863 1532 904 oppetiit,
1547 862 1634 893 nulla

171 913 233 944 alia
248 915 287 945 de
303 925 334 946 re
351 926 443 957 quam
461 917 500 947 de
511 916 589 958 justi
611 917 762 958 injustive
778 917 955 948 differentia
970 928 1106 959 pugnam
1124 917 1207 948 illam
1224 917 1453 948 acerbissimam
1467 916 1634 948 exstitisse.

168 967 234 998 Ar..
259 969 342 1000 Vera
358 970 503 1010 loqueris.
547 972 603 1002 So.
627 971 689 1003 Eos
704 972 809 1013 itaque
837 972 976 1003 dicemus
999 972 1052 1002 illa
1076 972 1214 1007 scivisse,
1243 977 1276 1002 et
1298 971 1413 1012 quibus
1439 975 1501 1001 tam
1524 970 1635 1001 acriter

169 1027 398 1059 concertarunt‚
427 1029 461 1055 ut
486 1025 526 1056 de
547 1024 636 1065 justo
660 1031 691 1056 et
714 1025 832 1066 injusto
859 1026 1044 1057 altercantes
1070 1026 1175 1056 onmia
1198 1030 1334 1056 extrema
1365 1024 1524 1056 subirent?
1567 1023 1634 1054 Ar..

169 1073 244 1104 Non
261 1075 392 1106 videtur.
435 1077 493 1108 So.
516 1077 632 1108 Nonne
645 1077 679 1108 in
695 1088 749 1108 eos
764 1084 969 1119 praeceptores
985 1084 1014 1109 te
1031 1078 1133 1114 refers,
1151 1088 1229 1119 quos
1245 1079 1378 1119 ipsemet
1394 1077 1533 1119 ignorare
1555 1087 1633 1108 con.-

167 1128 285 1159 sentis?
328 1128 394 1160 AL.
418 1130 545 1161 Videor.
589 1132 647 1162 So.
670 1132 816 1168 Quonam
841 1138 934 1173 pacto
951 1132 1142 1163 conveniens
1164 1137 1212 1163 est
1235 1131 1364 1173 tejusta
1379 1137 1412 1162 et
1428 1131 1544 1172 injusta
1559 1141 1635 1172 cog-

170 1190 309 1217 noscere,
326 1182 358 1212 in
374 1184 486 1224 quibus
501 1184 545 1215 sic
572 1185 704 1220 aberras,
727 1195 786 1216 nec
803 1185 952 1216 didicisse
973 1186 1012 1216 ab
1036 1186 1141 1227 aliquo
1164 1186 1278 1216 videris
1299 1196 1401 1227 neque
1424 1195 1478 1226 per
1493 1190 1524 1215 te
1538 1185 1633 1216 etiarn

169 1233 347 1266 invenisse?
392 1236 458 1268 AL.
482 1238 527 1268 Ex
543 1238 592 1275 iis,
608 1250 678 1280 quae
694 1244 727 1269 tu
743 1239 832 1276 dicis,
859 1250 921 1270 non
937 1244 985 1270 est
1007 1245 1261 1271 consentaneum.
1306 1240 1364 1271 So.
1386 1239 1486 1271 Vides
1509 1239 1634 1274 iterum,

170 1287 364 1324 Alcibiades,
391 1291 449 1322 hoc
476 1296 506 1322 te
532 1303 594 1322 non
619 1299 701 1324 recte
728 1294 864 1324 dixisse?
910 1293 973 1324 AL.
997 1293 1109 1330 Quid?
1154 1295 1210 1325 So.
1234 1294 1329 1330 Quod
1359 1304 1408 1324 me
1436 1293 1541 1324 aiebas
1563 1293 1633 1324 baec

167 1341 283 1373 dicere.
325 1344 389 1375 Ar..
413 1346 498 1382 Quid
515 1348 642 1377 autem?
666 1358 728 1378 non
746 1347 812 1389 ipse
827 1348 905 1379 dicis
923 1358 971 1379 me
987 1348 1066 1378 circa
1079 1347 1166 1389 justa
1188 1353 1221 1378 et
1235 1348 1352 1389 injusta
1374 1348 1514 1389 ignarum
1539 1357 1606 1378 esse
1623 1347 1634 1377 ἓ

167 1394 223 1426 So.
247 1395 466 1438 Nequaquam.
512 1399 579 1430 Ar..
603 1401 712 1442 Egone
736 1402 853 1442 igitur?
899 1402 954 1433 So.
976 1401 1037 1437 Tu,
1062 1402 1204 1443 inquam.
1247 1401 1313 1432 AL.
1337 1402 1483 1438 Quonam
1507 1401 1628 1431 modo?

168 1448 224 1479 So.
247 1449 297 1481 Sic
313 1451 481 1493 intelliges.
505 1453 529 1484 si
546 1459 577 1484 te
591 1454 786 1496 interrogem,
805 1461 906 1486 utrum
922 1466 1018 1486 unum
1033 1461 1088 1486 aut
1103 1457 1167 1486 duo
1192 1455 1281 1497 plura
1295 1455 1369 1491 sint,
1386 1454 1632 1496 respondebisne

166 1504 255 1534 duo?
292 1504 357 1535 An.
380 1505 467 1537 Duo.
503 1507 558 1538 So.
582 1509 733 1545 Quanto?
771 1509 834 1540 AL.
860 1510 945 1541 Uno·
983 1510 1039 1540 So.
1064 1510 1142 1542 Uter
1157 1514 1295 1540 nostrum
1311 1509 1380 1544 erit,
1396 1508 1452 1550 qui
1467 1509 1552 1539 dicet
1563 1509 1628 1540 duo

168 1568 231 1588 uno
247 1559 335 1599 plura
350 1570 442 1601 quam
459 1572 553 1592 unum
569 1563 580 1593 ?
609 1562 674 1593 AL.
697 1563 779 1605 Ego.
802 1564 857 1595 So.
880 1563 998 1595 Nonne
1013 1575 1071 1605 ego
1088 1564 1327 1604 interrogabam,
1343 1569 1376 1594 tu
1393 1563 1604 1604 respondebas
1618 1564 1630 1594 ἓ

163 1611 229 1643 At..
253 1612 314 1643 Ita.
338 1614 435 1656 [113]
459 1616 513 1646 So.
537 1617 590 1648 De
606 1617 642 1648 iis
657 1629 730 1659 ergo
748 1624 814 1649 uter
828 1625 966 1649 nostrum
983 1619 1086 1650 dicere
1103 1619 1237 1654 videtur,
1254 1628 1328 1648 num
1349 1628 1409 1658 ego
1424 1618 1630 1659 interrogans,

164 1676 205 1696 an
221 1670 253 1696 tu
269 1669 482 1709 respondens?
526 1670 589 1702 AL.
614 1672 694 1713 Ego.
739 1673 792 1704 So.
817 1673 902 1710 Quid
919 1678 1023 1704 autem
1038 1673 1049 1702 ?
1073 1673 1097 1703 si
1112 1682 1260 1714 quaeram,
1277 1676 1354 1713 quot
1369 1672 1484 1702 suntin
1501 1670 1630 1703 Socrate

163 1719 271 1756 literae,
290 1727 322 1752 tu
338 1733 410 1753 vero
424 1725 622 1764 respondeas,
639 1731 707 1757 uter
722 1732 859 1758 nostrum
877 1728 934 1758 erit
956 1728 1009 1768 qui
1025 1727 1110 1758 dicet
1125 1727 1136 1757 ?
1181 1725 1248 1757 AL.
1273 1725 1354 1766 Ego.
1399 1725 1456 1756 So.
1480 1725 1562 1767 Age,
1577 1726 1630 1761 dic

163 1783 227 1804 uno
242 1775 346 1811 verbo,
363 1777 507 1817 quotiens
519 1779 718 1821 interrogatio
731 1781 766 1810 fit
778 1787 871 1822 atque
883 1782 1056 1822 responsio,
1072 1787 1140 1811 uter
1151 1785 1200 1811 est
1210 1780 1265 1822 qui
1277 1780 1379 1811 dicit?
1396 1780 1631 1821 interrogansne

162 1837 203 1857 au
220 1829 434 1870 respondens?
480 1831 544 1861 AL.
567 1832 778 1875 Respondens
793 1835 867 1865 mihi
883 1835 1017 1870 videtur,
1043 1846 1060 1864 o
1077 1835 1231 1866 Socrates.
1275 1835 1332 1865 So.
1354 1833 1423 1874 Ego
1439 1834 1472 1864 in
1487 1834 1626 1875 superio-

162 1882 246 1913 ribus
261 1893 382 1924 semper
396 1883 593 1926 interrogavi.
627 1886 692 1917 AL.
715 1888 855 1929 Semper.
889 1888 945 1920 So.
966 1888 1013 1919 Tu
1031 1899 1100 1920 vero
1117 1889 1326 1930 respondisti?
1361 1888 1424 1919 AL.
1447 1887 1628 1929 Respondi.

165 1937 222 1968 So.
246 1937 326 1974 Quae
341 1934 435 1979 igitur
446 1939 530 1970 dicta
546 1946 617 1971 sunt
631 1941 792 1977 hactenus,
810 1947 877 1973 uter
892 1948 1029 1973 nostrum
1045 1942 1149 1973 dixit?
1194 1944 1259 1974 AL.
1283 1943 1329 1973 Ex
1343 1943 1382 1973 iis
1397 1953 1466 1983 quae
1478 1951 1627 1973 concessa

163 1996 246 2027 sunt,
263 2002 321 2033 ego
337 1992 451 2024 dixisse
476 1994 593 2025 videor.
637 1996 693 2026 So.
717 1995 833 2026 Nonne
855 1996 975 2027 dictum
1001 2002 1060 2032 est,
1084 1997 1171 2038 quod
1186 1996 1371 2028 Alcibiades
1387 1997 1488 2027 bonus
1510 1996 1625 2028 Cliniae

163 2045 245 2076 {ilius
256 2045 408 2086 justorum
425 2052 518 2088 atque
531 2048 715 2089 injustorum
733 2049 860 2085 inscius,
877 2061 909 2080 se
925 2051 1002 2081 scire
1018 2051 1160 2091 putabat,
1177 2055 1305 2092 eratque
1325 2050 1509 2082 concionem
1525 2050 1628 2081 Athe-

159 2099 314 2130 niensium
339 2111 531 2137 ascensurus,
558 2113 595 2133 ea
621 2104 787 2135 consulens
813 2114 883 2145 quae
909 2104 1063 2135 nesciret?
1108 2105 1189 2136 Sunt
1214 2106 1281 2136 haec
1307 2104 1400 2135 vera?
1446 2104 1514 2135 Ar..
1536 2104 1629 2134 Sunt.

159 2152 215 2183 So.
240 2153 395 2196 Euripidis
409 2156 485 2187 illud
503 2167 586 2188 nunc
602 2157 705 2194 nobis,
722 2168 741 2188 o
757 2158 950 2193 Alcibiades.
979 2159 1123 2190 occurrit.
1167 2158 1238 2189 Abs
1255 2164 1286 2189 te
1304 2159 1423 2200 quippe
1436 2158 1497 2189 ista
1513 2158 1626 2189 videris

161 2208 296 2244 audisse,
313 2219 374 2240 non
391 2221 408 2240 a
424 2221 471 2241 mc
487 2222 493 2241 :
519 2221 620 2252 neque
646 2222 704 2253 ego
721 2213 799 2247 haec,
817 2213 871 2243 sed
888 2218 921 2242 tu
937 2213 1054 2244 dixisti.
1077 2223 1127 2244 me
1154 2218 1257 2243 autern
1273 2212 1383 2243 frustra
1401 2221 1541 2243 accusas.
1584 2211 1628 2242 Et

162 2262 302 2302 profecto
319 2263 398 2294 bene
414 2263 504 2295 dicis.
548 2264 710 2295 Furiosum
726 2266 807 2296 enirn
825 2266 973 2307 quiddam
989 2267 1129 2308 aggredi,
1145 2277 1164 2297 o
1180 2266 1225 2296 vir
1240 2266 1370 2307 optime,
1385 2265 1534 2302 statuisti,
1549 2265 1628 2296 doc-

162 2320 247 2346 turus
261 2316 324 2356 illa,
339 2327 409 2358 quae
425 2317 545 2349 nescias
560 2328 663 2360 neque
679 2319 798 2350 discere
814 2329 914 2350 cures.
957 2319 1023 2350 AL.
1046 2320 1144 2356 Reor,
1160 2330 1178 2351 o
1195 2320 1348 2355 Socrates,
1365 2318 1575 2350 Athenienses
1597 2320 1630 2348 et

159 2369 236 2400 alios
264 2370 392 2401 Graecos
416 2381 495 2409 raro,
520 2381 663 2412 quaenam
687 2372 820 2413 justiora
844 2383 955 2414 quaeve
983 2374 1149 2415 injustiora
1174 2374 1248 2408 sint,
1275 2382 1424 2414 quaerere.
1446 2371 1522 2402 talia
1544 2371 1628 2403 enim

160 2428 272 2463 putant
296 2434 362 2455 esse
389 2425 563 2466 perspicua.
586 2426 632 2456 his
658 2426 749 2468 igitur
777 2428 908 2463 omissis,
941 2438 1011 2468 quae
1042 2428 1222 2459 conducant
1249 2426 1425 2468 agentibus,
1455 2425 1630 2467 inquirunt.

157 2487 259 2518 neque
274 2478 355 2509 enim
372 2479 481 2510 eadem
497 2490 563 2510 esse
576 2479 663 2520 justa
678 2485 710 2511 et
728 2480 814 2511 utilia
831 2486 918 2521 puto.
942 2481 1018 2522 quin
1035 2481 1141 2511 multis
1158 2481 1274 2522 injuste
1289 2480 1454 2521 agentibus
1470 2477 1626 2520 injustitia

158 2531 294 2571 profuit:
321 2532 397 2562 alios
423 2538 528 2563 contra
550 2532 635 2574 juste
663 2539 791 2575 agentes
817 2535 860 2564 nil
887 2535 954 2575 ipsa
976 2534 1102 2576 justitia
1122 2534 1218 2576 juvit.
1263 2534 1320 2565 So.
1345 2533 1418 2564 Alia
1444 2542 1517 2573 ergo
1537 2531 1629 2572 justa¹

157 2590 259 2620 erunt,
276 2585 336 2616 alia
350 2587 563 2618 conferentia:
589 2587 732 2629 nunquid
760 2598 831 2618 vero
857 2598 948 2618 nosse
965 2594 1067 2628 putas,
1094 2598 1165 2630 quae
1188 2588 1278 2618 utilia
1293 2592 1365 2618 sunt
1381 2585 1568 2620 hominibus,
1592 2591 1626 2616 et

157 2649 250 2679 quam
267 2639 306 2669 ob
322 2641 472 2670 eausam?
517 2640 580 2671 Ar..
605 2640 647 2671 Et
671 2642 747 2683 quid
766 2641 921 2682 prohibet,
945 2643 1110 2673 Socrates?
1135 2642 1193 2672 nisi
1217 2651 1318 2672 rursus
1342 2640 1496 2681 exquiras,
1519 2649 1538 2669 a
1559 2649 1624 2680 quo

155 2693 317 2724 didicerim
334 2699 389 2724 aut
404 2696 563 2735 quomodo
580 2695 647 2736 ipse
664 2695 843 2726 invenerim.
889 2696 945 2726 So.
967 2696 1042 2726 'sale
1058 2695 1208 2737 quiddam
1231 2705 1314 2726 nunc
1329 2693 1395 2735 agis
1410 2705 1416 2723 :
1441 2703 1478 2724 ac
1495 2692 1520 2723 si
1542 2692 1620 2734 quid

157 2757 219 2776 nou
247 2752 328 2778 recte
353 2748 450 2784 dicas,
476 2750 634 2790 possitque
659 2750 689 2780 id
717 2749 839 2780 ostendi
868 2760 921 2790 per
935 2750 1066 2780 candem
1091 2750 1256 2788 rationein,
1272 2758 1334 2789 qua
1350 2748 1528 2788 superiora:
1552 2746 1621 2787 ipse

154 2805 258 2831 tamen
276 2811 355 2831 nova
370 2803 514 2842 quaedam
529 2802 685 2834 existimes
697 2803 854 2834 audienda
867 2813 1024 2844 novasque
1035 2803 1314 2834 demonstrationes
1326 2801 1357 2831 in
1371 2799 1505 2831 medium
1519 2799 1620 2830 addu-

153 2854 281 2895 cendas,
297 2856 385 2896 quasi
409 2856 524 2897 priores
540 2857 678 2888 ‹liscissae
688 2863 720 2888 ct
741 2857 909 2888 consractae
926 2857 989 2888 sint
1012 2857 1108 2887 instar
1131 2861 1335 2898 apparatuum
1358 2859 1453 2895 atque
1473 2853 1620 2888 vestium.

152 2907 262 2950 quibus
279 2908 309 2939 in
326 2919 418 2941 scena
435 2915 582 2952 utuntur;
605 2911 716 2952 quibus
737 2911 862 2954 quidpm
891 2916 922 2942 tu
940 2922 1002 2943 non
1019 2911 1151 2953 amplius
1180 2909 1330 2944 induaris,
1361 2907 1422 2940 nisi
1437 2907 1506 2949 quis
1530 2907 1619 2938 aliud
