1840 3225
170 201 269 250 765]
625 200 696 238 DE
729 197 958 236 LEGIBUS
990 198 1089 238 LlB.
1122 198 1191 237 VI.
1558 197 1635 235 353

166 303 301 344 tatisque
317 303 452 340 alterius,
466 303 683 335 adolescentes
695 302 815 335 alendis
823 302 952 334 canibus
964 307 996 332 et
1012 302 1141 344 reliquie
1167 300 1324 332 venationi
1351 301 1426 331 dare
1439 309 1564 341 operam
1577 298 1632 329 de-

168 358 255 388 bent.
268 359 325 389 hos
333 358 420 400 ipsos
427 357 532 389 studio
543 358 638 389 etiam
653 358 708 389 illo
723 358 769 389 uti
785 361 919 399 oportet,
935 358 1017 398 quod
1035 357 1073 388 ab
1086 356 1275 388 occultando
1287 366 1306 387 a
1319 354 1480 386 nonnullis
1495 354 1638 395 appella-

165 418 235 442 tur:
249 412 307 443 sed
321 413 386 444 sive
401 413 458 450 sic,
474 413 538 443 sive
554 413 621 453 agri
639 411 781 443 custodia
794 412 835 442 sit
849 411 1052 447 nominanda,
1067 411 1132 441 sive
1147 411 1430 452 quomodocunque
1446 409 1537 439 aliter
1547 408 1636 450 quis-

168 476 262 506 quam
277 467 365 503 velit,
380 471 512 508 oportet,
526 471 560 497 ut
575 466 628 508 qui
641 466 777 497 civitatis
791 476 854 496 suae
871 466 1005 496 salutem
1019 470 1182 507 exoptant,
1197 465 1230 495 in
1246 475 1285 495 ea
1299 474 1332 495 se
1343 474 1377 495 re
1390 474 1447 505 pro
1456 463 1572 494 viribus
1588 461 1636 492 di-

165 520 302 562 ligenter
310 527 489 552 exerceant.
502 520 652 561 sequitur,
665 526 700 551 ut
710 520 749 551 de
765 530 929 551 censorum
939 519 1141 561 aediliumque
1154 519 1311 550 electione
1325 518 1476 550 dicamus.
1489 517 1635 558 sexagin-

165 580 198 605 ta
220 575 291 606 illos
314 581 471 606 curatores
493 584 636 616 agrorum
656 580 720 605 tres
747 580 920 616 sequuntur
935 574 1056 610 aediles,
1073 574 1230 615 tripartito
1246 573 1414 604 duodecim
1429 577 1536 613 partes
1546 570 1631 601 urbis

167 629 339 671 complexi:
364 630 418 670 qui
443 639 517 660 sane
542 629 612 660 illos
639 630 812 666 imitantur,
840 629 959 659 viarum
989 629 1074 659 urbis
1103 638 1208 659 curam
1235 627 1363 663 liabent,
1393 626 1633 667 vulgariumque

165 683 323 719 itinerum,
350 694 420 725 quae
446 694 466 714 a
489 683 617 725 regione
641 683 674 714 in
698 684 806 714 urbem
819 683 973 714 tendunt:
998 682 1241 714 aedificationum
1258 691 1393 723 quoque,
1410 685 1444 710 ut
1459 679 1632 710 secundum

165 738 254 778 leges
274 747 384 768 omnes
405 737 498 768 fiant:
523 747 674 779 aquarum
696 743 858 778 praeterea,
880 747 958 779 quas
973 737 1119 768 custodes
1135 736 1251 768 deduci
1267 736 1301 766 in
1318 735 1426 766 urbem
1443 738 1574 765 curant:
1600 738 1634 763 ut

163 791 197 822 in
212 791 316 822 fontes
329 802 423 833 quam
435 791 650 833 liquidissimae
667 792 919 833 sufficientesque
933 791 1100 828 ducantur,
1116 801 1154 822 ac
1170 791 1330 822 civitatem
1338 789 1453 831 juvent
1464 788 1580 830 pariter
1604 793 1640 818 et

164 851 327 876 exornent.
339 850 462 887 oportet
476 847 534 877 hos
548 856 616 877 esse
639 847 729 883 tales,
745 851 794 883 ut,
806 846 985 877 intermissa
996 856 1120 876 suorum
1135 855 1219 883 cura,
1233 845 1333 876 otium
1348 843 1484 874 habeant
1499 841 1541 873 ad
1557 841 1638 882 pub-

160 899 223 930 lica
237 900 444 941 procuranda.
458 906 650 942 quapropter
664 902 796 942 quisque
813 911 832 931 a
846 901 985 931 maximo
1001 910 1108 936 censu,
1124 910 1219 941 quem
1239 900 1329 936 velit,
1351 898 1475 929 aedilem
1497 896 1637 927 futurum

164 954 329 985 nominet:
353 960 386 986 et
399 954 440 986 de
454 965 522 992 sex,
539 955 591 996 qui
608 955 756 996 suffragio
781 960 903 985 ceteros
926 954 1128 995 superabunt,
1143 959 1208 984 tres
1234 959 1317 984 sorte
1345 952 1499 993 deligant,
1526 951 1641 993 quibus

162 1019 245 1039 curae
268 1009 328 1040 ista
354 1010 427 1040 sint.
449 1009 587 1050 denique
616 1009 811 1050 comprobati
835 1009 1051 1050 magistratum
1071 1008 1244 1039 secundum
1259 1007 1459 1049 praescriptas
1475 1005 1536 1037 sibi
1548 1005 1638 1046 leges

161 1069 324 1104 peragant.
347 1074 493 1095 censores
514 1064 675 1105 deinceps,
689 1074 792 1094 rerum
807 1064 968 1094 venalium
982 1068 1151 1099 curatores,
1168 1072 1188 1093 a
1202 1063 1303 1104 ptimo
1317 1060 1521 1102 secundoque
1535 1070 1635 1090 censu

161 1117 300 1159 quinque
315 1118 494 1159 deligantur
510 1129 516 1148 :
535 1128 704 1159 eorumque
717 1119 832 1149 electio
844 1118 1065 1149 eodem'ferme
1078 1117 1180 1153 modo,
1194 1128 1256 1159 quo
1267 1116 1416 1152 aedilium,
1428 1114 1634 1155 transigatur.

163 1172 280 1213 quippe
306 1171 346 1202 de
372 1172 495 1209 decem,
520 1173 574 1214 qui
600 1178 722 1204 ceteros
746 1173 895 1215 suffragio
918 1173 1105 1214 superarint,
1128 1172 1266 1213 quinque
1279 1176 1361 1202 sorte
1377 1169 1590 1211 designentur,
1607 1174 1641 1198 et

161 1227 356 1268 comprobati
371 1227 571 1268 magistratus
587 1227 798 1258 declarentur.
821 1227 965 1258 nominet
979 1232 1082 1257 autern
1097 1226 1270 1268 quemlibet
1285 1225 1456 1267 unusquisq
1463 1234 1512 1254 ue.
1538 1221 1636 1265 [764]

164 1281 220 1322 qui
233 1286 338 1312 autem
352 1281 436 1312 nolle
451 1282 657 1318 accusabitur,
675 1281 832 1312 drachmis
848 1281 1078 1323 quinquaginta
1092 1280 1269 1317 damnetur,
1288 1285 1382 1321 atque
1402 1279 1498 1309 etiam
1512 1277 1641 1318 iniquus

163 1335 367 1366 existimetur.
390 1335 518 1366 comitia
533 1346 794 1378 communemque
810 1344 937 1372 coetum,
954 1335 1132 1378 quicunque
1145 1336 1235 1371 velit,
1246 1333 1442 1376 ingrediatur
1457 1344 1463 1362 :
1489 1338 1584 1373 atque
1598 1332 1638 1362 ad

163 1387 197 1418 id
227 1389 322 1430 primi
350 1389 542 1431 secundique
573 1400 686 1421 census
707 1400 818 1421 omnes
845 1395 1007 1432 cogantur.
1030 1400 1122 1431 porro
1145 1390 1200 1431 qui
1226 1389 1266 1420 de
1292 1389 1340 1419 liis
1361 1387 1505 1423 abfuerit,
1528 1386 1640 1417 decern

161 1442 330 1474 damnetur
356 1444 523 1475 drachmis.
545 1444 631 1475 tertii
656 1455 730 1476 vero
755 1445 919 1487 quartique
937 1455 1050 1476 census
1073 1444 1217 1475 homines
1231 1454 1295 1475 non
1311 1449 1482 1484 cogantur:
1506 1441 1635 1477 iccirco,

163 1497 218 1538 qui
239 1507 303 1528 non
328 1498 482 1535 interfuit,
510 1498 670 1530 indemnis
693 1499 755 1529 sit:
779 1499 842 1530 nisi
863 1499 944 1530 forte
957 1499 1128 1541 principes,
1144 1504 1275 1541 urgente
1292 1497 1430 1540 quadam
1440 1496 1645 1532 necessitate,

165 1551 277 1583 adesse
291 1553 434 1584 omnibus
448 1553 616 1584 edixerint.
638 1559 687 1584 est
700 1558 803 1584 autem
820 1564 985 1585 censorum
997 1554 1146 1591 officium,
1161 1547 1220 1585 fori
1236 1552 1377 1584 ordinem
1401 1551 1524 1592 legibus
1539 1554 1641 1581 statu·

166 1612 234 1638 tum
262 1617 386 1638 servare
401 1619 408 1637 :
432 1607 568 1639 fontium
595 1618 722 1650 quoque
745 1613 778 1639 et
799 1609 1000 1650 templorum,
1017 1619 1087 1650 quae
1104 1609 1137 1639 in
1153 1618 1191 1639 eo
1206 1609 1276 1639 loco
1290 1611 1374 1643 sunt,
1390 1615 1496 1637 curam
1510 1605 1637 1640 babere,

166 1667 200 1692 ut
229 1672 269 1693 ne
298 1662 369 1704 quis
388 1662 456 1693 illic
481 1661 633 1704 injuriose
657 1663 828 1704 quicquam
854 1668 942 1704 agat:
966 1668 999 1694 et
1024 1663 1052 1694 si
1076 1663 1147 1704 quis
1171 1662 1293 1698 fecerit,
1317 1671 1425 1691 servus
1450 1659 1581 1701 quidem
1608 1664 1642 1690 et

165 1716 349 1758 peregrinus
377 1717 556 1748 verberibus
584 1723 618 1748 et
643 1718 776 1748 vinculis
802 1728 911 1759 poenas
947 1717 1024 1754 luat,
1054 1717 1130 1748 civis
1161 1721 1264 1748 autem
1293 1715 1473 1747 censoribus
1486 1712 1642 1744 drachmis

165 1776 295 1801 centum
303 1771 373 1813 jure
386 1771 530 1803 censorio
542 1771 779 1804 condemnetur.
802 1772 912 1814 majori
927 1782 1002 1804 vero
1016 1772 1146 1809 mulcta,
1158 1781 1259 1813 usque
1273 1770 1315 1802 ad
1322 1770 1411 1812 hujus
1424 1769 1565 1811 duplam,
1576 1767 1644 1807 isti,

165 1825 226 1855 nisi
243 1825 351 1872 aediles
377 1836 502 1868 quoque
529 1826 645 1863 adsint,
672 1826 884 1858 condemnare
910 1837 974 1858 non
998 1827 1131 1868 possint.
1153 1825 1265 1857 eadem
1290 1835 1415 1866 quoque
1446 1822 1590 1853 aedilibus
1606 1822 1640 1852 in

166 1880 292 1921 proprio
318 1881 499 1922 magistratu
531 1881 705 1912 mulctandi
736 1886 769 1912 et
799 1881 952 1923 puniendi
983 1880 1125 1912 conditio
1153 1879 1204 1911 sit.
1239 1889 1314 1910 nam
1341 1888 1440 1919 usque
1469 1876 1511 1907 ad
1523 1877 1644 1908 minam

168 1933 401 1965 condemnandi
427 1935 488 1976 ipsi
510 1935 648 1967 habeant
670 1940 880 1977 potestatem:
905 1936 946 1966 ad
972 1936 1100 1977 duplam
1116 1944 1192 1966 vero
1206 1934 1358 1965 mulctam
1374 1942 1536 1963 censorum
1549 1930 1643 1962 simul

169 1989 340 2019 auctoritas
368 1989 555 2030 requiratur.
598 1990 678 2021 Post
714 1991 782 2021 haec
813 1990 943 2021 musicae
971 1995 1004 2020 et
1032 1989 1241 2032 gymnasticae
1264 1988 1468 2029 magistratus
1497 1985 1644 2025 duplices

169 2043 333 2084 utriusque
360 2043 518 2074 facultatis
546 2045 797 2076 constituantur:
823 2044 878 2075 alii
903 2044 1089 2085 disciplinae,
1106 2043 1161 2074 alii
1181 2041 1414 2074 exercitationis
1428 2050 1533 2071 causa.
1580 2038 1645 2075 Qui

169 2097 346 2138 disciplinae
366 2103 517 2138 praesunt,
545 2099 778 2141 gymnasiorum
802 2098 1077 2139 doctrinarumque
1099 2102 1243 2128 ornatum
1273 2102 1305 2127 et
1327 2094 1473 2126 discendi
1499 2093 1644 2125 ordinem

169 2156 300 2182 curent:
325 2161 516 2194 operamque
539 2152 628 2192 dent,
653 2157 689 2183 ut
716 2157 778 2183 tam
804 2162 902 2183 mares
929 2162 1024 2194 quam
1035 2152 1161 2183 reminae
1176 2151 1210 2182 in
1226 2150 1442 2183 adolescentia
1456 2150 1587 2180 honeste
1604 2147 1646 2178 ad

169 2205 230 2236 ista
256 2206 502 2247 proficiscantur,
527 2207 661 2238 honeste
690 2207 787 2238 etiam
816 2212 1056 2238 commorentur.
1102 2205 1344 2237 Exercitationis
1375 2214 1483 2235 curam
1509 2203 1648 2234 habeant

170 2259 204 2290 in
232 2261 429 2302 gymnastica
455 2266 487 2291 et
512 2261 633 2293 musica
659 2261 722 2303 ipsi
747 2262 941 2298 athlothetae,
965 2262 1018 2303 qui
1042 2270 1174 2292 munera
1193 2260 1360 2301 imponunt
1374 2263 1469 2300 atque
1482 2257 1647 2288 declarant

171 2314 308 2350 athletis,
331 2315 409 2356 ipsis
432 2315 554 2346 scilicet
577 2316 789 2347 certatoribus.
813 2321 908 2358 atque
931 2316 965 2346 hi
985 2315 1128 2346 similiter
1156 2314 1302 2355 duplices
1316 2323 1384 2344 esse
1400 2311 1537 2343 debent:
1562 2311 1647 2341 circa

175 2367 326 2399 musicam
354 2368 419 2405 alii,
447 2369 500 2400 alii
526 2369 609 2401 circa
630 2371 868 2413 gymnasticam.
897 2375 931 2401 et
955 2370 990 2401 in
1019 2368 1214 2413 gymnastica
1234 2367 1363 2409 quidem
1376 2366 1474 2397 iidem
1486 2366 1602 2407 pariter
1613 2364 1648 2395 in

171 2422 332 2452 hominum
349 2432 541 2463 equorumve
556 2424 778 2455 certaminibus
794 2437 801 2455 :
825 2426 856 2456 in
873 2425 994 2456 musica
1009 2435 1084 2455 vero
1099 2424 1154 2455 alii
1166 2423 1199 2453 in
1210 2421 1373 2457 monodia,
1388 2420 1423 2451 id
1442 2425 1490 2451 est
1504 2425 1599 2451 cantu
1615 2424 1648 2450 et

171 2476 314 2506 oratione
337 2476 471 2514 funebri,
497 2482 530 2507 et
554 2478 731 2510 imitatione
754 2480 836 2521 ipsa,
862 2480 943 2511 sicut
968 2479 1204 2520 rhapsodomm,
1228 2486 1336 2508 eorum
1360 2475 1494 2511 scilicet,
1515 2474 1570 2515 qui
1586 2474 1644 2504 de·

172 2531 379 2561 cantatorium
406 2537 600 2572 componunt
625 2542 763 2570 carmen,
789 2533 1026 2568 citharistarum,
1053 2533 1221 2563 tibicinum
1246 2537 1483 2570 ceterorumque
1514 2529 1644 2559 talium:

174 2585 230 2615 alii
256 2585 288 2615 in
315 2585 400 2616 chori
428 2590 532 2617 cantu.
558 2586 692 2627 primum
706 2587 802 2628 igitur
816 2588 849 2618 in
865 2588 950 2620 chori
967 2587 1054 2623 ludo,
1071 2587 1124 2617 ubi
1141 2586 1209 2622 viri,
1227 2585 1315 2626 pueri
1330 2589 1362 2615 et
1375 2584 1489 2625 puellae
1504 2582 1647 2624 tripudio

173 2639 350 2681 ceterisque
373 2640 499 2672 musica-2
526 2640 628 2671 modis
649 2650 843 2678 exercentur,
870 2642 1031 2684 principes
1053 2639 1204 2682 eligendi.
1226 2650 1307 2670 unus
1334 2645 1439 2669 autem
1460 2638 1524 2668 illis
1536 2634 1652 2668 sufficit

176 2693 323 2736 princeps
336 2704 401 2725 non
417 2695 580 2736 pauciores
596 2705 691 2736 quam
706 2696 912 2738 quadraginta
927 2706 1024 2727 annos
1035 2701 1140 2726 natus.
1164 2694 1262 2735 [765]
1287 2703 1383 2724 unum
1397 2702 1523 2734 quoque
1539 2692 1572 2722 in
1584 2700 1647 2721 mo-

175 2746 273 2778 nodia
293 2748 432 2779 sufficere
449 2749 644 2785 arbitramur,
661 2750 713 2791 qui
729 2751 858 2792 triginta
870 2761 970 2782 annos
986 2748 1171 2791 expleverit,
1187 2748 1241 2789 qui
1257 2753 1290 2778 et
1307 2746 1488 2778 introducat
1507 2745 1651 2776 homines

179 2795 211 2831 in
235 2807 405 2839 certamen,
430 2803 539 2845 eisque
564 2804 753 2836 sufficienter
775 2811 944 2846 cognoscat
959 2810 991 2836 et
1007 2804 1142 2847 judicet.
1165 2808 1198 2834 at
1211 2813 1284 2833 vero
1301 2801 1473 2843 principem
1489 2799 1649 2830 ordinato-

181 2864 310 2897 remque
333 2857 419 2888 chori
444 2857 490 2888 sic
516 2863 639 2900 oportet
655 2859 785 2901 eligere.
807 2860 862 2901 qui
879 2860 953 2890 huic
968 2859 1013 2890 rei
1030 2863 1157 2895 vacant,
1171 2858 1205 2889 in
1221 2856 1389 2888 concilium
1405 2854 1652 2897 proficiscantur.

181 2908 299 2940 mulcta
310 2909 467 2951 imposita,
480 2913 542 2943 nisi
552 2914 754 2945 accesserint:
770 2914 860 2956 hujus
869 2915 913 2946 rei
924 2915 1029 2955 legum
1040 2911 1309 2954 custodesjudices
1321 2911 1382 2942 sint
1395 2922 1400 2939 ε
1414 2914 1545 2941 ceteros,
1561 2907 1584 2937 si
1595 2916 1651 2936 no-

271 2964 358 2995 Ptnt.
375 2965 427 2996 Tr.
948 2969 992 2999 11,
1493 2967 1512 2992 2
1530 2960 1559 2990 Y
