1840 3225
150 220 248 273 565]
558 200 630 261 DE
661 221 968 260 REPUBLICA
1000 222 1097 262 Lm.
1128 223 1241 262 vm.
1374 258 1376 260 ,
1534 228 1610 266 207

146 326 224 358 verti
238 327 366 368 penitus
378 326 412 358 in
428 326 614 361 contrarium
629 325 805 361 consuevit,
831 324 867 355 in
891 324 1096 367 temporibus,
1120 325 1152 355 in
1175 325 1347 366 arboribus,
1373 324 1472 370 [564]
1497 327 1531 358 in
1546 329 1618 361 ani.

148 381 281 415 malibus
295 382 374 414 etin
390 382 480 414 rebus
504 380 638 423 publicis
661 379 803 412 maxime.
847 378 932 411 Am.
956 378 1051 410 Haud
1078 379 1204 420 injuria.
1249 379 1356 411 Nimia
1381 380 1465 411 enirn
1488 381 1615 415 libertas

147 435 231 467 haud
248 435 280 466 in
295 435 380 467 aliud
397 435 519 466 videtur
532 445 625 475 quarn
641 433 768 464 nimiam
784 433 815 464 in
838 433 1020 464 servitutem
1045 434 1196 471 converti,
1219 439 1251 465 et
1274 434 1416 475 privatim
1430 440 1463 466 et
1478 437 1616 477 publice.

148 488 206 520 So-
231 489 323 521 Certe
348 489 381 521 id
404 492 660 520 consentaneum.
706 487 812 524 Quare
837 496 902 517 non
926 487 966 518 ab
990 497 1021 518 re
1047 487 1202 524 dicebam,
1224 498 1288 518 non
1312 498 1349 519 ex
1364 488 1426 518 alia
1441 500 1473 520 re
1488 491 1617 531 publica

149 553 244 585 quarn
262 542 406 585 populari
419 542 618 584 tyrannidem
633 550 757 581 surgere
772 552 779 570 x
805 545 942 572 extrema
957 550 994 571 ex
1011 540 1152 571 libertate
1168 541 1378 581 gravissimam
1394 548 1426 573 et
1437 545 1614 577 acerrimam

150 597 340 629 servitutem.
386 595 467 627 Am.
492 594 544 625 Sic
560 594 698 624 ostendit
711 593 802 624 ratio.
848 593 904 624 So.
927 592 972 624 At
987 602 1050 623 non
1066 593 1137 630 hoc,
1155 599 1188 624 ut
1204 594 1344 631 arbitror,
1360 595 1427 636 ipse
1443 599 1617 639 quaerebas,

149 650 205 681 sed
220 650 346 691 quinam
362 649 485 679 morbus
501 648 583 678 idem
600 647 632 678 in
648 657 817 688 paucorum
843 646 988 688 potentia
1011 647 1221 689 popularique
1248 649 1472 688 gubernatione
1487 652 1615 684 innatus

150 713 220 736 eam
236 704 267 735 in
283 702 462 735 servitutem
477 701 602 743 redigit.
647 700 729 732 Am.
752 700 835 733 Vera
856 711 974 732 narras.
1019 700 1076 732 8ο.
1100 701 1254 732 Dicebam
1280 703 1389 743 utique
1403 703 1570 736 otiosorum
1586 712 1620 737 et

151 757 351 799 prodigorum
377 756 537 787 hominurn
560 766 659 797 genus
684 755 796 796 partim
821 755 931 785 fortius
957 760 989 785 et
1012 754 1131 786 virilius
1158 766 1238 792 esse,
1266 756 1378 797 partim
1395 756 1538 798 ignavius
1552 771 1559 789 :
1584 764 1618 790 et

150 811 228 842 illud
244 811 371 852 quidem
387 811 512 846 ducere,
528 811 587 840 hoc
603 813 705 841 autem
726 809 825 850 sequi.
849 818 927 849 quos
942 808 1068 850 quidem
1098 809 1239 840 homines
1264 810 1343 841 fucis
1356 810 1390 841 in
1406 813 1616 852 superioribus

150 866 418 906 comparavimus:
442 864 514 895 illos
527 864 656 905 quidem
673 863 752 894 fucis
777 863 902 894 aculeos
928 863 1128 899 habentibus,
1144 865 1201 894 hos
1226 869 1330 895 autem
1354 865 1470 896 aculeis
1485 868 1619 898 carenti-

151 919 208 951 bus
223 919 315 950 fucis.
358 918 441 950 Ant.
465 918 506 949 Et
523 919 643 950 merito.
688 918 746 950 So.
770 918 828 948 Isti
843 917 985 958 quidem,
999 917 1032 948 in
1047 928 1234 959 quacunque
1255 918 1380 949 fuerunt
1395 920 1531 956 civitate,
1546 932 1616 952 eam

151 973 297 1005 turbant:
322 974 585 1014 quemadmodum
609 972 725 1013 pituita
751 983 787 1003 ac
809 972 878 1002 bilis
893 982 1016 1013 corpuS.
1040 982 1118 1012 quos
1134 977 1258 1013 oportet
1272 973 1387 1003 bonum
1405 975 1560 1006 medicum
1583 981 1617 1006 et

152 1027 257 1068 legum
280 1027 477 1059 fundatorem
500 1037 563 1057 non
587 1027 690 1057 minus
711 1037 804 1068 quarn
824 1026 966 1058 solertem
992 1036 1088 1067 apum
1108 1026 1258 1057 cultorem
1284 1027 1405 1058 eminus
1430 1039 1616 1069 praecavere,

153 1080 284 1122 primum
299 1082 427 1122 quidem
443 1092 482 1113 ne
497 1081 633 1112 oriantur
648 1081 680 1112 in
695 1081 822 1112 civitate
836 1092 843 1111 ε
868 1091 903 1111 ac
919 1080 944 1111 si
960 1080 1112 1117 oriuntur,
1129 1085 1163 1110 ut
1186 1090 1256 1111 cum
1273 1080 1349 1121 ipsis
1371 1081 1450 1112 favis
1472 1083 1615 1124 protinus

152 1135 350 1169 excidantur.
385 1135 469 1167 Ani.
486 1135 535 1166 Ita
547 1146 670 1177 prorsus
685 1135 854 1176 agendum.
876 1134 933 1166 So.
951 1135 1001 1165 Sic
1017 1134 1113 1175 igitur
1127 1134 1329 1175 accipiamus,
1343 1143 1377 1166 ut
1392 1136 1616 1177 perspicaciuS,

155 1189 240 1231 quod
251 1190 429 1231 quaerimus,
439 1199 675 1230 cognoscamus.
693 1189 775 1220 Anr.
792 1189 864 1226 Quo
879 1189 992 1230 pacto?
1008 1189 1063 1220 So.
1080 1188 1242 1218 Trifariam
1256 1190 1436 1229 popularem
1447 1191 1618 1229 civitatem,

151 1248 186 1274 ut
201 1254 233 1274 re
256 1244 324 1285 ipsa
340 1249 399 1284 est,
416 1244 595 1285 partiamur.
613 1254 708 1274 unum
724 1244 852 1284 quidem
868 1244 927 1274 hoc
940 1253 1037 1284 genus
1052 1242 1085 1273 in
1101 1253 1137 1273 ea
1151 1248 1278 1283 propter
1294 1243 1451 1274 licentiam
1467 1245 1616 1284 nascitur,

150 1306 214 1332 non
230 1297 331 1331 minus
343 1308 435 1339 quam
448 1297 479 1328 in
493 1307 661 1338 paucorum
675 1298 828 1338 potentia.
852 1297 934 1328 Am.
946 1297 1003 1327 Est
1015 1296 1070 1327 ita.
1093 1297 1147 1327 So.
1161 1296 1272 1338 Longe
1284 1302 1387 1327 autem
1403 1298 1502 1329 acrius
1515 1299 1546 1329 in
1559 1300 1617 1330 hac

151 1361 244 1392 quarn
259 1351 292 1383 in
308 1352 374 1384 illa.
411 1351 495 1384 Am.
520 1352 592 1388 Qua
608 1351 750 1382 ratione?
788 1352 845 1384 So.
868 1351 931 1388 Ibi,
946 1352 1021 1393 quia
1036 1352 1231 1392 contemptui
1247 1356 1295 1382 est
1309 1357 1341 1381 et
1357 1351 1510 1392 privatum
1528 1353 1617 1395 vivit,

148 1403 276 1437 imbelle
298 1411 424 1447 propter
438 1405 592 1436 desidiam
608 1405 654 1436 fit.
688 1406 722 1436 in
749 1405 893 1446 populari
916 1402 1021 1436 autem
1042 1405 1076 1436 id
1101 1416 1198 1446 genus
1222 1415 1326 1441 omne,
1347 1407 1486 1447 exceptis
1498 1408 1619 1448 paucis,

153 1459 310 1499 praesidet,
325 1464 358 1490 et
372 1460 456 1502 quod
470 1459 502 1490 in
519 1470 558 1491 eo
573 1459 768 1496 acerrimum,
784 1460 862 1490 dicit
884 1465 916 1490 et
931 1459 1015 1500 agit:
1039 1459 1123 1489 aliud
1151 1465 1255 1490 autern
1270 1458 1361 1499 juxta
1388 1459 1554 1491 tribunalia
1569 1460 1618 1491 in-

150 1511 270 1544 herens
285 1518 432 1555 susurrat,
446 1524 504 1545 nec
519 1513 642 1554 tolerat,
655 1513 680 1544 si
696 1514 765 1555 quis
781 1514 842 1544 alia
857 1514 982 1544 dixerit.
1028 1513 1229 1554 Quapropter
1244 1514 1348 1543 omnia
1363 1513 1402 1544 ab
1417 1514 1477 1545 hoc
1493 1526 1620 1556 genere,

151 1565 261 1607 paucis
275 1567 426 1608 exceptis,
447 1567 481 1599 iu
498 1567 624 1599 civitate
639 1567 819 1608 hujusmodi
841 1567 1106 1599 administrantur.
1153 1567 1235 1599 Anr.
1259 1568 1301 1598 Et
1323 1568 1454 1599 maxime
1479 1570 1621 1610 quidem.

151 1620 210 1652 So.
231 1619 331 1651 Aliud
348 1620 442 1663 igitur
464 1622 525 1654 tale
548 1632 671 1663 semper
693 1633 731 1653 ex
755 1622 955 1652 multitudine
986 1622 1172 1653 excernitur.
1217 1622 1298 1653 Am.
1322 1623 1447 1660 Quale?
1492 1623 1548 1656 So.
1573 1624 1620 1656 Ex

151 1673 296 1705 omnibus
310 1675 391 1706 euim
408 1682 560 1717 quaestum
576 1676 752 1717 agentibus,
775 1675 831 1718 qui
853 1681 963 1706 natura
986 1675 1205 1706 modestissimi
1229 1682 1312 1713 sunt,
1337 1681 1372 1706 ut
1386 1676 1552 1718 plurimum
1568 1679 1621 1709 di.

150 1728 260 1760 tissimi
275 1728 462 1762 efficiuntur.
506 1730 589 1761 Ani.
612 1730 880 1761 Consentaneum.
925 1730 982 1760 So.
1005 1729 1090 1761 Hinc
1105 1730 1211 1770 utique
1227 1730 1326 1761 mellis
1341 1731 1435 1772 copia
1449 1736 1481 1762 et
1497 1733 1619 1764 uberior

151 1787 185 1813 et
199 1783 320 1814 facilior
333 1783 412 1814 fucis
427 1784 620 1825 exprimitur.
667 1783 750 1815 Am.
775 1784 945 1821 Quomodo
961 1784 1043 1815 enim
1061 1795 1098 1815 ex
1113 1783 1172 1820 his,
1188 1785 1241 1825 qui
1259 1795 1359 1826 pauca
1376 1786 1546 1826 possident,
1563 1798 1617 1819 co-

151 1838 206 1878 pia
219 1837 320 1869 mellis
330 1838 574 1879 exprimeretur?
619 1838 675 1869 So.
699 1838 836 1875 Divites,
855 1844 890 1869 ut
915 1839 1052 1878 arbitror,
1068 1838 1146 1869 tales
1170 1838 1311 1869 fucorum
1339 1840 1432 1870 herba
1456 1846 1618 1872 vocantur.

151 1891 234 1924 Αοι.
257 1891 309 1923 Sic
321 1892 427 1924 ferme.
474 1892 530 1924 So.
554 1892 698 1934 Populus
724 1892 823 1933 [56⁵]
850 1897 954 1923 autem
981 1892 1104 1923 tertium
1129 1892 1187 1922 erit
1213 1903 1323 1933 genus,
1340 1898 1542 1934 quotcunque
1557 1894 1620 1936 ipsi

152 1955 209 1976 sua
223 1946 376 1977 duntaxat
393 1951 513 1982 curant,
528 1957 586 1977 nec
602 1946 712 1977 alienis
736 1957 768 1977 se
791 1947 966 1988 implicant,
990 1947 1074 1977 haud
1097 1946 1227 1976 multum
1252 1947 1424 1987 pecuniosi.
1446 1949 1531 1988 quod
1548 1949 1618 1990 qui-

153 1999 225 2030 dem
241 2010 340 2041 genus
354 2005 386 2031 et
398 2000 562 2041 plurimum
578 2005 625 2031 est
639 2005 672 2031 et
686 2001 717 2031 in
745 2001 888 2043 populari
911 2002 1038 2032 civitate
1061 2001 1366 2042 principalissimum,
1382 2002 1528 2042 quotiens
1541 2013 1617 2034 con-

153 2059 307 2094 gregatur.
353 2053 435 2086 ΑΜ.
460 2054 516 2084 Est
531 2059 625 2086 certe.
659 2060 691 2085 at
716 2064 779 2085 non
802 2056 980 2096 frequenter
1001 2054 1034 2085 id
1060 2055 1160 2085 facere
1177 2055 1254 2091 vult,
1270 2055 1328 2085 nisi
1345 2056 1501 2097 particeps
1517 2057 1618 2089 mellis

151 2107 312 2138 efficiatur.
357 2108 413 2138 So.
437 2107 553 2139 Nonne
569 2119 692 2150 semper
707 2114 754 2140 est
770 2110 937 2151 particeps,
953 2114 1120 2150 quatenus,
1135 2108 1190 2150 qui
1215 2109 1392 2149 praesident,
1407 2110 1617 2152 exspoliantes

151 2159 266 2192 divites
280 2161 562 2203 dispertientesque
588 2163 706 2205 populo
729 2163 788 2194 sibi
813 2168 944 2205 possunt
969 2169 1002 2193 ut
1026 2163 1191 2205 plurimum
1213 2164 1386 2204 usurpare?
1430 2163 1515 2195 Anr.
1539 2166 1617 2196 Pro-

152 2213 235 2246 fecto
251 2215 295 2246 ita
311 2215 346 2246 fit
361 2215 527 2258 particeps.
572 2217 628 2248 So.
653 2217 818 2259 Coguntur
834 2219 942 2259 utique
961 2227 1133 2258 repugnare
1149 2217 1193 2254 hi,
1208 2217 1261 2258 qui
1277 2217 1445 2259 exspoliati
1459 2224 1543 2256 sunt,
1560 2229 1616 2261 pro

153 2268 268 2300 viribus
283 2268 315 2299 in
328 2270 446 2311 populo
459 2271 599 2302 dicentes
615 2277 708 2313 atque
724 2278 863 2313 agentes.
909 2271 992 2303 Am.
1016 2271 1160 2308 Quidni?
1206 2272 1263 2302 So.
1286 2271 1494 2303 Occasionem
1510 2272 1617 2314 itaque

151 2322 191 2352 ab
207 2321 275 2353 aliis
290 2329 490 2365 acceperunt,
505 2325 644 2365 quamvis
661 2326 719 2367 ipsi
736 2337 799 2357 non
825 2332 988 2368 cuperent,
1007 2336 1104 2357 rerum
1127 2325 1388 2362 innovandarum,
1405 2328 1488 2367 quod
1506 2327 1615 2358 insidi-

152 2381 243 2406 entur
257 2377 388 2417 populo‚
403 2383 434 2408 et
449 2379 487 2408 ad
502 2389 668 2419 paucorum
684 2380 846 2422 imperium
870 2380 1035 2412 intendant
1051 2380 1200 2412 animum.
1245 2379 1326 2411 ΑΜ.
1349 2379 1414 2411 Cur
1428 2381 1512 2411 non?
1558 2380 1616 2412 So.

151 2429 293 2461 Tandem
308 2440 391 2467 vero,
407 2436 571 2472 postquam
588 2433 738 2473 populum
768 2433 913 2464 viderunt
935 2445 999 2464 non
1015 2439 1139 2474 sponte,
1155 2434 1210 2464 sed
1233 2434 1363 2464 inscium
1376 2444 1394 2464 a
1409 2434 1616 2465 calumnsato-

153 2481 298 2524 ribusque
310 2483 486 2521 seductum,
501 2485 618 2521 conari,
635 2491 669 2516 ut
684 2483 760 2527 ipsis
778 2486 922 2528 injuriam
939 2487 1063 2523 inferat,
1083 2492 1156 2517 tunc
1173 2496 1258 2523 sane,
1276 2486 1373 2517 velint
1387 2487 1499 2524 nolint,
1510 2499 1616 2519 revera

152 2536 290 2566 evadunt
305 2546 473 2577 paucorum
491 2538 641 2578 potentiae
663 2540 807 2577 studiosi,
830 2541 913 2572 haud
941 2541 1022 2571 ultro
1048 2540 1264 2581 volentesque,
1279 2542 1332 2571 sed
1351 2542 1409 2572 hoc
1422 2541 1483 2572 illis
1498 2543 1612 2578 malum

153 2589 267 2630 ingerit
282 2590 371 2621 fucus
387 2591 548 2623 stimulans
570 2603 624 2623 eos
640 2603 676 2624 ac
693 2604 848 2635 pungens.
893 2594 974 2626 Anr.
1000 2594 1105 2625 Valde
1118 2594 1258 2635 quidem.
1304 2593 1360 2625 So.
1388 2594 1614 2628 accusationes

152 2643 258 2684 igitur,
275 2643 374 2686 litigia
388 2646 669 2688 contentionesque
692 2653 808 2678 mutuae
833 2649 984 2681 oriuntur.
1029 2648 1113 2679 Ani.
1140 2648 1180 2678 Et
1204 2648 1347 2679 maxime.
1391 2649 1448 2680 So.
1472 2649 1614 2692 Ideoque

153 2697 288 2738 populus
301 2699 465 2730 consuevit
479 2710 576 2731 unum
599 2700 735 2742 aliquem
759 2703 806 2733 sui
834 2704 1030 2734 defensorem
1060 2713 1176 2738 creare,
1204 2712 1338 2743 eumque
1362 2703 1489 2739 nutrire,
1507 2709 1549 2741 et,
1567 2705 1614 2735 uti

154 2759 299 2791 maguum
314 2751 439 2788 efficiat.
455 2753 633 2786 confovere.
677 2754 759 2786 Ani.
782 2755 954 2788 Consuevit
979 2762 1072 2788 certe.
1117 2755 1172 2786 So.
1197 2755 1243 2786 Ex
1257 2766 1320 2797 quo
1343 2761 1430 2797 patet
1445 2762 1611 2799 tyrannum

152 2813 191 2835 ex
203 2804 307 2837 radice
321 2806 434 2837 tutoria
451 2806 614 2848 pullulare.
660 2807 744 2841 Am.
767 2809 895 2842 Certum
921 2811 953 2842 id
969 2811 1109 2853 quidem.
1153 2810 1209 2842 So.
1233 2809 1387 2847 Quasnam
1409 2810 1496 2852 origo
1512 2816 1615 2842 muta·

154 2856 246 2888 tionis
260 2867 297 2889 ex
313 2863 414 2892 tutore
429 2860 459 2893 in
477 2862 668 2902 tyrannum?
691 2873 731 2893 au
743 2863 889 2896 videlicet
904 2870 1068 2907 postquam
1092 2864 1199 2906 coepit,
1222 2864 1278 2906 qui
1302 2869 1425 2905 praeest,
1452 2865 1484 2895 id
1509 2874 1611 2906 agere,

152 2911 238 2951 quod
253 2911 336 2944 circa
350 2914 501 2957 templum
520 2915 627 2958 Lycaei
641 2916 731 2949 Jovis
746 2917 778 2949 in
793 2918 930 2952 Arcadia
945 2918 1051 2953 fabula
1067 2918 1179 2951 refert?
1226 2918 1306 2950 Am.
1329 2917 1488 2956 Quidnam
1505 2919 1518 2947 ἒ
1555 2919 1610 2951 So.
