1840 3225
229 224 280 261 58
486 219 704 258 INCERT]
739 219 1010 257 AUC'I‘ORIS
1045 218 1369 256 ALCIBIADES
1401 219 1431 257 1.
1595 219 1692 270 [135

234 324 291 354 So.
330 322 362 353 Si
395 327 476 354 recte
508 323 666 354 civitatem
698 323 922 363 gubernaturus
953 332 996 359 cs,
1026 321 1139 353 virtute
1170 321 1331 352 imbuendi
1362 326 1436 352 sunt
1475 321 1570 353 cives.
1633 321 1701 352 Ar..

234 376 380 414 Quidni?
434 376 486 408 So.
521 376 605 407 Num
637 377 710 408 dare
740 377 808 418 quis
836 381 939 418 potest
969 377 1047 413 aliis,
1078 377 1163 418 quod
1193 375 1260 417 ipse
1290 386 1354 406 non
1380 375 1498 406 habet?
1551 374 1618 408 AL.
1653 374 1701 406 At

235 430 420 471 quomodo?
467 431 524 462 So.
550 430 631 471 Ergo
655 430 765 461 virtute
790 430 872 471 prius
898 436 1023 460 ornatus
1047 430 1114 471 ipse
1139 430 1233 460 debet
1255 440 1336 470 esse,
1351 429 1532 471 quicunqne
1553 439 1617 460 non
1641 429 1701 460 sibi

235 489 355 514 tantum
371 495 406 516 ac
420 485 494 521 suis,
512 484 565 515 sed
583 484 763 525 reipublicae
779 485 885 519 etiam,
901 484 992 520 otiis,
1008 493 1078 524 quae
1094 484 1133 513 ad
1160 494 1226 514 eam
1250 489 1406 524 spectant,
1421 483 1626 523 imperaturus
1640 488 1701 514 est.

237 537 305 569 AL.
330 537 410 569 Vera
427 538 516 571 dicis.
562 539 618 570 So.
644 537 714 569 Nec
731 538 824 579 igitur
837 538 1032 580 principatus
1047 548 1149 579 neque
1165 537 1293 568 licentia
1308 537 1471 579 quodlibet
1483 536 1632 573 faciendi,
1645 541 1702 567 aut

235 591 291 621 tibi
309 597 362 622 ant
379 592 420 623 rei
435 591 583 633 publicae,
601 602 703 622 verum
717 592 841 633 justitia
858 592 962 633 potius
987 597 1020 622 et
1050 591 1214 632 prudentia
1230 591 1452 633 comparanda.
1498 591 1526 621 Λ
1535 601 1564 622 ι.
1587 590 1700 632 Appa-

234 649 291 679 ret.
338 646 394 676 So.
416 645 507 677 Juste
523 646 606 676 enim
623 657 659 677 ac
677 646 843 687 prudenter
858 651 987 686 agentes
1002 651 1035 676 et
1051 652 1082 675 tu
1099 644 1190 676 simul
1208 651 1239 676 et
1254 650 1307 675 tua
1333 655 1379 676 res
1402 644 1529 686 publica
1545 644 1616 675 Deo
1632 654 1704 686 gra·

235 706 300 730 tmn
317 710 397 741 opus
412 700 563 731 efficietis.
607 699 673 731 Ar..
698 699 825 731 Decens
851 705 908 731 est.
954 700 1009 731 So.
1034 699 1075 730 Et
1097 700 1361 740 quemadmodum
1387 709 1480 740 supra
1505 699 1652 739 diximus,
1668 698 1700 729 in

235 754 375 785 divinum
393 754 590 795 splendorem
607 754 764 784 intuentes
779 754 888 794 agetis.
934 753 998 785 AL.
1022 753 1166 784 Videtur.
1211 753 1267 783 So.
1291 753 1378 790 Quin
1403 753 1496 784 etiam
1512 752 1588 783 illuc
1602 752 1701 794 respi-

234 808 365 844 cientes,
382 814 500 839 vosmct
516 813 676 849 vestraque
692 809 772 839 bona
789 808 954 850 perspicue
971 807 1162 838 discernens.
1208 807 1274 839 AL.
1299 807 1402 839 Certe.
1447 807 1502 838 So.
1527 806 1643 837 Nonne
1655 806 1700 838 sic

234 867 318 892 rccte
334 866 428 902 atque
445 862 524 893 bene
549 863 670 903 agetis?
717 861 782 894 AL.
806 862 959 903 Agemns.
1005 862 1061 892 So.
1085 861 1251 892 Enimvero
1277 861 1448 900 fidejubere
1475 865 1598 902 paratus
1619 871 1700 898 sum,

234 926 302 952 vos,
319 916 342 946 si
371 917 414 946 ita
430 916 577 958 vixeritis,
592 916 699 948 felices
723 915 799 947 fore.
846 915 909 948 Ar..
933 915 1092 957 Locuples
1115 920 1199 947 certe
1223 915 1398 956 fidejussor.
1442 915 1498 946 So.
1521 915 1652 952 Contra,
1675 915 1702 945 si

232 968 353 1010 injuste
371 970 517 1007 vixeritis,
535 970 745 1012 despicientes
764 971 796 1000 in
810 971 952 1001 tenebras
969 968 1141 1001 divinitatis
1157 975 1311 1010 expertes,
1327 968 1501 1000 consimilia
1515 969 1580 1000 istis
1593 979 1701 1010 opera,

234 1028 269 1053 nt
285 1029 528 1055 consentancum
544 1030 602 1065 cst,
629 1024 780 1060 efficietis,
798 1035 851 1054 vos
881 1024 965 1065 ipsos
989 1023 1114 1064 penitus
1137 1023 1325 1064 ignorantes.
1371 1023 1435 1053 AL.
1459 1022 1601 1054 Videtur.
1645 1023 1701 1054 So.

235 1076 296 1106 Cui
323 1077 418 1114 cuim,
436 1089 454 1107 o
481 1078 579 1108 amice
604 1078 798 1114 Alcibiades,
816 1083 954 1118 potestas
984 1077 1084 1112 adest,
1110 1077 1323 1118 quodcunque
1350 1076 1476 1107 libuerit
1499 1076 1701 1114 conficiendi,

235 1135 338 1160 mente
355 1141 426 1161 vtro
453 1137 564 1172 captus
591 1137 650 1171 est,
668 1132 817 1172 quidnam
841 1131 1032 1162 conveniens
1057 1136 1104 1161 est
1125 1130 1170 1161 illi
1194 1131 1386 1171 contingere,
1403 1141 1457 1161 seu
1483 1131 1621 1172 privatus
1644 1131 1700 1162 ille

233 1183 372 1224 quidem,
390 1184 454 1215 sive
467 1196 514 1215 res
531 1185 656 1226 publica
673 1185 735 1215 sit?
761 1185 857 1216 veluti
873 1185 899 1215 si
915 1184 1078 1226 aegrotanti
1092 1184 1217 1215 cuidam
1233 1184 1329 1215 libera
1340 1185 1467 1215 licentia
1481 1184 1531 1222 sit,
1548 1185 1699 1216 rationem

234 1237 347 1268 medici
363 1249 425 1268 non
443 1239 580 1275 habenti,
597 1240 650 1269 sed
669 1243 815 1280 tanquam
842 1237 938 1279 [135]
963 1238 1161 1280 tyrannidem
1185 1238 1352 1274 exercenti,
1371 1244 1405 1268 ut
1426 1249 1518 1269 nemo
1543 1248 1615 1269 eum
1643 1239 1698 1269 ab·

232 1296 359 1322 stcrrcre
375 1293 495 1323 valcat:
521 1293 598 1334 quid
615 1292 658 1322 illi
674 1297 856 1323 eventurum
873 1291 941 1322 cst?
966 1302 1070 1322 nonne
1087 1290 1253 1322 verisimile
1268 1296 1325 1327 cst,
1344 1297 1377 1321 ut
1392 1301 1505 1332 corpus
1520 1302 1697 1332 corrumpa-

233 1345 306 1375 tur?
353 1345 381 1376 A
389 1356 416 1378 L.
440 1346 522 1377 Vera
539 1346 688 1387 loqueris.
734 1347 789 1377 So.
815 1346 901 1382 Quid
920 1356 1003 1383 vero,
1019 1346 1045 1376 si
1060 1346 1094 1376 in
1110 1345 1182 1376 navi
1198 1346 1282 1387 apud
1294 1346 1473 1387 quempiam
1485 1345 1585 1376 omnis
1599 1346 1696 1377 licen-

233 1398 276 1428 tia
292 1398 343 1435 sit,
369 1400 581 1440 quodcunque
607 1401 747 1431 videatur
774 1400 900 1441 agendi,
919 1405 1021 1431 mente
1048 1405 1150 1430 tamen
1179 1405 1210 1430 et
1237 1400 1431 1441 gubernandi
1457 1400 1568 1441 peritia
1583 1405 1700 1437 careat,

232 1462 305 1481 num
322 1453 434 1490 cernis,
448 1464 519 1494 qua:
534 1454 591 1484 sibi
607 1459 639 1485 et
650 1454 741 1485 sociis
757 1460 905 1484 eventura
921 1454 1007 1484 sint?
1055 1454 1119 1484 AL.
1142 1453 1264 1494 Opinor
1275 1454 1432 1495 equidem,
1445 1454 1529 1485 illum
1546 1465 1579 1485 se
1596 1454 1698 1495 ipsum

235 1515 298 1536 una
313 1512 406 1547 atque
423 1507 524 1538 socios
541 1508 744 1548 perditurum.
791 1508 847 1539 So.
871 1507 987 1538 Nonne
1002 1507 1098 1549 igitur
1115 1508 1199 1538 omni
1217 1508 1258 1538 rei
1284 1508 1418 1549 publicae
1434 1509 1582 1550 omnique
1596 1509 1698 1550 impe·

233 1559 278 1589 rio
296 1565 326 1590 et
341 1561 560 1598 dominationi,
577 1562 628 1592 nbi
657 1562 751 1592 virtus
778 1562 877 1598 deest,
893 1562 1062 1603 contingit,
1085 1567 1116 1592 ut
1145 1562 1223 1592 male
1252 1563 1345 1603 agat?
1393 1562 1455 1595 AL.
1478 1561 1617 1594 Necesse
1638 1568 1697 1594 est.

232 1613 289 1644 So.
303 1613 387 1662 ‘Non
404 1625 477 1654 ergo
495 1615 646 1656 tyrannis,
662 1615 779 1656 optime
797 1614 994 1655 Alcibiades,
1010 1621 1063 1645 ant
1079 1616 1168 1645 nobis
1184 1621 1236 1646 aut
1253 1616 1294 1647 rei
1318 1615 1453 1657 publicae
1478 1617 1616 1658 paranda
1638 1623 1700 1658 cst,

233 1667 287 1696 sed
306 1668 413 1704 virtus,
432 1669 524 1699 modo
541 1669 648 1700 felices
674 1680 743 1700 esse
761 1669 903 1700 verimus.
948 1669 1012 1701 AL.
1037 1670 1121 1700 Vera
1144 1670 1232 1702 dicis.
1278 1670 1333 1701 So.
1357 1670 1503 1702 Ceterum
1529 1677 1698 1713 antequam

230 1720 326 1751 virtus
342 1721 434 1762 adsit,
451 1727 576 1763 praestat
592 1723 668 1759 viro,
685 1733 746 1753 non
764 1723 858 1753 modo
876 1734 985 1765 puero,
1003 1723 1066 1764 regi
1081 1734 1099 1753 a
1116 1724 1253 1760 meliore,
1269 1734 1362 1765 quam
1378 1735 1494 1766 regere.
1543 1725 1604 1758 Ar...
1628 1725 1698 1767 Ap-

232 1780 331 1814 paret.
375 1775 432 1807 So.
455 1775 571 1807 Nonne
585 1778 670 1818 quod
687 1777 797 1808 ruelius
813 1783 871 1813 est,
884 1778 965 1808 idem
983 1783 1014 1809 et
1031 1778 1211 1818 pulchrius?
1259 1778 1326 1809 AL.
1349 1779 1401 1810 Sic
1416 1785 1473 1810 est.
1518 1780 1573 1812 So.
1601 1781 1698 1817 Quod

232 1827 403 1868 pulchrius,
434 1830 597 1861 decentius
612 1832 623 1862 ?
670 1830 736 1861 AL.
760 1832 902 1868 Quidni?
947 1832 1003 1863 So.
1028 1832 1133 1862 Decet
1163 1832 1268 1873 itaque
1298 1832 1412 1863 malum
1440 1834 1564 1867 servire.
1589 1835 1699 1866 melius

233 1881 317 1912 enim
333 1888 390 1913 est.
436 1883 501 1916 AL.
527 1884 642 1917 Decet.
688 1886 745 1916 So.
771 1885 898 1917 Seu-ilis
914 1897 987 1927 ergo
1014 1886 1160 1927 pravitas.
1205 1886 1270 1916 AL.
1294 1886 1447 1928 Apparet.
1491 1888 1545 1920 So.
1570 1888 1698 1921 Libera-

234 1934 271 1965 lis
295 1942 398 1966 antem
424 1937 531 1970 virtus.
578 1938 640 1970 AL.
665 1938 714 1969 Ita
742 1944 800 1970 est.
845 1940 901 1971 So.
927 1939 1055 1976 Nonne,
1082 1951 1101 1970 o
1125 1940 1237 1977 amice,
1262 1941 1391 1972 servitus
1414 1941 1587 1983 fugienda?
1630 1944 1698 1975 Ar..

237 1988 378 2021 Maxime
394 1990 534 2031 quidem,
551 2004 570 2023 o
585 1993 738 2025 Socrates.
785 1994 842 2026 So.
867 1994 1029 2031 Adi-erlis,
1045 1995 1203 2035 quomodo
1220 2001 1250 2026 te
1273 2006 1357 2026 nunc
1380 1997 1519 2028 habeas?
1544 2004 1644 2029 utrum
1660 1999 1699 2030 li-

236 2042 378 2074 beraliter
394 2055 433 2074 an
460 2047 589 2077 contra?
634 2046 700 2078 AL.
726 2047 766 2078 Et
792 2049 923 2079 maxime
949 2049 1089 2090 quidem,
1107 2054 1141 2079 nt
1166 2050 1242 2081 mihi
1259 2051 1375 2087 videor,
1403 2052 1462 2083 hoc
1485 2053 1598 2084 sentio.
1641 2054 1698 2085 So.

231 2096 377 2137 Nostine,
391 2110 453 2140 qno
472 2106 562 2142 pacto
577 2101 610 2132 id
628 2102 712 2143 quod
740 2112 823 2133 nunc
852 2107 883 2133 te
908 2107 1056 2144 occupat,
1082 2103 1188 2144 fugare
1205 2105 1324 2145 queas?
1349 2106 1445 2136 nolim
1462 2107 1544 2138 enim
1560 2107 1644 2139 istud
1659 2110 1694 2140 in

230 2150 313 2182 claro
343 2153 467 2185 homine
492 2155 662 2188 nominare.
722 2155 787 2187 AL.
813 2155 897 2187 Novi
923 2157 1080 2198 equidem.
1128 2158 1182 2189 So.
1208 2158 1377 2194 Quomodo
1407 2160 1528 2201 igitur?
1574 2161 1640 2194 Ar..
1664 2163 1697 2194 Si

230 2205 297 2245 ipsc
315 2206 459 2247 volucris,
477 2219 494 2238 o
512 2209 664 2241 Socrates.
710 2210 766 2241 So.
788 2211 884 2241 Haud
902 2216 985 2242 recte
1000 2210 1349 2252 loqueris‚Alcibiades.
1394 2215 1458 2244 Ar..
1483 2214 1694 2256 Atquomodo

233 2259 403 2291 dicendum
430 2263 498 2292 est?
545 2262 600 2294 So.
625 2264 657 2294 Si
683 2264 773 2295 Deus
800 2264 943 2297 voluerit.
990 2265 1059 2297 Ax..
1083 2265 1168 2296 Dico
1191 2266 1350 2306 equidem,
1363 2273 1458 2308 atquc
1485 2269 1544 2300 hoc
1568 2270 1696 2312 insuper

233 2313 330 2350 addo,
347 2316 431 2355 quod
450 2317 694 2357 periclitabimur
711 2318 824 2359 figuras
840 2319 973 2350 invicem
990 2327 1192 2361 commutare,
1207 2324 1292 2350 tuam
1315 2321 1440 2361 quidem
1463 2332 1523 2364 ego
1549 2323 1694 2362 induens,

227 2372 259 2397 tu
276 2373 379 2399 autem
397 2380 506 2400 meam.
530 2371 595 2402 lieri
611 2372 693 2402 enim
712 2383 773 2403 non
793 2378 908 2414 potest,
923 2373 1000 2414 quin
1015 2384 1074 2414 ego
1090 2378 1120 2403 te
1133 2373 1283 2415 deinceps
1299 2374 1423 2411 ducam,
1441 2381 1472 2406 tu
1490 2384 1592 2408 autem
1608 2389 1627 2409 a
1644 2390 1692 2411 me

228 2421 360 2454 ducaris.
408 2424 463 2455 So.
489 2424 518 2455 O
535 2436 695 2466 germ-osc,
711 2427 809 2458 nihilo
827 2427 919 2468 igitur
933 2438 1019 2458 meus
1034 2427 1066 2458 in
1084 2432 1113 2458 te
1128 2437 1214 2458 amor
1227 2438 1246 2458 a
1261 2428 1383 2460 ciconia
1397 2429 1514 2467 differt,
1527 2432 1552 2462 si
1569 2439 1692 2473 postea·

225 2485 318 2514 quam
336 2487 431 2517 prope
448 2483 478 2508 te
494 2478 580 2509 vclut
594 2480 624 2509 in
642 2481 718 2511 nido
735 2492 869 2511 amorem
886 2481 1002 2512 alatum
1019 2481 1140 2519 foverit,
1156 2482 1194 2512 ab
1218 2482 1274 2512 illo
1290 2482 1400 2513 iterum
1417 2485 1578 2518 nutriatur.
1625 2487 1690 2519 At..

226 2528 372 2559 Profecto
387 2531 431 2562 sic
447 2542 478 2562 sc
497 2543 542 2563 res
558 2533 651 2564 habet
667 2546 673 2563 ι
699 2540 731 2565 et
748 2534 895 2575 incipiam
921 2535 991 2565 hinc
1014 2534 1079 2575 jam
1100 2534 1254 2576 justitiam
1271 2537 1422 2569 meditari.
1467 2539 1522 2570 So.
1546 2539 1575 2570 O
1588 2550 1690 2582 'qnam

226 2586 255 2611 tc
274 2583 363 2612 velim
381 2587 589 2624 perseverare!
617 2588 711 2618 timeo
735 2593 851 2622 antem,
876 2593 991 2619 natura:
1018 2595 1078 2620 tua:
1105 2589 1262 2628 diffidens,
1279 2590 1433 2633 hujusque
1448 2592 1583 2624 civitatis
1599 2594 1691 2625 robur

227 2634 414 2678 intelligor&
433 2649 470 2670 nc
488 2640 516 2670 id
535 2651 582 2672 mc
598 2642 701 2679 simul,
718 2653 753 2674 ac
771 2648 801 2674 te
817 2643 932 2675 vincat.
