1840 3225
158 259 256 310 416]
587 259 660 297 DE
691 255 1000 295 REPUBLICA
1032 256 1131 294 LIB.
1163 256 1237 294 ΙΙΙ.
1547 256 1617 293 131

157 363 399 405 defensoresque
430 362 660 394 institutionum
691 363 827 404 ipsorum
855 362 1033 403 principum
1065 362 1318 403 appellabuntur.
1363 361 1477 392 GLAU.
1510 361 1561 392 Sic
1591 366 1622 392 et

156 418 224 460 ipse
239 418 352 448 sentio.
397 418 452 448 So.
476 417 556 455 Quis
571 417 680 457 itaque
706 417 815 447 modus
843 416 913 452 erit,
929 426 992 456 quo
1020 426 1056 445 ex
1085 415 1131 445 his
1159 415 1341 451 mendaciis,
1356 425 1426 457 quae
1450 413 1621 455 aliquando

156 472 282 508 decent,
300 472 562 513 quemadmodum
579 476 611 501 et
626 481 682 501 nos
697 471 730 501 in
747 470 958 511 superioribus
975 479 1156 509 generosum
1185 470 1334 510 quiddam
1362 468 1547 499 mentientes
1573 468 1622 499 in-

156 525 312 562 duximus,
330 526 581 567 persuadeamus,
599 525 682 566 prius
699 524 825 566 quidem
842 523 1037 564 principibus
1056 535 1061 552 :
1087 523 1133 552 siu
1151 523 1263 557 minus,
1278 523 1386 553 saltem
1402 522 1528 563 reliquis
1547 523 1622 553 civi-

154 579 236 610 bus?
283 578 396 611 Gran.
421 579 523 616 Quale
540 579 620 610 istuc
646 579 716 609 ais?
762 579 818 610 So.
842 577 930 608 Nihil
955 576 1029 607 novi
1055 578 1212 618 equidem,
1231 577 1284 607 sed
1310 576 1505 606 Phoenicium
1531 576 1623 617 quid-

153 633 225 663 dam
242 645 249 663 :
274 634 359 674 quod
375 639 446 663 ante
464 632 589 673 quidem
606 632 690 673 apud
709 632 823 661 multos
836 632 952 662 factum
967 636 1025 667 est,
1044 637 1078 660 ut
1102 631 1207 672 po'e‘tae
1233 630 1379 660 dixerunt
1404 636 1436 660 et
1462 639 1623 671 persuase-

153 692 244 726 runt3
268 687 379 717 nostris
396 697 465 717 vero
484 687 676 728 temporibus
693 686 841 716 minime:
868 696 926 717 nec
953 685 1017 716 scio
1047 685 1070 715 si
1097 684 1233 715 futurum
1262 694 1411 724 unquam.
1434 685 1622 723 persuadere

151 746 235 772 certe
251 747 298 772 est
312 742 452 772 arduum.
499 740 615 771 Gmu.
641 741 744 777 Quam
762 740 848 781 pigre
864 740 902 769 ad
920 740 1090 770 dicendum
1108 739 1219 769 videris
1235 738 1396 769 accedere.
1443 736 1499 767 So.
1525 736 1622 768 Vide-

148 795 205 825 bor
219 795 363 836 equidem
382 795 448 831 tibi,
467 800 631 835 postquam
657 795 775 834 dixero,
791 794 883 824 valde
909 794 1057 824 decenter·
1084 793 1266 833 pigrescere.
1317 791 1433 822 Gcav.
1458 790 1522 821 Dic
1550 801 1619 831 age,

148 860 207 880 nec
224 850 344 880 timeas.
390 849 445 881 So.
469 848 551 879 Ecce
561 848 628 888 jam
645 848 728 884 dico,
745 858 925 889 quanquam
941 848 1047 878 nescio
1072 857 1135 887 qua
1161 847 1293 876 audacia
1319 845 1494 886 quibusque
1520 845 1621 875 verbis

146 903 243 934 fretus
258 903 359 934 dicam
378 915 384 933 :
411 909 504 944 atque
521 903 681 944 aggrediar
696 903 826 943 primum
844 902 922 943 ipsis
939 901 1133 942 principibus
1149 906 1181 931 et
1197 900 1347 930 militibus
1372 899 1512 935 suadere,
1529 899 1621 929 dein-

147 968 223 998 ceps
238 962 341 988 autem
358 962 390 987 et
405 957 529 998 reliquis
545 958 675 995 civibus,
691 958 776 998 quod
793 967 842 997 ea,
858 950 970 996 quibus
996 966 1053 986 nos
1078 955 1162 996 ipsos
1188 954 1392 985 enutrivimus
1415 954 1621 984 erudivimus-

148 1021 224 1052 que,
240 1016 387 1052 tanquam
403 1011 522 1041 somnia
538 1011 592 1041 visi
609 1010 712 1040 onmia
731 1015 803 1041 sunt
819 1010 901 1040 circa
916 1020 947 1040 se
964 1009 1049 1050 ipsos
1065 1009 1188 1039 habere.
1212 1013 1300 1039 eraut
1315 1013 1418 1038 autem
1435 1015 1508 1038 tunc
1534 1018 1621 1040 reve-

147 1075 180 1095 ra
198 1065 254 1095 sub
270 1070 360 1100 terra,
376 1065 459 1094 intus
475 1064 599 1094 formati
616 1070 647 1095 et
662 1064 800 1100 enutriti,
816 1063 878 1104 ipsi
895 1068 927 1093 et
942 1073 1024 1092 arma
1040 1073 1145 1093 eornm
1173 1068 1205 1092 et
1229 1062 1368 1103 supellex
1397 1061 1508 1092 omnis.
1532 1067 1620 1102 post-

147 1129 240 1161 quam
257 1128 328 1149 vero
345 1118 472 1148 omnim)
491 1118 618 1159 perfecti
635 1118 774 1153 fuerunt,
790 1122 868 1148 terra
889 1117 974 1157 ipsos
1000 1122 1035 1146 ut
1061 1121 1157 1146 mater
1183 1116 1301 1146 eduxit.
1325 1121 1357 1146 et
1384 1126 1467 1146 nunc
1493 1116 1620 1156 quidem

146 1177 293 1214 tanquam
312 1173 399 1202 matri
415 1182 451 1203 ac
467 1172 580 1203 nutrici
597 1172 713 1213 regioni
731 1172 817 1211 huic,
833 1172 864 1201 in
881 1181 943 1212 qua
959 1176 1042 1207 sunt,
1060 1170 1222 1201 consulere
1239 1170 1355 1200 debent
1373 1175 1466 1210 atque
1493 1180 1620 1201 succur-

145 1238 223 1263 rere,
240 1227 264 1257 si
280 1226 350 1268 quis
365 1237 432 1257 eam
459 1226 615 1262 invaserit,
632 1227 735 1267 deque
762 1225 874 1257 ceteris
902 1225 1023 1256 civibus
1052 1230 1199 1265 tanquam
1227 1224 1370 1254 fratribus
1399 1229 1475 1254 terra
1505 1224 1619 1264 genitis

146 1282 293 1323 cogitare.
340 1281 455 1312 GLAU.
482 1280 556 1310 Non
574 1281 685 1311 frustra
698 1280 772 1311 olim
789 1280 995 1310 erubescebas
1012 1280 1070 1309 hoc
1089 1279 1285 1309 mendacium
1307 1279 1421 1309 dicere.
1468 1279 1524 1309 So.
1550 1278 1618 1309 De-

145 1341 252 1367 center
267 1336 455 1365 admodum:
480 1335 534 1365 sed
552 1335 704 1375 audijam
729 1334 882 1375 reliquum
909 1333 1007 1375 [415]
1034 1333 1159 1364 fabulae.
1206 1332 1288 1363 Estis
1315 1332 1424 1373 utique
1453 1343 1561 1362 omnes
1585 1332 1617 1362 in

144 1390 271 1421 civitate
287 1394 434 1431 tanquam
449 1389 568 1427 fratres,
585 1394 620 1419 ut
635 1389 698 1430 ipsi
715 1389 855 1420 dicemus
872 1389 910 1419 ad
929 1399 981 1418 eos
999 1388 1215 1428 confugientes
1231 1399 1237 1416 :
1264 1387 1317 1417 sed
1347 1397 1417 1417 cum
1446 1386 1535 1416 Deus
1562 1396 1618 1416 vos

143 1444 300 1480 formaret,
317 1443 499 1485 quicunque
517 1448 650 1473 vestrum
666 1443 706 1473 ad
723 1443 940 1484 imperandum
959 1442 1064 1472 idonei
1081 1442 1146 1471 nati
1163 1446 1245 1479 sunt,
1261 1451 1367 1471 aurum
1384 1441 1415 1470 in
1431 1450 1535 1470 eorum
1564 1450 1618 1481 ge-

143 1497 304 1530 neratione
332 1497 410 1539 ipsis
437 1498 614 1533 admiscuit,
632 1502 757 1539 propter
785 1497 871 1539 quod
894 1496 1125 1527 honoratissimi
1154 1501 1249 1526 sunt:
1275 1495 1335 1526 illis
1363 1494 1549 1535 autem,qui
1577 1494 1618 1524 ad

143 1551 370 1588 auxiliandum,
387 1558 547 1593 argentum
563 1552 701 1583 indidit:
727 1553 839 1582 ferrum
856 1552 995 1593 denique
1012 1556 1105 1591 atque
1133 1561 1175 1581 ms
1203 1549 1346 1591 agricolis
1373 1554 1406 1579 et
1431 1549 1499 1579 aliis
1527 1548 1619 1589 opifi-

142 1606 242 1638 cibus.
266 1611 414 1647 tanquam
440 1606 534 1647 igitur
558 1606 699 1647 ejusdem
729 1607 849 1648 generis
875 1617 996 1646 omnes,
1015 1606 1129 1636 similes
1155 1605 1241 1635 vobis
1263 1604 1428 1645 plurimum
1452 1601 1617 1644 generatis.

143 1661 248 1691 evenit
262 1666 366 1691 autem
393 1661 595 1702 quaudoque,
613 1667 646 1692 ut
672 1673 709 1692 ex
735 1672 828 1692 aureo
855 1666 1000 1692 nascatur
1027 1665 1203 1702 argenteus,
1217 1664 1249 1689 et
1273 1669 1310 1689 ex
1337 1663 1484 1699 argenteo
1510 1656 1617 1687 simili-

143 1719 190 1745 ter
218 1725 340 1751 aureus,
357 1720 523 1755 ceteraque
538 1715 579 1745 ita
598 1715 744 1746 vicissim.
769 1719 960 1756 quapropter
976 1714 1051 1755 ipsis
1077 1712 1271 1754 principibus
1296 1718 1328 1743 et
1352 1712 1450 1753 primo
1476 1716 1508 1742 et
1535 1721 1618 1741 max-

142 1769 205 1799 ime
221 1768 311 1799 Deus
329 1769 483 1811 praecipit,
499 1774 533 1799 ut
549 1769 665 1799 nullius
682 1769 726 1800 rei
751 1768 898 1810 majorem
927 1779 1031 1799 curam
1059 1767 1298 1808 custodiamque
1325 1766 1499 1807 suscipiant
1523 1775 1615 1807 quam

142 1824 299 1860 natorum,
315 1827 349 1853 ut
364 1823 562 1864 dignoscant,
579 1823 654 1865 quid
683 1835 720 1854 ex
745 1829 879 1864 quatuor
906 1823 953 1854 his
980 1822 1175 1864 potissimum
1205 1822 1326 1851 illorum
1354 1820 1464 1851 animis
1491 1821 1533 1850 sit
1560 1819 1615 1849 im-

142 1877 296 1917 mixtum3
321 1882 353 1908 et
376 1878 401 1908 si
424 1878 495 1919 quis
522 1889 559 1909 ex
585 1879 662 1919 ipsis
690 1884 834 1909 nascatur
859 1888 965 1908 aeneus
992 1882 1045 1907 aut
1072 1877 1199 1915 ferreus,
1215 1875 1302 1905 nullo
1329 1880 1423 1916 pacto
1451 1873 1617 1904 miserean-

143 1936 203 1968 tur,
230 1932 284 1962 sed
312 1932 461 1963 honorem
490 1933 535 1963 illi
562 1938 681 1963 naturae
710 1932 951 1963 convenientem
979 1931 1164 1970 tribuentes,
1189 1929 1269 1959 inter
1299 1928 1429 1969 opifices
1460 1927 1507 1958 vel
1536 1928 1617 1969 agri-

142 1986 227 2017 colas
257 1985 401 2025 mittant;
426 1997 590 2028 rursusque
617 1987 642 2016 si
672 1997 709 2016 ex
740 1985 804 2016 illis
835 1990 979 2016 nascatur
1011 1985 1123 2025 aliquis
1143 1994 1253 2014 aureus
1282 1983 1329 2014 vel
1355 1988 1531 2024 argenteus,
1560 1983 1616 2012 ho-

142 2045 288 2070 norantes
314 2041 478 2076 extollant,
509 2040 621 2081 partim
649 2039 775 2081 quidem
803 2039 836 2069 in
862 2039 1022 2079 custodes,
1052 2038 1162 2079 partim
1193 2036 1396 2068 auxiliarios:
1429 2036 1519 2077 quasi
1549 2047 1616 2066 ora-

142 2093 248 2124 culum
278 2094 328 2130 sit,
360 2099 433 2125 tuuc
463 2105 525 2125 rem
558 2095 713 2135 publicam
747 2094 925 2135 perituram,
958 2104 1027 2124 cum
1060 2093 1158 2133 ipsam
1196 2092 1242 2122 vel
1279 2102 1383 2122 aeneus
1422 2096 1527 2121 custos
1565 2090 1615 2121 vel

140 2147 255 2179 ferreus
281 2149 476 2189 gubernabit.
522 2149 682 2185 Habesne,
707 2149 865 2190 quomodo
893 2148 966 2178 huic
995 2147 1109 2178 sabulae
1138 2146 1230 2177 fidem
1259 2145 1451 2176 adhibeant?
1498 2144 1615 2175 GLAU.

141 2201 240 2233 Nullo
257 2204 364 2243 modo,
379 2214 442 2245 quo
458 2209 554 2245 pacto
571 2203 619 2234 isti
635 2216 642 2234 ε
668 2214 731 2245 quo
747 2209 850 2234 autern
870 2204 962 2233 modo
980 2202 1107 2232 istorum
1122 2201 1177 2231 filii
1190 2211 1225 2232 ac
1238 2200 1349 2241 reliqui
1363 2199 1489 2241 posteri,
1501 2199 1614 2229 habeo.

142 2257 199 2288 So.
224 2256 268 2288 At
282 2258 341 2288 hoc
358 2258 439 2288 bene
456 2268 487 2288 se
506 2258 634 2288 haberet
651 2259 690 2288 ad
709 2257 855 2298 majorem
873 2267 976 2288 curam
993 2256 1041 2286 sui
1058 2261 1089 2286 et
1105 2254 1240 2286 cix-itatis
1268 2254 1456 2284 habendam.
1502 2252 1615 2283 GLAU.

140 2310 262 2348 Ferme,
287 2312 372 2353 quud
401 2311 494 2348 dicis,
520 2311 677 2353 intelligO.
725 2312 780 2344 So.
805 2311 847 2342 Et
872 2312 931 2342 hoc
959 2311 1085 2352 quidem
1112 2309 1185 2339 illuc
1213 2308 1342 2347 tendet;
1366 2317 1428 2348 quo
1457 2306 1615 2338 oraculum

143 2366 302 2406 perducet.
349 2365 417 2395 Nos
433 2371 536 2397 autem
556 2367 611 2396 lios
629 2371 708 2397 terra
724 2367 846 2407 genitos
864 2370 1028 2400 armantes,
1045 2364 1234 2394 ducentibus
1250 2361 1444 2403 principibus
1461 2361 1614 2402 produca-

142 2429 220 2451 mus.
238 2419 369 2460 profecti
387 2424 490 2449 autem
507 2420 671 2461 explorent
686 2432 694 2460 3
710 2420 838 2452 ubinam
855 2420 886 2450 in
903 2420 1031 2450 civitate
1047 2418 1086 2448 sit
1101 2417 1255 2459 optimum
1272 2421 1371 2447 castra
1388 2425 1514 2456 ponere,
1533 2414 1616 2444 unde

141 2478 173 2504 et
188 2482 253 2510 eos,
270 2473 324 2514 qui
341 2472 423 2503 intus
439 2479 522 2510 sunt,
539 2475 669 2505 maxime
684 2475 872 2513 cohibeant3
895 2474 919 2504 si
936 2473 1006 2514 quis
1021 2471 1102 2503 nolit
1125 2471 1245 2512 legibus
1272 2469 1349 2511 ipsis
1376 2470 1589 2509 obtemperare
1605 2478 1612 2498 z

141 2532 174 2558 et
189 2538 255 2567 eos,
270 2527 322 2568 qui
340 2532 438 2563 extra,
454 2528 619 2567 repellant,
636 2529 660 2559 si
678 2529 775 2559 hostis
792 2534 939 2570 tanquam
957 2528 1050 2568 lupus
1066 2526 1103 2556 ad
1133 2525 1213 2555 ovile
1242 2523 1417 2565 perrexerit.
1442 2532 1512 2553 cum
1541 2531 1614 2552 vero

141 2587 242 2612 castra
270 2582 441 2623 posuerint,
458 2586 490 2611 et
517 2582 629 2622 quibus
654 2588 779 2624 oportet
803 2582 1054 2616 sacrificaverint,
1082 2579 1280 2611 tabernacula
1305 2582 1436 2608 struant.
1460 2576 1556 2612 sicne,
1573 2585 1613 2605 an

140 2635 253 2666 aliter?
301 2636 412 2667 GLAu.
439 2636 491 2666 Sic
507 2641 602 2667 certe.
648 2636 703 2668 So.
728 2637 812 2667 Num
831 2635 1021 2677 hujusmodi,
1039 2633 1143 2675 qualia
1160 2638 1267 2664 contra
1292 2630 1409 2661 hiemes
1435 2635 1467 2661 et
1493 2629 1612 2661 calores

140 2690 323 2722 sufficiant?
368 2691 484 2721 (jean.
510 2689 659 2726 Quidni?
684 2690 892 2720 habitationes
909 2690 991 2720 enim
1008 2688 1110 2718 dicere
1128 2685 1202 2716 mihi
1221 2683 1345 2716 videris.
1393 2684 1448 2714 So.
1472 2683 1522 2713 Sic
1549 2682 1611 2718 aio,

139 2745 194 2775 sed
210 2745 369 2781 militares,
386 2755 450 2774 non
467 2744 633 2785 opulentas
648 2748 679 2774 et
696 2744 902 2775 mercatorias.
929 2743 1026 2784 [416]
1054 2742 1169 2772 Gmu.
1194 2740 1266 2776 Quo
1283 2738 1405 2769 differre
1422 2737 1530 2768 asseris
1551 2737 1611 2768 hoc

141 2799 180 2830 ab
192 2798 272 2829 illo?
309 2798 364 2830 So.
389 2798 535 2829 Conabor
550 2797 695 2840 equidem
713 2799 880 2830 declarare.
928 2797 1148 2829 Gravissimum
1167 2795 1285 2837 quippe
1299 2793 1438 2824 omnium
1452 2798 1484 2823 et
1497 2790 1611 2831 turpis-

139 2852 249 2883 simum
281 2853 456 2895 pastoribus
485 2858 577 2889 esset,
602 2852 627 2882 si
658 2863 711 2883 eos
741 2858 835 2894 atque
863 2853 907 2883 ita
933 2863 1025 2883 canes
1056 2850 1157 2892 gregis
1186 2848 1331 2880 custodes
1361 2847 1481 2877 futuros
1511 2843 1611 2874 nutri-

139 2911 219 2943 rent,
236 2911 270 2938 ut
284 2917 320 2938 ex
336 2906 577 2948 intemperantia
594 2911 648 2936 aut
662 2916 699 2937 ex
717 2905 798 2937 fame
813 2911 866 2936 aut
882 2917 918 2937 ex
943 2905 1048 2946 aliqua
1072 2904 1133 2934 alia
1157 2902 1237 2934 mala
1261 2900 1489 2932 consuetudine
1514 2908 1609 2929 canes

139 2961 199 3004 ipsi
216 2961 434 3003 aggrediantur
451 2960 594 3003 pecuaria
611 2960 736 3002 laedere,
751 2966 783 2992 et
801 2971 855 3002 pro
870 2959 1000 2992 canibus
1016 2959 1130 2989 similes
1154 2956 1238 2999 lupis
1263 2955 1446 2987 efficiantur.
1492 2951 1609 2983 GLAu.
