1840 3225
147 221 242 271 137]
752 219 1060 257 AMATORES.
1563 225 1612 261 39

141 323 303 355 confessus
317 330 375 356 est.
422 323 500 354 Eum
517 333 586 354 mox
609 322 848 362 interrogabam,
875 328 974 351 utrum
1000 321 1146 362 possibile
1170 328 1261 360 esset,
1278 323 1355 354 duas
1377 325 1511 356 eundern
1528 326 1607 356 ‹lun-

143 383 229 408 taxat
243 383 324 409 artes
340 379 398 409 hoc
425 383 531 419 pacto,
546 377 660 407 nedum
686 375 854 416 permultas
879 385 1068 416 magnasque
1094 377 1263 417 percipere.
1310 377 1359 408 Ne
1377 378 1418 408 ita
1434 389 1482 410 me
1501 379 1607 411 dicere

146 437 249 473 putes,
266 443 285 462 o
301 433 453 466 Socrates,
469 430 558 472 quasi
576 430 847 471 philosophantem
872 434 1014 470 oporteat
1031 429 1166 469 singulas
1181 437 1260 461 artes
1275 432 1313 461 ad
1331 443 1483 462 summum
1501 444 1606 474 prose-

143 485 212 526 qui,
229 486 491 527 quemadmodum
508 484 640 515 artifices
655 495 664 522 3
681 494 797 519 verum,
814 488 849 513 ut
864 483 991 513 lih'erum
1008 484 1104 513 virum
1121 485 1337 527 eruditumque
1351 487 1443 518 decet
1457 499 1462 516 z
1483 493 1516 517 ut
1529 488 1610 528 potis

145 539 186 569 sit
201 539 371 580 percipere,
387 549 458 580 quae
481 549 499 569 a
514 548 703 581 quocunque
718 537 835 567 artifice
860 537 1069 577 proferuntur,
1087 548 1148 578 prae
1163 540 1274 569 ceteris
1288 542 1443 577 omnibus,
1460 543 1512 583 qui
1530 553 1607 584 prae-

146 597 249 624 sentes
264 593 347 632 sint3
372 592 486 634 etipse
512 598 662 634 praeterea
686 592 730 621 ita
756 596 858 622 mente
881 590 1070 632 conjectare,
1096 598 1129 621 ut
1144 603 1265 633 semper
1279 592 1346 634 ipse
1362 595 1609 636 elegantissimus

143 655 181 678 nc
195 646 442 688 sapientissimus
459 647 656 688 praesentium
674 645 810 676 omnium
827 644 859 675 in
874 645 933 681 his,
950 656 1019 686 quae
1044 646 1076 675 in
1091 656 1216 687 quaque
1231 651 1296 678 arte
1311 648 1456 679 dicuntur
1472 655 1504 680 et
1519 650 1610 690 fiunt,

143 706 305 741 appareat.
351 700 459 742 Atque
474 711 533 742 ego
549 699 669 741 (adhuc
692 700 774 730 enim
790 710 936 740 quorsum
960 700 1102 730 tenderet
1118 700 1330 742 ambigebam)
1347 702 1548 744 Intelligone,
1566 705 1612 734 in-

145 764 250 795 quam,
277 754 400 796 qualem
424 754 503 786 dicis
529 765 595 785 esse
621 755 718 784 virum
744 753 965 794 philosophum
979 753 990 783 ?
1035 753 1159 785 Videris
1185 755 1266 785 enim
1292 756 1364 785 mihi
1390 757 1481 787 talem
1498 758 1612 794 dicere,

144 808 251 848 quales
267 808 298 838 in
320 808 489 840 certamine
504 813 577 839 sunt
591 808 759 849 pentathli,
777 808 807 838 id
832 812 879 838 est
896 807 985 848 periti
1008 808 1146 849 quinque
1162 809 1376 846 certaminum,
1388 821 1460 852 erga
1475 822 1612 843 cursores

142 861 192 892 vel
209 862 369 904 peltastas,
387 863 417 893 id
431 867 479 893 est
493 862 646 904 clipeatos
657 862 858 903 jaculatores.
905 861 1028 892 Etenim
1045 862 1091 892 illi
1112 873 1129 892 a
1145 864 1319 894 cursoribus
1343 864 1391 895 vel
1416 865 1555 905 peltastis
1579 866 1611 896 in

142 925 249 946 eorum
263 916 487 947 certaminibus
504 922 689 958 superantur
704 922 798 957 atque
815 917 986 947 secundum
1002 916 1141 947 ordinem
1159 917 1323 957 obtinent;
1341 918 1528 960 reliquorum
1539 931 1610 950 vero

143 969 328 1000 athletarum
347 970 436 1010 primi
454 976 548 1011 atque
574 971 717 1002 victores.
762 970 839 1001 Tale
863 970 984 1011 aliquid
1008 970 1087 1001 forte
1110 971 1236 1002 dicebas
1251 972 1458 1013 philosophiae
1473 973 1610 1005 studium

144 1029 290 1064 praestare
306 1025 500 1066 philosophis
515 1037 522 1055 z
551 1031 584 1055 ut
607 1025 646 1055 ab
662 1025 712 1063 iis,
729 1025 782 1066 qui
798 1024 830 1055 in
858 1024 969 1065 quavis
996 1028 1059 1054 arte
1083 1024 1180 1066 [136]
1205 1026 1340 1066 supremi
1354 1033 1437 1063 sunt,
1453 1027 1484 1057 in
1501 1028 1610 1058 eadem

144 1083 210 1109 arte
224 1077 432 1121 intelligentia
457 1084 642 1120 superentur
666 1079 803 1120 dumque
827 1079 999 1109 secundum
1024 1078 1126 1109 locum
1149 1084 1266 1115 tenent,
1289 1086 1455 1121 sequentes
1478 1081 1613 1122 reliquos

144 1134 334 1164 antecedant
349 1146 356 1164 :
384 1138 418 1164 ut
434 1133 642 1175 philosophus
657 1133 689 1163 in
707 1133 835 1174 singulis
858 1133 1058 1164 facultatibus
1082 1133 1226 1163 secundae
1244 1134 1332 1164 sortis
1347 1134 1469 1165 existat.
1491 1135 1613 1175 ejusce-

147 1187 232 1217 modi
247 1187 322 1218 mihi
337 1187 450 1218 videris
466 1188 738 1229 philosophantem
755 1187 851 1217 virum
869 1187 1043 1218 ostendere.
1089 1186 1204 1226 Recte,
1227 1187 1342 1228 inquit,
1359 1199 1376 1218 o
1393 1189 1546 1226 Socrates,
1563 1200 1614 1221 ac-

143 1240 266 1282 cepisse
280 1241 406 1278 videris‚
421 1252 492 1283 quae
507 1242 547 1272 de
566 1241 752 1282 philosopho
768 1241 853 1272 dicta
867 1240 1003 1276 fuerunt,
1022 1251 1092 1271 cum
1107 1251 1178 1271 eum
1195 1242 1357 1281 pentathlo
1373 1244 1612 1284 comparaveris·

146 1293 204 1326 Est
212 1295 294 1326 enim
308 1295 416 1337 procul
430 1295 526 1326 dubio
539 1295 622 1332 talis,
638 1299 673 1324 ut
685 1294 762 1325 nulli
776 1295 904 1335 negotio
921 1295 1033 1325 servire
1049 1295 1174 1336 penitus
1193 1295 1265 1325 velit
1280 1307 1287 1333 3
1301 1306 1402 1337 neque
1420 1296 1450 1326 in
1468 1297 1613 1338 aliquare

146 1358 246 1390 usque
258 1349 296 1380 ad
309 1359 461 1379 summum
475 1349 632 1380 elaborare
648 1361 653 1378 ε
680 1359 719 1379 ne
735 1354 861 1389 propter
875 1348 965 1379 unius
977 1354 1116 1380 exactam
1129 1348 1324 1390 diligentiam
1338 1350 1368 1380 in
1386 1351 1454 1381 aliis
1468 1352 1612 1382 omnibus

143 1402 358 1439 facultatibus,
383 1403 647 1444 quemadmodum
659 1401 805 1438 artifices,
819 1401 947 1434 omnino
960 1402 1088 1433 deficiat
1104 1414 1113 1441 3
1136 1403 1190 1433 sed
1207 1401 1313 1433 omnia
1327 1404 1524 1435 mediocriter
1536 1410 1615 1435 tem-

145 1461 315 1498 perateque
324 1456 470 1497 attingat.
494 1456 570 1487 Post
581 1457 660 1487 hanc
670 1456 755 1486 illius
764 1457 997 1498 responsionem
1006 1456 1138 1498 cupiens
1148 1457 1270 1498 planius
1280 1468 1382 1495 nosse,
1391 1458 1466 1500 quid
1484 1460 1614 1495 diceret,

143 1509 342 1552 interrogavi,
355 1510 453 1540 bonos
465 1510 545 1540 viros
555 1510 688 1541 utilesne
697 1520 736 1539 an
745 1510 870 1540 inutiles
879 1521 945 1540 esse
955 1510 1163 1541 arbitraretur.
1188 1511 1302 1550 Utiles,
1311 1512 1424 1553 inquit,
1433 1523 1451 1543 o
1461 1513 1614 1545 Socrates.

146 1562 263 1594 Nonne
278 1563 305 1594 si
321 1564 395 1594 boni
412 1563 515 1600 utiles,
531 1563 605 1594 mali
627 1563 754 1594 inutiles
776 1564 889 1594 erunt?
936 1563 1115 1595 Consensit.
1158 1565 1246 1602 Quid
1270 1571 1386 1603 autem,
1411 1567 1616 1609 philosophos

145 1617 226 1648 viros
240 1617 331 1649 utiles
347 1617 397 1648 vel
419 1617 546 1648 inutiles
562 1618 676 1659 putas?
721 1617 775 1648 Ad
801 1619 869 1649 haec
893 1618 946 1649 ille
962 1619 1092 1649 maxime
1108 1619 1245 1649 omnium
1266 1620 1358 1651 utiles
1383 1631 1450 1651 esse
1477 1621 1615 1662 philoso-

147 1671 226 1712 phos
241 1671 442 1705 asseveravit.
465 1671 535 1713 Age
550 1671 658 1714 igitur,
673 1672 906 1713 dignoscamus,
920 1672 945 1703 si
959 1677 992 1703 tu
1009 1673 1137 1714 quidem
1156 1683 1226 1704 vera
1241 1673 1331 1710 dicis,
1347 1675 1506 1716 quomodo
1522 1676 1615 1707 utiles

146 1724 237 1756 nobis
252 1730 325 1757 sunt
339 1726 391 1757 isti
406 1727 553 1758 secundae
568 1727 658 1757 sortis
682 1725 835 1758 homines.
858 1727 1056 1758 manifestum
1084 1727 1166 1758 enim
1189 1732 1248 1765 est,
1271 1728 1356 1768 quod
1371 1728 1502 1770 singulis
1518 1735 1614 1761 artem

147 1778 334 1811 habentibus
348 1779 477 1811 inferior
491 1786 538 1811 est
561 1781 779 1822 philosophus.
825 1781 961 1812 Annuit.
1007 1781 1091 1823 Age,
1107 1781 1245 1822 iuquam,
1262 1782 1287 1812 si
1304 1783 1352 1813 vel
1369 1788 1402 1813 tu
1418 1784 1465 1814 vel
1483 1795 1520 1815 ex
1536 1786 1613 1815 ami-

145 1833 191 1864 cis
204 1833 318 1875 aliquis
332 1833 390 1865 tibi
404 1834 578 1865 carissimus
594 1839 768 1876 aegrotaret,
784 1841 886 1865 utrum
902 1835 941 1865 ad
958 1835 1062 1866 curam
1078 1835 1267 1866 valetudinis
1292 1836 1511 1878 philosophum
1528 1839 1614 1870 illum

146 1887 364 1919 secundarium
379 1889 506 1919 domum
522 1889 698 1926 induceres,
714 1899 753 1919 an
780 1888 934 1919 medicum
949 1889 959 1918 ?
1005 1887 1191 1928 Utrumque.
1238 1888 1290 1919 Ne
1306 1890 1381 1920 mihi
1396 1891 1481 1922 dicas
1496 1897 1614 1924 utrum-

147 1951 232 1982 que:
257 1943 314 1973 sed
329 1947 430 1973 utrum
446 1943 575 1984 potius?
620 1942 747 1979 Nullus,
773 1942 886 1984 inquit,
913 1942 1095 1983 ambigeret,
1120 1942 1197 1983 quin
1223 1942 1380 1974 medicum
1405 1950 1437 1975 et
1463 1947 1562 1988 magis
1584 1954 1616 1978 et

147 1995 243 2036 prius.
289 1995 375 2033 Quid
392 2001 496 2027 autem
513 1996 543 2027 in
560 1996 631 2027 navi
646 1996 792 2027 fluctibus
808 1995 936 2036 agitata,
954 2001 1054 2026 utrum
1073 2001 1103 2027 tc
1118 2001 1150 2026 et
1165 2001 1219 2027 tua
1234 1997 1443 2039 gubernatori,
1456 2010 1496 2030 an
1513 2000 1616 2041 philo·

146 2048 248 2089 sopho
262 2048 495 2080 committeres?
542 2048 751 2080 Gubernatori
766 2049 924 2090 equidem.
971 2049 1012 2079 Et
1024 2049 1054 2079 in
1068 2049 1194 2091 reliquis
1213 2050 1369 2089 omnibus,
1386 2052 1487 2084 donec
1503 2054 1612 2086 artifex

147 2100 262 2143 aliquis
277 2101 369 2138 adsit,
386 2102 592 2144 philosophus
606 2103 664 2134 erit
678 2103 821 2134 inutilis?
867 2102 1020 2144 Apparet,
1035 2103 1150 2145 inquit.
1195 2104 1407 2147 Philosophus
1422 2107 1516 2149 igitur
1527 2119 1613 2140 nunc

147 2155 238 2186 nobis
254 2155 372 2187 inutilis
387 2162 445 2194 est,
462 2167 532 2188 cum
556 2157 688 2189 artifices
704 2157 818 2188 adsint.
864 2157 1009 2189 Confessi
1024 2169 1095 2189 vero
1121 2169 1241 2200 sumus,
1255 2160 1352 2192 bonos
1369 2162 1496 2203 quidem
1524 2165 1615 2196 utiles

147 2220 228 2248 esse,
254 2211 350 2242 malos
374 2211 513 2244 inutiles.
559 2212 697 2244 Coactus
721 2217 768 2243 est
783 2212 920 2254 denique
936 2212 1090 2244 confiteri.
1135 2212 1222 2250 Quid
1238 2225 1311 2256 ergo
1338 2222 1408 2256 post
1424 2218 1489 2249 haec
1505 2219 1559 2250 abs
1584 2225 1615 2250 te

146 2265 274 2306 petam?
304 2276 343 2296 an
369 2265 498 2296 forsitan
523 2266 724 2297 inhumanum
751 2272 808 2302 est,
837 2267 915 2297 ultra
941 2267 1140 2308 perquirere?
1186 2268 1347 2311 Quicquid
1374 2271 1472 2313 lubet,
1503 2272 1615 2314 inquit.

148 2317 238 2350 Nihil
254 2319 338 2350 atiud
356 2326 442 2361 peto,
458 2319 518 2351 nisi
543 2326 575 2351 ut
599 2321 709 2351 iterum
732 2321 945 2352 concedantur
963 2320 1029 2362 jam
1057 2321 1152 2353 dicta.
1177 2323 1293 2354 habent
1316 2330 1418 2356 autem
1435 2327 1515 2357 sein
1532 2329 1614 2359 hunc

147 2373 284 2404 modum.
309 2374 454 2406 Confessi
468 2385 573 2406 sumus
589 2376 820 2417 philosophiam
845 2377 941 2418 [137]
969 2378 1083 2407 bonum
1101 2387 1167 2408 esse
1183 2389 1189 2407 z
1208 2383 1239 2408 et
1251 2384 1370 2410 exstare
1383 2381 1589 2423 philosophos
1607 2395 1614 2421 ;

144 2431 238 2468 atque
253 2428 337 2468 ipsos
354 2428 560 2470 philosophos
576 2430 674 2460 bonos
691 2441 697 2459 ε
724 2430 822 2461 bonos
839 2435 942 2460 autern
960 2430 1064 2466 utiles,
1082 2431 1179 2462 malos
1195 2438 1304 2463 contra
1319 2434 1456 2467 inutiles,
1481 2435 1608 2468 Deinde

142 2481 368 2518 concessimus,
382 2482 484 2514 donec
505 2484 638 2515 artifices
652 2485 779 2522 adsunt,
806 2484 1010 2526 philosophos
1034 2485 1160 2516 inutiles
1183 2497 1272 2526 esse;
1296 2493 1328 2518 et
1352 2489 1486 2521 artifices
1503 2491 1611 2523 adesse

150 2545 282 2577 semper.
299 2546 404 2567 nonne
419 2547 567 2568 concessa
583 2539 649 2570 haec
665 2539 758 2570 sunt?
803 2539 894 2570 Sunt.
942 2539 1135 2571 confitemur
1148 2540 1254 2581 igitur,
1265 2541 1430 2573 utvidetur
1441 2546 1612 2576 secundum

151 2594 236 2620 tuam
253 2590 435 2627 orationem,
452 2591 476 2621 si
491 2592 618 2632 quidem
635 2593 848 2635 philosophari
864 2599 923 2630 est,
939 2604 1006 2625 esse
1029 2594 1179 2625 scientem
1194 2595 1227 2625 in
1244 2595 1358 2626 artibus
1373 2606 1412 2627 eo
1429 2604 1533 2639 pacto,
1550 2612 1613 2642 quo

150 2643 217 2685 ipsc
241 2644 356 2681 dixisti,
374 2645 470 2676 malos
486 2646 568 2686 ipsos
585 2657 650 2677 esse
666 2652 698 2678 et
713 2647 850 2684 inutiles,
867 2648 1016 2689 quamdiu
1032 2648 1114 2678 inter
1129 2649 1269 2680 homines
1285 2654 1364 2681 artes
1379 2651 1450 2685 sint.
1496 2653 1611 2685 Verum

147 2708 212 2729 nou
228 2698 271 2729 ita
285 2710 318 2730 se
333 2699 461 2735 habent,
477 2711 495 2730 o
512 2699 612 2731 amice
626 2712 632 2731 ε
658 2711 760 2743 neque
779 2702 990 2744 philosophari
1007 2708 1054 2733 est
1070 2703 1150 2734 circa
1165 2709 1246 2734 artes
1261 2704 1398 2736 studiose
1413 2707 1536 2744 versari,
1553 2719 1612 2740 nec

149 2753 256 2784 multis
269 2754 405 2796 negotiis
417 2754 610 2792 incumbere,
625 2765 728 2797 neque
752 2756 848 2787 multa
863 2757 1037 2798 perdiscere
1054 2769 1062 2795 ;
1086 2757 1138 2788 sed
1163 2757 1247 2788 aliud
1263 2757 1413 2800 quiddam
1427 2771 1434 2790 ε
1458 2760 1612 2802 siquidem

149 2809 356 2840 existimarem
379 2814 411 2840 et
425 2809 592 2840 absurdum
607 2810 666 2841 hoc
681 2820 759 2848 esse,
775 2816 807 2842 et
823 2812 1019 2842 mechanicos
1043 2811 1196 2853 appellari
1212 2823 1278 2849 00⁵,
1293 2812 1348 2854 qui
1364 2813 1478 2844 artibus
1494 2814 1614 2845 incum-

152 2863 242 2894 bunt.
267 2862 338 2894 Hoc
352 2869 455 2894 autem
473 2863 566 2894 modo
583 2863 706 2905 planius
722 2864 944 2906 intelligemus,
957 2875 997 2896 an
1009 2875 1079 2896 vera
1094 2865 1208 2902 dicam,
1226 2866 1250 2896 si
1266 2867 1325 2896 hoc
1341 2866 1415 2897 mihi
1432 2868 1614 2908 respondes.

155 2916 219 2954 Qui
234 2927 330 2958 equos
345 2923 427 2950 recte
443 2917 568 2948 domare
595 2918 720 2950 sciunt?
746 2924 846 2950 utrum
873 2920 926 2961 qui
952 2919 1021 2950 illos
1048 2919 1189 2951 meliores
1204 2920 1350 2960 reddunt,
1374 2930 1412 2950 an
1429 2920 1503 2951 alii?
1550 2922 1614 2958 Qui
