1840 3225
227 231 305 270 268
799 228 1063 269 PLATONIS
1613 232 1680 284 [77

221 333 319 366 telam
343 341 406 365 non
430 332 573 365 carnibus
598 332 816 374 ponderosum,
841 333 896 364 sed
922 333 990 365 leve
1017 343 1083 364 esse
1108 331 1216 369 voluit,
1240 333 1324 374 quod
1349 334 1389 365 ad
1403 334 1523 377 frigoris
1534 333 1686 367 calorisve

222 387 442 429 intemperiem
461 386 674 429 repellendam
689 386 846 418 sufficeret
868 392 900 418 et
915 397 1022 418 sensus
1044 397 1175 418 acumen
1196 387 1323 419 minime
1338 387 1513 430 impediret.
1543 398 1582 420 ea
1600 397 1686 424 vero,

225 452 296 484 quae
319 442 353 472 in
376 441 481 483 digitis
504 446 563 478 est,
577 441 677 478 nervi,
701 441 793 482 pellis
808 446 840 471 et
854 441 928 472 ossis
941 441 1126 482 complexio,
1142 441 1256 472 aridior
1271 441 1365 478 facta,
1377 442 1533 474 communi
1548 440 1684 483 quodam

223 505 289 527 uno
311 495 487 537 duriorique
513 496 591 526 cutis
619 495 755 536 tegmine
781 500 829 526 est
853 496 1013 536 adoperta.
1037 495 1126 536 cujus
1158 495 1283 536 quidem
1299 496 1470 527 accessoria
1485 495 1685 536 ministr-aque

223 559 320 581 causa
344 549 377 580 in
403 548 450 585 iis,
474 559 545 591 quae
568 549 713 585 diximus,
737 549 897 580 constitit:
923 549 1104 591 principalis
1130 554 1233 580 autem
1260 560 1353 580 causa
1367 549 1400 580 in
1415 560 1453 580 ea
1467 549 1688 590 intelligentia,

225 613 296 645 quae
311 604 344 634 id
360 603 470 634 futurae
486 603 714 635 commoditatis
729 604 826 644 gratia
841 603 1013 635 fabricavit.
1035 604 1119 645 quod
1136 604 1217 634 enirn
1234 615 1271 635 ex
1285 605 1355 634 viris
1371 604 1560 645 quandoque
1576 603 1686 634 mulie-

222 667 274 687 res
299 665 333 688 et
356 662 468 688 ceterae
490 657 666 688 animantes
692 662 781 687 erant
814 657 934 692 futurae,
957 656 1054 687 nostri
1086 656 1134 687 illi
1158 656 1287 698 opifices
1308 667 1370 688 non
1392 657 1590 698 ignorabant.
1611 656 1687 697 quin

223 711 332 748 etiam,
353 711 437 753 quod
459 712 610 753 unguium
630 722 722 742 usum
740 711 848 741 bestiae
870 721 993 752 quoque
1013 711 1119 741 multae
1137 710 1179 741 ad
1194 721 1290 752 opera
1303 712 1403 742 multa
1418 716 1508 742 erant
1520 710 1684 746 habiturae,

222 764 456 807 intelligebant.
467 770 657 807 quapropter
670 765 812 796 homines
827 765 933 795 statim
948 766 1070 806 genitos
1089 766 1242 806 unguibus
1265 770 1470 796 armaverunt.
1493 766 1552 795 hac
1574 764 1683 804 utique

221 819 342 850 ratione
361 824 393 850 et
404 819 452 850 his
466 819 506 851 de
529 819 629 850 causis
643 819 739 860 pelle,
755 819 890 860 capillis,
906 819 1060 860 unguibus
1082 824 1220 849 extrema
1236 820 1372 850 membra
1390 829 1551 860 operuere.
1594 817 1682 854 Quo-

223 873 309 903 niam
319 883 394 904 vero
405 878 510 915 partes
523 879 556 904 et
568 874 708 904 membra
723 873 829 904 omnia
839 874 979 904 mortalis
995 874 1161 903 animantis
1176 872 1209 903 in
1220 878 1328 903 mutua
1343 873 1478 913 quadam
1496 872 1684 914 cognatione

222 927 330 968 genita
353 932 452 963 erant,
483 927 559 969 [77]
583 927 741 968 vitamque
762 928 940 958 necessario
965 927 998 957 in
1019 927 1093 967 igne
1109 936 1146 956 ac
1159 926 1269 967 spiritu
1283 926 1497 966 possidebant,
1510 936 1552 957 ne
1567 925 1684 956 animal

219 980 325 1022 ipsum
351 982 390 1012 ab
411 981 460 1011 his
481 982 652 1012 resolutum
676 982 921 1021 exhaustumque
941 981 1003 1011 cito
1028 980 1188 1014 deficeret,
1213 980 1272 1009 hoc
1297 978 1353 1009 Dii
1369 979 1500 1010 consilio
1511 978 1687 1020 providere.

219 1035 336 1075 quippe
347 1035 475 1065 humani
488 1034 612 1075 generis
623 1039 766 1064 naturam
777 1033 934 1073 quandam
951 1039 1116 1072 cognatam
1125 1032 1195 1062 aliis
1207 1032 1313 1063 formis
1328 1033 1532 1073 sensibusque
1546 1033 1684 1063 miscen-

216 1094 276 1125 teS,
287 1088 377 1129 quasi
390 1089 505 1119 animal
520 1087 677 1128 quoddam
694 1086 780 1117 aliud
791 1087 1024 1127 plantaverunt.
1036 1086 1114 1116 talia
1125 1091 1198 1117 sunt
1212 1085 1391 1118 domesticae
1408 1087 1543 1123 arbores,
1553 1087 1683 1127 plantae,

219 1143 351 1178 semina,
375 1152 444 1182 quae
466 1141 586 1172 consita
610 1151 693 1170 nunc
718 1140 864 1180 cultaque
888 1139 927 1170 ab
951 1145 1017 1170 arte
1037 1140 1127 1170 mitia
1138 1139 1227 1170 nobis
1242 1145 1338 1179 sunt;
1360 1139 1519 1181 quondam
1531 1150 1605 1171 vero
1616 1140 1684 1171 sine

219 1196 340 1227 cultura
359 1195 504 1237 agrestia.
527 1193 676 1236 quicquid
697 1193 783 1224 enim
801 1193 874 1224 vitae
891 1198 939 1224 est
950 1194 1119 1235 particeps,
1131 1193 1202 1235 jure
1220 1194 1335 1224 animal
1353 1194 1574 1225 nominabitur.
1595 1194 1681 1235 quod

219 1255 322 1282 autem
336 1261 420 1281 nunc
432 1249 576 1285 dicimus,
591 1248 692 1279 tertiae
708 1247 820 1278 anima:
833 1248 953 1289 speciei
966 1253 1015 1278 est
1031 1248 1200 1289 particeps,
1216 1258 1310 1289 quam
1328 1247 1412 1279 inter
1428 1247 1632 1289 diaphragma
1649 1253 1683 1279 et

217 1304 400 1336 umbilicum
424 1303 614 1334 locavimus:
652 1302 703 1332 cui
725 1302 843 1342 opinio,
861 1302 951 1337 ratio,
976 1311 1062 1332 mens
1073 1302 1172 1336 nulla
1195 1302 1321 1343 penitus
1340 1302 1442 1340 inest3
1473 1312 1584 1333 sensus
1606 1311 1682 1333 vero

217 1359 322 1390 suavis
340 1363 373 1389 et
397 1358 493 1388 tristis
511 1367 575 1388 una
597 1366 668 1387 cum
681 1355 905 1397 cupiditatibus
921 1356 1077 1386 convenit.
1100 1357 1204 1387 omnia
1220 1356 1372 1398 siquidem
1388 1356 1536 1387 continue
1552 1356 1681 1397 patitur.

217 1423 290 1444 cum
308 1423 381 1443 vero
407 1411 441 1442 in
455 1422 486 1442 se
501 1411 570 1452 ipso
586 1410 627 1441 ad
642 1415 743 1441 semet
757 1415 964 1446 convertatur,
979 1415 1202 1452 externumque
1222 1415 1350 1452 respuat
1363 1415 1492 1446 motum,
1508 1415 1541 1440 et
1555 1409 1681 1450 proprio

217 1472 304 1497 motu
315 1466 548 1507 domesticoque
560 1470 675 1501 utatur,
695 1464 808 1496 iccirco
823 1464 893 1495 huic
906 1469 1017 1495 natura
1031 1475 1094 1495 non
1108 1465 1227 1500 tribuit,
1238 1470 1273 1495 ut
1284 1464 1449 1506 quicquam
1462 1463 1552 1505 pensi
1563 1464 1682 1495 habens

215 1531 341 1552 suorum
361 1519 480 1561 aliquid
503 1519 724 1551 consideraret.
747 1523 935 1560 quapropter
953 1519 1018 1550 vita
1042 1519 1169 1560 quidem
1194 1519 1342 1560 fungitur,
1357 1529 1416 1549 nee
1433 1524 1481 1548 est
1494 1518 1532 1548 ab
1548 1517 1681 1548 animali

214 1574 370 1606 diversum
384 1586 391 1605 :
417 1576 490 1616 quia
503 1584 578 1605 vero
592 1573 648 1604 illa
662 1573 704 1610 vi,
717 1583 778 1614 qua
790 1573 865 1614 quid
882 1583 914 1603 se
929 1573 1029 1614 ipsum
1045 1573 1202 1609 transfert,
1218 1573 1361 1603 orbatum
1381 1572 1450 1608 suit,
1472 1572 1558 1602 stetit
1574 1572 1680 1613 rigens

214 1634 248 1660 et
264 1629 356 1660 fixum
373 1628 528 1659 radicibus
543 1628 644 1658 haesit.
687 1627 766 1658 Cum
787 1628 853 1658 haec
877 1627 983 1658 omnia
1006 1627 1178 1667 superiores
1199 1627 1247 1657 illi
1270 1627 1368 1658 nostri
1389 1627 1430 1657 ad
1451 1626 1673 1657 nutrimentum

214 1683 305 1714 nobis
322 1682 520 1714 inferioribus
537 1681 802 1723 suppeditassent,
823 1682 857 1712 in
876 1686 983 1712 nostro
1000 1691 1142 1722 corpore,
1161 1681 1250 1723 quasi
1273 1680 1410 1722 quodam
1432 1681 1532 1716 horto,
1552 1684 1676 1711 meatus

214 1737 312 1768 veluti
331 1737 533 1781 aquaeductus
551 1736 653 1767 varios
672 1735 869 1772 diduxerunt,
890 1740 926 1766 ut
945 1736 1071 1777 liquoris
1093 1735 1284 1766 derivatione
1312 1736 1498 1776 irrigaretur.
1521 1733 1676 1776 principio

214 1796 335 1822 meatus
343 1791 483 1822 occultos
492 1791 548 1821 sub
558 1790 744 1821 conflatione
757 1790 837 1821 cutis
847 1795 879 1821 et
891 1790 1004 1826 carnis,
1019 1790 1096 1821 duas
1105 1790 1225 1821 scilicet
1236 1799 1332 1820 venas
1342 1790 1372 1820 in
1387 1795 1473 1831 tergo
1487 1788 1672 1826 diviserunt,

211 1845 385 1876 secundum
405 1845 562 1886 geminam
573 1844 710 1886 corporis
731 1845 829 1887 ipsius
840 1844 981 1886 figuram,
996 1844 1036 1874 ad
1050 1844 1190 1875 dextram
1206 1849 1238 1874 et
1250 1844 1416 1874 sinistram.
1444 1843 1499 1873 has
1511 1843 1620 1884 utique
1633 1841 1674 1873 ad

211 1899 332 1940 spinam
345 1899 547 1936 demiserunt,
556 1898 754 1940 mediamque
764 1898 933 1930 medullam
944 1899 1114 1940 genitalem
1126 1898 1405 1940 comprehendere,
1412 1902 1447 1928 ut
1455 1902 1489 1928 et
1499 1897 1566 1927 haec
1576 1906 1672 1938 quam

211 1953 349 1985 maxime
368 1942 475 1995 vigeat
486 1954 694 1995 pulluletque,
711 1958 744 1984 et
756 1953 879 1984 uberior
891 1954 965 1984 hinc
981 1953 1021 1984 ad
1037 1953 1110 1989 alia,
1125 1949 1213 1994 qnasi
1230 1951 1360 1984 declivis
1372 1950 1496 1988 effusio,
1512 1950 1670 1991 irrigatio-

210 2015 286 2038 nem
307 2008 490 2049 aequabilem
509 2008 659 2048 praebeat.
703 2007 781 2038 Post
797 2009 865 2039 haec
886 2008 1059 2050 partientes
1077 2007 1160 2039 circa
1173 2012 1268 2047 caput
1282 2016 1390 2042 venas,
1407 2014 1522 2046 easque
1536 2004 1672 2035 invicem

210 2070 250 2091 ex
271 2061 416 2102 opposito
441 2061 651 2101 implicantes,
671 2062 788 2102 partim
809 2072 829 2091 a
841 2062 956 2092 dextris
970 2063 1009 2091 ad
1023 2062 1162 2097 sinistra,
1176 2061 1293 2102 partim
1314 2071 1333 2091 a
1353 2059 1483 2090 sinistris
1499 2057 1541 2089 ad
1561 2059 1672 2090 dextra

210 2114 346 2155 eorporis
369 2114 593 2155 dispertierunt
609 2126 616 2143 z
650 2119 685 2144 ut
698 2114 793 2154 capiti
808 2114 849 2144 ad
861 2115 1016 2153 reliquum
1032 2125 1143 2153 corpus·
1160 2124 1221 2142 una
1236 2124 1306 2143 cum
1322 2118 1392 2144 cute
1409 2113 1564 2143 connexio
1578 2112 1673 2154 foret,

209 2172 376 2208 postquam
387 2167 488 2197 nervis
501 2167 630 2206 quidem
641 2178 703 2194 non
717 2171 787 2194 erat·
796 2164 912 2194 circulo
925 2164 1061 2204 quodam
1073 2165 1246 2194 secundum
1254 2166 1403 2196 verticem
1412 2165 1667 2205 comprehensum

209 2225 304 2262 atque
331 2220 534 2251 distinctum:
564 2224 657 2259 atque
682 2217 778 2247 etiam
804 2221 839 2247 ut
868 2217 1024 2247 sentiendi
1048 2217 1094 2247 vis
1117 2218 1157 2247 ab
1174 2218 1312 2258 utrisque
1332 2217 1470 2259 partibus
1489 2228 1547 2259 per
1567 2224 1666 2251 totum

208 2284 321 2316 corpus
334 2273 474 2315 undique
489 2272 683 2302 demanaret.
706 2271 779 2301 hinc
797 2280 870 2300 vero
887 2270 1107 2310 aquaeductiun
1132 2271 1190 2302 hoc
1207 2271 1316 2302 ordine
1343 2271 1541 2303 deduxerunt
1556 2284 1563 2302 ε
1590 2273 1666 2316 [78]

209 2338 305 2369 quem
330 2329 424 2369 plane
448 2326 678 2368 perspiciemus,
710 2325 738 2355 si
756 2325 814 2356 hoc
830 2324 911 2354 inter
926 2335 983 2355 nos
998 2325 1132 2365 primum
1144 2326 1397 2356 asseverabimus.
1419 2336 1614 2368 quaecunque
1628 2338 1667 2358 ex

207 2381 424 2412 minutioribus
445 2384 682 2421 componuntur,
699 2378 815 2418 majora
837 2378 982 2409 detinent
997 2390 1003 2407 2
1031 2389 1099 2420 quae
1116 2389 1189 2410 vero
1204 2390 1243 2410 ex
1257 2380 1486 2421 grandioribus,
1500 2381 1668 2413 minutiora

208 2436 353 2467 cohibere
368 2445 434 2467 non
449 2443 589 2476 possunt.
608 2433 690 2475 ignis
706 2438 810 2464 autem
822 2443 884 2473 prae
898 2433 1008 2464 ceteris
1020 2433 1186 2475 generibus
1198 2434 1413 2465 minutissimis
1426 2440 1549 2466 constat
1568 2436 1664 2477 parti-

206 2489 304 2520 culis:
328 2489 464 2531 ideoque
485 2498 608 2530 aquam,
629 2487 744 2524 aetem,
768 2492 892 2521 terram,
907 2492 938 2517 et
955 2497 1023 2529 quae
1037 2497 1075 2518 ex
1091 2488 1139 2518 his
1155 2494 1381 2530 componuntur
1391 2489 1507 2525 omnia,
1522 2495 1668 2530 pernen-at

204 2543 403 2584 transilitque
427 2553 526 2584 usque
549 2543 641 2579 adeo,
666 2547 700 2572 ut
722 2541 800 2572 nihil
821 2541 921 2582 ipsum
939 2542 1043 2571 valeat
1063 2542 1218 2572 cohibere.
1247 2541 1333 2574 idem
1357 2553 1481 2584 quoque
1505 2542 1545 2574 de
1559 2549 1665 2574 nostro

205 2601 294 2628 utero
314 2596 525 2637 cogitandum.
547 2605 661 2637 nempe
684 2595 769 2626 cibos
791 2599 824 2625 et
843 2601 934 2635 potus
954 2595 1090 2636 ingestos
1110 2597 1234 2632 retinet,
1258 2596 1400 2637 spiritum
1412 2606 1486 2627 vero
1497 2603 1531 2627 et
1541 2596 1662 2638 ignem,

204 2649 280 2690 quia
295 2649 363 2690 ejus
379 2650 605 2691 compositione
618 2650 776 2680 tenuiores
787 2655 868 2685 sunt,
883 2649 1033 2681 demorari
1044 2660 1106 2680 non
1121 2655 1234 2691 potest.
1257 2650 1305 2680 liis
1317 2650 1410 2691 igitur
1418 2660 1493 2680 usus
1503 2656 1551 2681 est
1569 2651 1662 2682 Deus

205 2703 246 2733 ad
268 2703 478 2745 irrigationem
493 2705 532 2735 ab
551 2709 638 2735 utero
658 2704 692 2735 in
706 2713 804 2735 venas
820 2703 1055 2745 perficiendam.
1078 2710 1142 2735 rete
1156 2704 1238 2735 enim
1254 2703 1412 2745 quoddam
1424 2713 1462 2734 ex
1474 2703 1546 2736 aete
1563 2708 1658 2746 atque

203 2755 279 2798 igne
296 2758 393 2788 instar
409 2758 544 2799 gibbosae
561 2768 684 2799 sagenae
701 2758 870 2789 contexuit.
892 2758 946 2788 ubi
971 2757 1032 2788 duo
1049 2763 1121 2788 sunt
1135 2757 1175 2788 ad
1190 2758 1293 2799 ipsum
1309 2757 1469 2788 introitum
1482 2757 1567 2798 gibbi
1579 2768 1654 2789 con—

204 2820 305 2841 vexa:
335 2821 463 2852 quorum
487 2813 618 2842 alterum
640 2811 780 2842 bifariam
803 2812 877 2842 bino
898 2813 988 2853 pulsu
1012 2812 1125 2842 iterum
1148 2811 1332 2852 implicavit,
1355 2816 1388 2842 et
1410 2812 1449 2842 ab
1474 2811 1550 2852 ipsis
1572 2812 1658 2853 gibbi

205 2865 354 2895 convexis
363 2865 460 2895 veluti
471 2865 559 2895 funes
572 2875 626 2906 per
641 2870 739 2896 totum
751 2876 861 2907 corpus
872 2876 969 2906 usque
985 2866 1023 2896 ad
1038 2871 1167 2897 textura‘
1183 2866 1267 2896 illius
1281 2871 1421 2896 extrema
1435 2865 1654 2896 circumteten-

204 2917 262 2950 dit.
284 2918 429 2951 interiora
441 2919 534 2961 igitur
549 2918 647 2960 ipsius
662 2919 744 2951 tricae
761 2920 865 2952 onmia
877 2930 916 2952 ex
932 2920 1004 2961 igue
1020 2920 1204 2962 composuit,
1227 2930 1366 2952 convexa
1379 2929 1452 2951 vero
1466 2925 1497 2952 ct
1515 2925 1656 2962 rece-pta-
