1840 3225
174 206 269 256 877]
577 205 649 242 DE
682 204 912 244 ,LEGIBUS
945 204 1133 243 1.113.1x.
1545 205 1624 243 405

171 308 251 338 bene
275 307 451 349 disponere.
475 309 603 345 deinde,
629 309 704 339 licet
730 308 843 349 aliquis
868 308 972 338 forsan
997 309 1063 338 lxaec
1089 310 1134 338 ita
1158 318 1190 338 se
1215 308 1327 339 habere
1350 307 1538 339 sufficienter
1561 315 1625 338 arte

171 369 350 403 cognoscat,
367 369 483 400 tamen,
501 363 527 393 si
538 369 624 393 tanta
639 373 709 393 cum
723 362 851 393 licentia
865 362 1001 393 civitatis
1013 363 1178 403 imperium
1196 368 1312 398 teneat,
1328 368 1364 393 ut
1377 363 1459 393 nulli
1468 362 1624 393 rationum

168 416 316 447 relationi
331 416 489 457 subjectus
504 418 553 452 sit,
570 427 730 457 nunquam
747 418 777 447 in
793 426 832 446 ea
847 417 1002 447 sententia
1018 426 1072 458 per
1089 423 1185 447 totam
1200 417 1296 447 vitam
1310 427 1486 458 permanere
1499 416 1625 457 poterit,

169 476 204 500 ut
233 471 390 510 publicum
415 472 447 501 in
475 471 612 515 civitate,
639 477 788 512 tanquam
811 471 1015 511 praecipuum,
1032 471 1146 501 bonum
1161 476 1285 512 augeat,
1299 471 1453 512 privatum
1467 481 1540 501 vero
1555 476 1628 510 post

170 524 330 564 publicum
355 530 472 566 ponat:
497 524 554 554 sed
578 525 616 554 ad
645 526 810 555 utilitatem
834 526 988 566 propriam
1014 525 1227 566 privatamque
1249 525 1501 555 commoditatem
1516 533 1628 555 natura

168 579 272 619 ipsum
302 589 423 620 semper
452 579 587 609 mortalis
614 579 768 620 impellet,
795 589 864 619 quie
899 579 1016 619 absque
1040 579 1160 610 ratione
1184 584 1249 609 tam
1273 579 1410 609 dolorem
1435 579 1514 619 fugit
1533 589 1623 619 quam

168 632 359 673 voluptatem
371 633 569 673 prosequitur
583 644 588 662 :
606 639 699 674 atque
716 634 782 664 llaec
796 638 927 674 utraque
936 633 1059 675 justiori
1074 633 1256 673 meliorique
1267 638 1440 673 praeponct,
1450 640 1481 662 et
1492 632 1628 663 tenebris

170 687 281 718 obruta
304 686 392 717 malis
415 687 557 717 omuibus
572 687 701 717 tandem
717 698 750 717 se
764 687 867 728 ipsam
882 688 1009 718 omnino
1024 687 1246 728 civitatemque
1262 687 1408 728 replebit.
1434 687 1582 727 profecto,
1602 687 1628 716 si

168 741 237 782 quis
252 741 408 771 hominum
425 741 540 771 divinae
555 742 646 772 sortis
661 742 764 772 favore
778 752 815 771 ea
825 747 936 772 natura
947 741 1097 783 praeditus
1106 746 1199 777 esset,
1209 747 1244 771 ut
1253 746 1454 782 cognosceret
1466 741 1624 782 publicum

170 796 295 835 bonum,
322 795 363 825 ad
389 793 484 836 idque
509 805 658 836 generose
681 806 717 826 ac
743 806 866 836 semper
889 796 1077 832 intenderet,
1100 795 1194 826 nullIS
1214 796 1335 837 legibus
1350 795 1409 826 sibi
1425 794 1630 825 dominaturis

167 855 292 890 egeret:
317 850 462 890 quoniam
489 850 576 880 nulla
592 850 652 886 lex,
682 850 786 880 nullus
811 849 888 880 ordo
914 850 1047 880 scientia
1071 850 1180 880 melior
1202 849 1629 890 praestantiorquehabetur;

167 913 225 934 nec
250 903 298 934 fas
325 910 372 934 est
396 908 533 934 mentem
556 904 650 935 alicui
674 903 786 944 subjici
809 908 903 945 atque
926 904 1065 943 servire;
1089 904 1144 934 sed
1157 904 1274 945 potius,
1287 904 1311 934 si
1327 904 1370 934 ita
1384 913 1457 934 vera
1471 903 1630 944 liberaque

169 959 221 994 sit,
239 958 379 990 omnibus
392 958 555 989 dominari.
567 969 651 988 nunc
669 968 741 988 vero
755 967 905 999 nusquam
920 958 986 988 haec
999 958 1162 999 reperitur,
1185 958 1241 988 sed
1260 957 1424 988 minimum
1439 957 1517 999 quid
1532 957 1631 999 ipsius

169 1018 310 1054 apparet.
335 1023 442 1053 quare,
471 1013 555 1054 quod
586 1012 725 1043 secundo
753 1013 823 1043 loco
853 1017 911 1048 est,
940 1011 1055 1053 eligere
1087 1010 1345 1052 decet{ordinem
1368 1017 1462 1052 atque
1481 1012 1595 1052 legem,
1613 1022 1632 1042 a

169 1068 281 1107 quibus
305 1067 438 1109 plun'ma
454 1066 582 1108 quidem
596 1067 836 1108 perspiciuntur,
852 1067 957 1097 omnia
980 1076 1054 1096 vero
1069 1065 1168 1096 videri
1192 1071 1364 1107 nequeunt.
1386 1066 1441 1096 sed
1458 1065 1508 1096 his
1521 1066 1631 1096 horum

169 1121 268 1162 gratia
283 1121 457 1162 propositis,
473 1127 645 1151 statuamus
653 1121 731 1162 jam,
747 1121 822 1162 quid
839 1121 904 1161 pati
920 1121 967 1151 vel
982 1120 1101 1151 solvere
1116 1119 1243 1156 debeat,
1266 1120 1320 1160 qui
1347 1120 1441 1150 alium
1456 1120 1634 1150 vulneravit

171 1176 221 1205 vel
234 1175 322 1206 aliter
337 1175 447 1206 obfuit.
470 1177 582 1217 cuique
598 1176 683 1206 enim
708 1175 801 1206 facile
824 1182 872 1205 est
895 1175 1019 1215 singula
1040 1173 1219 1216 hujusmodi
1242 1179 1327 1204 recte
1353 1173 1632 1215 comprehendere,

169 1235 270 1260 utrum
286 1230 435 1262 videlicet
449 1230 518 1271 quis
529 1230 737 1261 vulneraverit
753 1240 793 1260 an
807 1240 883 1266 non,
907 1240 1011 1271 quem,
1028 1239 1090 1270 qua
1103 1229 1135 1259 in
1152 1235 1252 1269 parte,
1267 1239 1330 1269 quo
1342 1233 1445 1269 pacto.
1470 1229 1535 1259 haec
1546 1228 1632 1259 enim

169 1286 291 1326 singula
307 1285 548 1316 innumerabilia
569 1295 661 1326 paeue
686 1289 757 1315 sunt
781 1291 814 1314 et
830 1284 910 1315 inter
926 1294 959 1314 se
976 1283 1107 1314 maxime
1124 1283 1285 1313 differunt.
1308 1283 1375 1313 haec
1391 1288 1495 1314 autem
1511 1282 1632 1324 judicio

170 1346 292 1376 cuncta,
308 1340 359 1370 vel
374 1340 453 1370 nihil
466 1341 585 1374 horum,
603 1339 795 1370 committere
810 1339 1006 1380 impossibile
1023 1343 1080 1368 est.
1102 1338 1221 1378 quippe
1235 1338 1312 1368 illud
1326 1348 1424 1368 unum
1439 1338 1470 1367 in
1487 1338 1633 1368 omnibus

170 1395 363 1427 committere
376 1404 503 1425 necesse
519 1400 576 1430 est,
591 1398 690 1424 utrum
707 1393 826 1423 sactum
840 1393 1082 1434 unumquodque
1096 1393 1205 1422 horum
1222 1392 1262 1422 sit
1278 1402 1318 1421 an
1332 1402 1407 1423 non.
1432 1391 1529 1433 [876]
1555 1391 1634 1421 nihil

169 1450 266 1480 etiam
290 1449 330 1479 de
355 1449 474 1479 mulcta
494 1448 673 1490 injuriantis
688 1448 893 1484 committere,
909 1448 964 1478 sed
981 1457 1093 1488 magna
1109 1456 1267 1487 parvaque
1283 1446 1387 1477 onmia
1400 1446 1470 1486 lege
1486 1446 1631 1476 determi-

168 1513 244 1534 nare
269 1503 461 1544 impossibile
482 1509 540 1534 est.
585 1503 663 1535 CL1.
688 1502 856 1540 Quomodo
879 1502 974 1543 igitur
998 1506 1069 1542 post
1093 1502 1160 1532 haec
1184 1501 1355 1532 dicendum
1369 1501 1443 1531 est?
1490 1499 1631 1532 Arnen.

169 1557 220 1588 Sic
237 1557 363 1598 utique:
389 1558 473 1598 quod
490 1558 636 1599 quaedam
643 1556 765 1598 judicio
787 1556 959 1588 concedere
985 1555 1145 1597 legislator
1160 1555 1265 1591 debet,
1287 1556 1433 1597 quaedam
1446 1565 1510 1585 non
1526 1555 1632 1591 debet,

170 1612 225 1641 sed
242 1612 310 1652 ipse
326 1611 544 1642 determinare.
590 1611 739 1642 Ceterum
758 1616 793 1642 ut
816 1611 1012 1652 intelligatur
1027 1621 1097 1651 quse
1113 1609 1238 1641 arbitrio
1256 1615 1287 1640 et
1301 1609 1632 1650 prudentiaejudicum

170 1665 378 1706 relinquenda
394 1671 475 1702 sunt,
492 1677 600 1707 quaeve
616 1666 654 1696 ab
669 1667 738 1707 ipso
767 1667 870 1706 legum
896 1665 1059 1695 conditore
1085 1663 1336 1699 determinanda,
1361 1663 1404 1694 sic
1428 1673 1633 1705 exponemus.

170 1721 272 1761 gravis
294 1720 434 1762 profecto
456 1726 488 1752 et
509 1721 567 1751 toti
591 1721 711 1752 civitati
735 1720 907 1751 communis
932 1719 976 1749 ibi
992 1718 1088 1760 pestis
1104 1718 1284 1754 innascitur,
1307 1718 1361 1748 ubi
1381 1717 1504 1757 judicia
1519 1718 1633 1758 ignava

169 1781 316 1816 mutaque
341 1780 432 1806 sunt:
456 1774 621 1816 opiniones
639 1774 780 1817 judicum
807 1774 942 1806 invicem
969 1773 1100 1805 occullae
1131 1780 1271 1808 manent,
1293 1778 1326 1802 et
1346 1772 1429 1803 clam
1444 1772 1633 1802 sententiam

167 1829 283 1860 ferunt.
321 1835 353 1860 at
387 1829 420 1860 id
455 1835 607 1870 praeterea
640 1829 759 1866 dun'us,
797 1829 922 1870 quando
957 1838 1021 1859 non
1050 1827 1176 1858 silentio
1205 1827 1316 1868 agitur,
1345 1826 1402 1856 sed
1427 1837 1485 1857 ceu
1512 1827 1633 1857 theatra

169 1885 301 1915 clamore
328 1885 433 1915 omnia
458 1890 637 1926 personant,
660 1890 692 1915 et
714 1885 853 1915 rhetores
879 1883 1008 1924 quidem
1024 1888 1089 1913 turn
1107 1882 1237 1912 laudant
1253 1887 1315 1911 tum
1333 1881 1521 1922 vituperant,
1538 1886 1632 1922 atque

169 1939 214 1969 ita
226 1939 360 1970 vicissim
376 1938 561 1981 dijudicant.
576 1939 688 1970 talibus
702 1938 829 1979 quidem
839 1937 980 1978 judiciis,
998 1937 1024 1967 si
1037 1936 1108 1977 quis
1117 1935 1307 1966 necessitate
1319 1935 1458 1976 quadam
1474 1943 1631 1976 urgeatur,

169 1993 242 2023 dare
269 1993 356 2034 leges
378 1994 602 2024 infortunatum
628 2003 696 2023 esse
723 1992 873 2023 ducimus.
896 1991 953 2021 sed
978 1992 1031 2033 qui
1059 1990 1132 2021 dare
1156 1995 1293 2031 cogetur,
1310 1990 1456 2020 minimas
1471 1989 1634 2020 dumtaxat

173 2048 306 2078 mulctas
323 2046 483 2089 judicibus
511 2048 550 2078 iis
575 2047 769 2078 committat:
797 2046 929 2087 plurima
956 2056 1028 2076 vcro
1058 2050 1091 2075 et
1114 2045 1252 2075 maxima
1279 2054 1412 2085 quaeque
1434 2043 1468 2074 in
1492 2043 1632 2074 ferendis

170 2102 293 2143 legibus
306 2103 372 2143 ipse
388 2102 536 2132 declaret.
558 2102 611 2132 ubi
626 2112 697 2132 vero
708 2101 830 2142 judicia
842 2106 928 2131 recte
946 2110 1002 2141 pro
1018 2099 1131 2130 viribus
1144 2099 1316 2130 constituta
1337 2103 1420 2134 sunt,
1441 2097 1631 2139 judicesque

171 2156 251 2186 bene
277 2156 403 2186 educati
417 2163 449 2187 et
463 2158 548 2186 omui
564 2155 730 2197 diligentia
744 2155 916 2197 approbati,
935 2153 1105 2184 rectissime
1122 2154 1218 2184 multa
1228 2152 1388 2194 judicibus
1409 2153 1450 2183 de
1466 2153 1632 2194 punitione

171 2209 412 2251 conditioneque
435 2211 712 2241 condemnatorum
738 2209 891 2240 committi
908 2217 1048 2250 possunt.
1071 2218 1164 2238 nemo
1179 2207 1277 2248 igitur
1290 2217 1351 2237 nos
1367 2207 1499 2242 incuset,
1515 2207 1540 2237 si
1555 2207 1632 2248 ipsis

169 2274 253 2295 nunc
268 2265 403 2295 maxima
429 2265 590 2305 multaque
616 2271 769 2306 praeterea
794 2264 916 2305 legibus
941 2273 1006 2293 non
1032 2263 1224 2296 ordinamus,
1251 2271 1319 2301 quae
1335 2261 1386 2291 vel
1404 2260 1504 2291 minus
1519 2261 1635 2292 eruditi

167 2318 294 2358 judices
322 2325 450 2359 possent
479 2319 674 2359 conspicere,
710 2319 901 2360 dignamque
935 2317 1066 2358 singulis
1095 2316 1221 2346 delictis
1258 2315 1407 2345 mulctam
1445 2324 1631 2356 poenamque

170 2371 418 2403 accommodare.
440 2373 589 2413 quoniam
602 2384 675 2403 vero
692 2383 756 2408 eos,
773 2371 887 2413 quibus
901 2381 959 2401 nos
973 2371 1060 2411 leges
1075 2368 1290 2404 describimus,
1306 2378 1370 2398 non
1385 2367 1509 2408 ineptos
1523 2368 1631 2399 harum

167 2436 270 2456 rerum
279 2425 403 2467 judices
414 2426 534 2457 futuros
549 2436 720 2468 speramus,
735 2427 836 2457 multa
852 2426 896 2457 eis
908 2425 1135 2457 committenda
1146 2433 1322 2454 censemus.
1336 2432 1441 2452 verum
1452 2422 1536 2462 quod
1547 2430 1633 2462 saepe

168 2480 202 2510 in
229 2480 437 2520 superioribus
460 2480 594 2512 diximus
617 2480 820 2522 fecimusque,
849 2485 997 2521 putantes
1019 2478 1229 2518 descriptione
1252 2477 1410 2517 formaque
1434 2475 1634 2516 punitionum

169 2531 265 2570 dicta,
281 2534 424 2576 exempla
443 2534 613 2576 judicibus,
629 2546 698 2576 quae
713 2545 873 2577 nunquam
887 2532 1162 2575 transgrediantur,
1178 2531 1243 2561 dari
1259 2535 1400 2571 oportere
1417 2541 1423 2559 :
1448 2530 1481 2561 id
1504 2535 1537 2560 et
1556 2535 1631 2562 tunc

166 2594 253 2619 recte
278 2588 392 2619 factum
419 2595 466 2619 est
488 2594 520 2619 et
546 2599 630 2620 nunc
654 2599 778 2630 quoque
805 2588 969 2620 observare
994 2587 1146 2622 volumus,
1176 2584 1214 2616 ad
1238 2585 1322 2626 leges
1346 2583 1493 2614 ferendas
1516 2584 1631 2615 iterum

168 2642 346 2673 redeuntes.
369 2642 409 2673 de
432 2642 612 2673 vulneribus
639 2643 733 2684 igitur
761 2643 805 2673 ita
833 2643 1032 2673 sanciamus:
1064 2641 1092 2671 si
1121 2640 1188 2681 quis
1220 2639 1357 2669 voluerit
1385 2638 1631 2679 cogitaveritque

171 2697 305 2728 amicum
333 2697 489 2728 hominem
519 2707 556 2727 ex
585 2697 635 2736 iis,
664 2707 742 2737 quos
767 2697 911 2738 prohibet
933 2697 997 2732 lex,
1025 2694 1210 2730 interficere,
1228 2692 1436 2723 vulneraverit
1451 2698 1557 2723 autem
1571 2702 1631 2722 nec

171 2750 346 2782 interficere
360 2751 606 2792 potuerit,⁴}›unc
622 2751 706 2781 omni
729 2757 848 2782 remota
868 2749 1093 2785 misericordia,
1119 2749 1214 2790 [877]
1240 2757 1303 2778 non
1317 2747 1409 2777 aliter
1420 2757 1515 2788 quam
1529 2747 1556 2776 si
1571 2746 1633 2775 vita

174 2804 336 2844 privasset,
352 2805 424 2836 dare
441 2805 537 2836 caedis
551 2805 739 2846 supplicium
753 2815 947 2846 cogeremus,
963 2804 1023 2834 nisi
1037 2804 1190 2834 fortunam
1207 2801 1276 2843 ejus
1290 2812 1353 2832 non
1368 2801 1496 2832 omnino
1512 2808 1632 2841 proter-

174 2867 246 2887 vam
261 2859 508 2900 daemonemque
530 2860 713 2895 coleremus,
729 2859 784 2900 qui
801 2865 862 2889 tam
878 2858 1075 2889 vulneratum
1089 2867 1183 2899 quam
1199 2856 1410 2887 vulnerantem
1424 2852 1634 2884 misericordia

174 2917 368 2953 prosecutus,
394 2913 573 2946 infelicitati
596 2913 755 2955 utriusque
785 2913 916 2950 obstitit,
941 2912 1077 2954 fecitque
1102 2921 1143 2943 ne
1171 2911 1283 2942 vulnus
1305 2910 1378 2941 huic
1409 2907 1563 2939 letiferum
1586 2905 1634 2936 illi
