1840 3225
202 191 278 229 314
785 186 1047 226 PLATONIS
1568 193 1662 243 [682

198 295 377 326 convivent.
422 294 458 324 M
465 303 518 323 sc.
541 292 591 322 Ita
619 295 702 322 certe
730 291 930 322 convenienti
943 290 1139 322 successione
1155 291 1325 333 continget.
1369 291 1507 323 Arnen.
1529 292 1668 325 Tertiam

196 351 304 390 itaque
317 348 492 390 disciplinae
507 346 608 378 civilis
622 345 757 387 figuram
767 345 835 387 jam
857 346 1009 381 dicamus,
1038 345 1071 375 in
1105 355 1168 386 qua
1194 346 1316 386 species
1345 355 1453 377 omnes
1481 352 1514 377 et
1534 347 1667 379 affectus

198 413 299 434 rerum
324 402 518 444 publicarum
539 406 571 431 et
593 400 753 431 civitatum
779 400 986 441 reperiuntur.
1030 399 1129 430 Mne.
1152 399 1382 437 Quaenamista.
1407 400 1482 431 est?
1525 400 1666 434 Aratu.

198 458 246 488 Ea
261 462 345 488 certe
360 462 420 492 est,
434 466 529 498 quam
543 455 701 486 Homerus
715 462 786 496 post
798 455 970 485 secundam
985 455 1076 486 tertio
1087 455 1204 485 factam
1212 454 1257 485 ita
1279 454 1469 496 significavit
1483 466 1491 485 :
1537 455 1668 488 Darda·

199 513 285 544 niam
299 522 371 544 vero
387 515 460 543 tunc
476 514 594 542 terram
609 510 664 541 ille
679 509 862 552 (edificavit.
879 511 1014 541 nondum
1031 510 1113 541 enim
1126 519 1216 540 sacra
1231 509 1287 540 Ilii
1301 509 1415 541 moenia
1427 513 1530 541 erecta
1544 510 1579 541 in
1588 519 1670 542 cum·

196 567 247 607 pis
260 567 399 605 stabant,
412 566 580 597 multarum
592 564 738 604 gentium
752 564 878 603 civitas,
890 565 944 595 sed
958 566 998 595 cul
1014 564 1136 595 radices
1149 563 1264 594 montis
1275 564 1342 595 lace
1361 563 1528 606 fontzfluoe
1546 563 1671 595 habita-

200 623 285 653 bant.
311 621 407 662 [682]
433 619 580 651 Profecto
606 618 743 649 carmina
766 619 847 659 haec,
874 623 906 649 et
947 618 1106 659 superiora
1127 618 1182 648 illa
1205 617 1245 648 de
1270 617 1464 660 Cyclopibus
1477 617 1626 649 divinitus
1638 622 1672 649 et
1700 620 1703 623 '

199 675 373 707 secundum
394 679 534 706 naturam
550 674 648 714 ipsam
664 673 843 713 conscripta
856 678 939 703 sunt.
962 672 1102 703 divinum
1125 672 1210 702 enim
1224 673 1391 713 poetarum
1405 664 1504 714 'genus
1519 677 1567 704 est
1581 684 1588 702 :
1614 672 1672 703 diis

201 731 312 771 agitur,
344 735 378 760 et
403 739 504 761 sacros
534 728 673 759 concinit
700 728 842 769 hymnos,
872 728 956 758 unde
985 737 1057 757 vera
1085 727 1202 768 passim
1230 738 1299 758 cum
1323 727 1428 758 Musis
1439 733 1534 769 atque
1551 727 1671 760 Gratiis

199 792 326 825 tangere
347 783 460 814 solent.
505 782 604 813 Meo.
627 781 838 821 Summopere.
882 780 1022 812 Arnen.
1046 781 1255 811 Praestantem
1270 782 1374 823 :igitur
1402 781 1539 812 fabulam
1566 791 1673 822 prose-

201 847 342 879 quamur,
358 837 437 868 forte
452 837 535 868 enim
552 836 670 877 aliquid
687 846 724 866 ex
740 844 778 865 ea
794 834 915 876 patebit
930 844 967 865 ex
983 834 1042 870 his,
1057 845 1126 876 quae
1144 835 1297 866 volumus.
1319 845 1360 866 an
1374 847 1437 866 non
1453 836 1498 866 sic
1522 835 1670 876 oportet?

200 893 298 923 ΜΕσ.
323 892 374 922 Sic
388 901 521 932 prorsuS.
570 889 706 920 Arnen.
729 888 903 920 eonditum
925 889 1020 929 igilur
1046 900 1082 919 ex
1109 889 1271 919 altioribus
1293 889 1327 919 in
1347 898 1462 930 magno
1479 889 1671 930 pulchroque

205 957 318 988 campo
343 945 439 976 Ilium
463 945 642 985 accepimus
658 943 688 973 in
704 943 785 974 colle
801 943 938 984 quodam
952 953 1015 973 non
1031 943 1108 982 alin,
1125 953 1186 983 quo
1196 943 1289 973 multi
1303 943 1441 985 desuper
1455 953 1496 973 ex
1509 942 1570 974 Ida
1582 941 1670 974 fluvii

199 1001 391 1032 defluebant.
435 999 533 1029 Mm.
556 998 608 1028 Sic
633 997 780 1028 traditum
805 1002 864 1027 est.
908 995 1048 1027 Amas.
1072 995 1125 1026 An
1147 1007 1211 1028 non
1227 997 1321 1039 longo
1338 1003 1410 1039 post
1423 994 1576 1028 diluvium
1591 1002 1672 1028 tem-

200 1064 273 1096 pore
297 1054 331 1085 id
358 1054 476 1085 factum
503 1052 670 1094 putamus?
718 1051 814 1081 Mm.
838 1051 917 1087 Quis
939 1060 1002 1081 non
1026 1050 1071 1081 ita
1084 1052 1227 1092 putan't?
1273 1051 1413 1083 Arnen.
1444 1052 1567 1093 Magna
1577 1051 1672 1093 igitur

200 1120 257 1140 eos
287 1107 511 1139 devastationis
541 1106 626 1137 illius
651 1107 773 1147 cepisse
799 1105 922 1135 videtur
936 1105 1066 1142 oblivio,
1083 1105 1210 1147 quando
1221 1106 1316 1147 juxta
1329 1107 1447 1137 multos
1464 1106 1574 1137 fluvios
1587 1112 1622 1138 et
1633 1107 1674 1137 ab

199 1163 361 1195 altioribus
387 1161 464 1193 locis
489 1162 622 1192 fluentes
651 1162 758 1191 urbem
781 1160 1000 1201 condiderunt,
1022 1170 1119 1201 seque
1133 1161 1218 1201 ipsos
1232 1161 1363 1191 collibus
1374 1160 1497 1201 exiguis
1510 1159 1673 1192 credidere

201 1218 285 1249 unde
311 1217 514 1259 perspicuum
542 1222 601 1251 est,
629 1215 734 1245 multis
759 1215 874 1245 seculis
899 1225 952 1245 eos
980 1220 1052 1255 post
1065 1215 1224 1245 illuvionis
1239 1215 1416 1246 vastitatem
1430 1215 1538 1246 fuisse.
1592 1214 1676 1245 Aliae

202 1277 354 1314 praeterea
375 1271 479 1302 multae
509 1271 615 1307 urbes,
635 1269 702 1310 jam
728 1275 804 1300 tunc
828 1270 950 1310 longius
974 1275 1146 1310 propagato
1163 1280 1278 1310 genere
1294 1270 1466 1306 hominum,
1482 1268 1675 1301 colebantur.

201 1326 300 1356 Mne..
324 1324 445 1361 Quidni
460 1325 470 1354 ‚²
517 1322 656 1354 Aruns.
682 1324 763 1360 Quae
787 1322 907 1353 scilicet
930 1328 963 1353 et
993 1323 1140 1353 adversus
1170 1323 1254 1354 Ilion
1283 1323 1473 1354 militarunt:
1498 1328 1592 1364 atque
1617 1331 1675 1363 per

201 1390 287 1411 mare
314 1379 430 1414 forsan,
457 1378 544 1419 quasi
561 1378 627 1420 jam
640 1388 748 1408 omnes
763 1387 803 1408 eo
820 1377 976 1418 intrepide
1001 1383 1172 1408 uterentur.
1218 1378 1312 1408 Mne.
1336 1377 1491 1419 Apparet.
1535 1376 1676 1407 Aram-z.

202 1434 372 1465 Decennio
396 1439 502 1463 autem
516 1431 631 1462 Achivi
642 1431 770 1472 'frojam
783 1437 1003 1472 oppugnantes
1029 1437 1215 1462 everterunt.
1259 1432 1355 1462 Meo·
1379 1432 1492 1463 Plane.
1537 1430 1678 1461 Arm-:x-

201 1488 241 1518 In
257 1498 295 1518 eo
310 1487 406 1529 igitur
421 1486 587 1522 decennio,
604 1496 666 1526 quo
677 1486 772 1527 'l'roja
786 1485 996 1522 obsidebatur,
1013 1485 1109 1517 multa
1122 1486 1207 1517 mala
1217 1485 1301 1518 domi
1314 1486 1532 1519 obsidentibus
1543 1483 1678 1517 Achivis

202 1547 330 1583 propter
358 1541 530 1572 seditiones
553 1540 704 1582 juvenum
721 1539 914 1576 acciderunt,
930 1540 985 1581 qui
999 1550 1060 1571 nec
1076 1541 1206 1571 honeste
1222 1551 1281 1572 nec
1293 1540 1378 1582 juste
1394 1541 1426 1571 in
1442 1550 1497 1571 sua
1509 1539 1679 1571 redeuntes

203 1597 322 1627 milites
331 1605 492 1636 recepere,
508 1596 562 1625 sed
578 1595 624 1625 ita
636 1600 670 1624 ut
684 1594 777 1624 multi
789 1600 902 1630 morte,
917 1594 1009 1625 multi
1023 1595 1134 1626 exsilio
1147 1595 1356 1626 afficerentur.
1371 1595 1425 1636 qui
1438 1604 1542 1625 rursus
1556 1594 1678 1636 expulsi

204 1650 333 1681 deducti
345 1655 426 1685 sunt,
443 1649 521 1679 Dori
546 1659 601 1690 pro
617 1648 748 1679 Achivis
762 1653 883 1679 mutato
893 1649 1021 1680 nomine
1034 1649 1196 1690 appellati,
1204 1655 1334 1691 propter
1343 1649 1493 1681 Doricum
1506 1649 1680 1691 quendam,

206 1714 225 1734 a
240 1714 302 1745 quo
319 1704 442 1734 exsules
457 1703 638 1744 congregati
652 1708 684 1733 et
699 1703 835 1733 restituti
850 1703 988 1734 fuerunt.
1010 1710 1104 1744 atque
1119 1704 1185 1734 haec
1200 1704 1306 1735 omnia
1321 1715 1386 1740 vos,
1400 1715 1419 1735 ο
1433 1703 1678 1740 lacedaemonii,

204 1759 279 1789 hinc
295 1758 454 1789 enan-atis.
498 1758 597 1788 Mne.
619 1757 732 1788 Procul
759 1756 865 1787 dubio.
912 1756 1051 1788 Arium.
1073 1757 1154 1789 Cum
1169 1758 1368 1789 sermonobis
1379 1759 1419 1789 de
1428 1758 1680 1800 legibusinstitu-

208 1817 259 1843 tus
289 1817 381 1848 esset,
410 1812 445 1842 in
466 1811 712 1852 disputationem
738 1811 777 1841 de
801 1811 923 1841 musica
945 1812 1140 1842 etebrietate
1152 1812 1285 1852 digressi
1299 1822 1417 1842 sumus.
1437 1822 1523 1843 nunc
1536 1812 1678 1848 tandem,

209 1867 298 1908 quasi
326 1867 488 1903 divinitus,
511 1865 553 1896 ad
575 1866 663 1896 idem
690 1865 779 1896 nobis
804 1864 903 1895 oratio
929 1865 1070 1895 revoluta
1095 1870 1153 1901 est,
1179 1866 1332 1907 nobisque
1344 1866 1579 1907 quodammodo
1590 1875 1683 1898 ansas

210 1921 356 1961 praebuit.
379 1921 420 1951 ad
437 1930 505 1950 earn
523 1919 608 1950 enim
625 1919 750 1950 civilem
763 1919 960 1960 disciplinam
973 1919 1106 1960 delapsa
1121 1925 1180 1955 est,
1196 1930 1291 1961 quam
1302 1920 1381 1950 etin
1396 1920 1639 1951 Lacedaemonia
1648 1926 1683 1951 et

207 1977 242 2006 in
274 1974 368 2006 Creta
394 1981 491 2010 recte,
517 1974 613 2015 [683]
639 1974 728 2014 quasi
752 1973 896 2004 fraternis
912 1974 1046 2015 legibus,
1062 1974 1238 2005 institutam
1253 1974 1400 2007 meritis.
1423 1979 1545 2005 tantum
1555 1984 1630 2006 vero
1644 1985 1683 2006 ex

209 2031 269 2060 hac
295 2028 444 2059 orationis
470 2028 662 2068 digressione
684 2028 795 2058 lucrati
820 2038 937 2065 sumus,
952 2034 997 2064 ut,
1013 2029 1088 2059 dum
1103 2039 1159 2070 per
1173 2029 1360 2070 disciplinas
1373 2028 1680 2070 civilesurbiumque

209 2083 420 2113 habitationes
439 2082 718 2116 transveheremur,
740 2081 872 2121 primam
887 2087 918 2111 et
934 2084 1102 2113 secundam
1120 2088 1152 2113 et
1165 2083 1287 2113 tertiam
1305 2083 1464 2114 civitatem
1484 2084 1681 2123 perspexeri-

213 2148 290 2173 mus,
313 2137 443 2167 alteram
455 2136 493 2166 ab
508 2136 605 2166 altera
622 2135 653 2165 in
668 2139 770 2165 tractu
786 2135 923 2175 quodam
936 2136 1118 2176 longissimo
1129 2137 1291 2177 temporis,
1307 2142 1342 2167 ut
1356 2141 1463 2167 nostra
1476 2136 1538 2167 sert
1558 2138 1678 2179 opinio,

210 2191 458 2232 dependentem.
482 2200 566 2220 nnnc
579 2199 652 2219 vero
670 2195 781 2229 quarta
793 2190 860 2220 haec
875 2189 967 2219 nobis
982 2190 1093 2220 civitas
1108 2191 1205 2225 venit,
1222 2196 1285 2226 aut,
1299 2191 1324 2220 si
1340 2192 1446 2228 vultis,
1461 2198 1603 2234 quartum
1618 2193 1679 2224 hoe

212 2246 370 2276 hominum
387 2254 495 2286 genus,
508 2243 593 2285 quod
607 2248 639 2273 et
654 2244 842 2284 quandoque
859 2244 973 2275 alicubi
989 2244 1141 2274 habitavit
1156 2250 1187 2275 et
1201 2255 1284 2275 nunc
1297 2244 1365 2285 jam
1396 2246 1524 2278 habitat.
1548 2258 1588 2278 ex
1612 2247 1682 2290 qui—

209 2301 270 2331 -bus
293 2299 436 2330 omnibus
462 2299 487 2329 si
516 2298 693 2338 intelligere
723 2299 926 2339 potuerimus,
953 2299 1028 2339 quid
1057 2299 1138 2329 bene
1165 2299 1214 2329 vel
1245 2305 1352 2330 contra
1374 2300 1407 2330 in
1434 2301 1627 2333 habitatione
1643 2302 1684 2333 sit

211 2355 401 2390 institutum,
425 2359 458 2384 et
484 2362 627 2394 quaenam
651 2353 737 2393 leges
765 2353 901 2393 ipsorum
930 2359 1116 2384 conservant
1142 2363 1180 2384 ea
1209 2363 1278 2394 quie
1305 2360 1538 2393 conservantur,
1562 2361 1596 2388 et
1610 2365 1681 2398 quae

214 2414 359 2450 corrupta
370 2413 582 2449 corrumpunt,
599 2412 631 2437 et
645 2407 747 2449 qualis
763 2407 990 2439 institutionum
1004 2408 1143 2438 civilium
1160 2409 1361 2439 commutatio
1370 2409 1506 2445 beatam,
1519 2420 1538 2440 ο
1550 2409 1682 2452 Megillo

215 2468 247 2493 et
263 2463 378 2498 Clinia,
395 2463 490 2494 efficit
508 2462 679 2499 civitatem,
689 2462 861 2493 satisnobis
873 2463 986 2493 sactum
1000 2463 1190 2503 putat-imus.
1207 2463 1274 2493 haec
1285 2463 1402 2499 omnia,
1416 2463 1556 2506 inquam,
1571 2470 1686 2501 rursum,

214 2525 364 2558 tanquam
392 2518 430 2548 ab
458 2516 559 2553 initio,
583 2517 671 2547 nobis
694 2516 858 2548 tractanda
884 2523 956 2547 sunt
971 2529 977 2546 :
1008 2517 1068 2547 uisi
1083 2517 1162 2547 forte
1179 2516 1283 2558 aliquo
1297 2522 1401 2558 pacto,
1415 2527 1485 2558 quae
1499 2517 1587 2548 dicta
1600 2522 1685 2553 sunt,

216 2581 409 2612 respuamus.
457 2571 553 2602 Mne..
576 2571 607 2602 Si
623 2571 694 2612 quis
709 2571 809 2607 nobis,
827 2572 948 2612 hospes,
963 2571 1053 2602 Deus
1068 2572 1280 2612 polliceretur,
1295 2570 1381 2612 quod
1396 2571 1423 2601 si
1438 2571 1683 2613 disputationem

216 2635 319 2655 rursus
338 2625 376 2655 dc
407 2625 520 2655 latione
540 2626 643 2667 legum
658 2625 908 2667 aggrederemur,
923 2636 1025 2667 neque
1041 2626 1191 2666 pauciora
1204 2635 1307 2666 neque
1321 2625 1428 2667 pejora
1439 2625 1497 2661 bis.
1515 2635 1586 2666 quae
1597 2625 1685 2657 dictu

218 2684 300 2713 sunt,
325 2678 514 2709 audiremus:
539 2680 666 2720 longum
693 2679 763 2720 ipse
785 2680 842 2710 hac
867 2680 907 2710 de
933 2690 1027 2710 causa
1042 2680 1100 2711 iter
1116 2680 1258 2714 facerem,
1275 2684 1308 2710 et
1322 2679 1421 2710 brevis
1434 2679 1512 2710 mihi
1527 2679 1595 2710 baec
1610 2678 1681 2710 dies

218 2732 385 2772 videretur,
409 2733 551 2773 quamvis
581 2733 618 2763 ab
645 2733 776 2763 aestivali
790 2733 922 2764 solstitio
938 2733 977 2764 ad
992 2733 1139 2764 hiemalia
1151 2734 1228 2764 deus
1239 2732 1333 2764 modo
1350 2738 1496 2764 vertatur.
1544 2731 1684 2763 Arusn-

220 2785 458 2817 Consitleranda
476 2787 571 2827 igitur
587 2787 648 2817 ista
661 2787 817 2818 videntur.
861 2787 959 2819 Meo.
983 2788 1135 2818 Maxime.
1179 2787 1318 2818 Amas.
1342 2786 1403 2817 Ina
1416 2786 1522 2828 itaque
1539 2792 1680 2828 tempora

222 2839 411 2881 cogitat-ione
427 2840 680 2880 complectamur,
694 2841 725 2871 in
736 2841 847 2882 quibus
858 2841 1080 2878 Lacedaemon,
1094 2841 1184 2882 Argi,
1196 2842 1405 2882 Messeneque
1415 2846 1448 2871 et
1459 2841 1503 2872 eis
1513 2840 1683 2883 conjuncta

223 2895 327 2926 omnia
343 2893 512 2936 majoribus
534 2895 655 2933 vestris,
674 2895 817 2937 Megille,
832 2895 973 2936 subjecta
989 2898 1123 2927 suerunt.
1137 2903 1210 2928 tuuc
1226 2894 1310 2927 enim
1324 2895 1404 2926 illud
1419 2895 1532 2927 fabuloe
1547 2895 1635 2937 ipsis,
1650 2900 1685 2926 ut
