1840 3225
221 191 297 228 362
816 188 1078 227 PLATONrs
1581 186 1678 236 [732

218 298 329 324 natura
345 297 394 324 est
408 298 537 334 propter
552 291 802 324 imbecillitatem
817 304 823 322 :
852 297 947 334 atque
970 293 1015 323 ita
1042 291 1146 322 minus
1162 290 1295 322 ordinari
1310 296 1427 332 potest.
1448 289 1564 321 iccirco
1587 287 1684 320 cessit

219 346 389 386 legislator‚
402 356 505 388 neque
519 351 603 378 recte
630 347 840 388 praetermisit.
863 348 920 378 1100
951 347 1037 377 enim
1059 345 1268 388 praetermisso
1293 345 1395 376 multa
1423 343 1515 375 nobis
1544 352 1680 375 corrum-

218 406 357 442 puntur3
381 411 451 441 quae
468 401 561 441 longe
576 400 690 431 melius
714 411 747 431 se
773 401 926 431 haberent
951 411 1043 442 quam
1071 411 1167 439 nunc,
1183 399 1210 431 si
1234 401 1294 431 huc
1321 399 1427 441 ipsum
1439 397 1550 430 fuisset
1563 396 1685 438 legibus

217 454 405 485 ordinatum.
428 465 492 485 non
507 460 555 486 est
569 455 651 486 enim
679 465 728 485 res
751 455 918 491 muliebris,
941 456 966 486 si
981 456 1086 497 jacere
1115 454 1293 486 inordinata
1319 454 1514 496 relinquitur,
1529 453 1682 482 humana·

218 519 288 539 rum
316 519 416 539 rerum
448 509 558 546 solum,
574 515 610 540 ut
636 509 736 540 videri
765 515 880 550 posset,
902 509 1089 540 dimidium:
1115 510 1169 539 sed
1200 514 1317 550 quanto
1340 513 1451 538 natura
1471 516 1529 538 sua
1548 505 1686 547 ineptior

220 567 268 593 est
281 561 321 593 ad
351 563 493 594 virtutem
503 573 603 616 'quam
631 563 741 600 virilis,
755 569 844 595 tanto
872 564 1010 600 excedit,
1024 568 1060 594 ut
1076 564 1146 604 plus
1172 573 1266 604 quam
1291 563 1424 604 duplum
1441 571 1508 592 esse
1523 560 1680 591 videatur.

218 618 425 658 repetendum
454 617 548 659 igitur
573 618 632 649 hoc
659 624 692 648 et
717 618 947 658 corrigendum,
974 618 1141 659 omniaque
1166 617 1291 649 feminis
1317 627 1388 648 cum
1417 615 1494 647 viris
1507 613 1686 646 communia

218 670 259 702 ad
275 671 409 702 civitatis
424 671 606 702 felicitatem
636 671 739 703 studia
763 671 983 703 constituenda
1010 677 1092 702 sunt.
1115 683 1199 703 nunc
1228 682 1304 702 vero
1328 671 1374 702 sic
1389 669 1557 702 infeliciter
1570 667 1612 700 ad
1626 668 1685 700 hoc

213 725 389 761 „humanum
403 726 526 757 ducitur
540 737 648 768 genus,
664 732 699 758 ut
723 737 787 758 non
803 727 843 757 sit
865 726 1036 768 prudentiS,
1053 726 1147 768 hujus
1172 727 1216 757 rei
1233 727 1425 756 mentionem
1441 725 1475 756 in
1493 723 1565 755 aliis
1579 722 1684 764 regio-

218 779 309 810 nibus
326 785 358 810 et
372 780 547 812 civitatibus
576 781 689 817 facere,
704 781 757 812 ubi
774 791 932 823 nunquam
960 781 1236 812 commessationes
1260 780 1385 821 publice
1407 783 1586 820 conspectae
1602 782 1686 808 sunt.

218 833 302 864 unde
318 834 585 876 igiturquisquam
616 846 677 865 non
701 834 833 865 ridicule
861 834 902 865 ad
931 835 1128 865 manifestam
1160 835 1408 878 cibi'potusque
1439 831 1684 874 assumptionem

220 889 368 919 mulir-res
394 899 506 929 cogere
534 889 664 929 posset?
688 889 766 919 nihil
798 897 844 919 est
870 889 1021 929 profecto,
1050 888 1134 930 quod
1163 888 1322 919 molestius
1351 888 1485 918 laturum
1513 895 1613 927 genus
1626 886 1686 916 1100

222 942 374 973 videatur.
398 953 471 973 nam
486 953 556 973 cum
572 943 682 973 timide
697 949 730 974 et
755 943 886 974 obscure
916 942 1030 984 degere
1045 943 1277 979 consueverint,
1300 943 1430 973 latorem
1446 941 1526 982 legis
1540 939 1574 971 in
1585 940 1688 971 lucem

217 1002 383 1027 conantem
414 998 549 1027 educere
578 998 665 1027 omni
691 998 899 1028 reluctatione
928 998 1096 1039 repellent.
1118 998 1177 1028 hoc
1195 998 1323 1039 inquam
1338 1006 1438 1038 genus
1454 994 1531 1026 alibi
1546 994 1687 1036 quidem,

219 1051 487 1091 quemadmodum
499 1051 574 1087 dixi,
593 1063 649 1082 nee
677 1053 852 1082 orationem
874 1052 973 1093 ipsam
990 1058 1074 1083 recte
1099 1052 1232 1083 dicentis
1249 1051 1315 1082 sine
1332 1049 1452 1092 ingenti
1468 1047 1692 1080 reclamatione

220 1106 328 1136 audiet
346 1117 352 1134 :
379 1105 428 1135 hic
445 1111 551 1136 autem
577 1106 705 1136 forsitan
731 1106 909 1138 sustinebit.
932 1116 1039 1147 quare,
1055 1107 1079 1137 si
1101 1106 1189 1137 vobis
1203 1115 1328 1148 quoque
1351 1103 1486 1140 videtur,
1501 1102 1688 1134 collocutio-

218 1161 268 1190 nis
284 1160 393 1201 gratia,
411 1171 448 1190 ne
463 1161 637 1201 disputatio
661 1160 700 1190 de
723 1161 885 1202 republica
909 1171 1019 1192 manca
1043 1161 1247 1202 relinquatur,
1276 1159 1382 1190 dicere
1399 1158 1482 1195 volo,
1498 1166 1592 1199 quam
1606 1156 1691 1187 bona

219 1215 401 1255 decensque
429 1225 479 1245 res
508 1215 567 1245 ista
597 1215 648 1245 sit.
670 1215 696 1245 si
726 1216 814 1245 vobis·
851 1215 966 1257 placet,
996 1216 1148 1256 inquam:
1173 1215 1265 1246 aliter
1293 1224 1365 1245 vero
1395 1212 1564 1244 dimittam.
1609 1209 1689 1242 Cu.

221 1269 338 1300 Mirum
366 1269 399 1299 in
428 1268 564 1300 modum.
587 1270 714 1311 hospes,
739 1270 847 1300 audire
873 1270 1096 1301 desideramus.
1142 1269 1281 1300 Arnen.
1306 1267 1481 1299 Audiamus
1499 1266 1565 1308 jam
1581 1265 1689 1307 igitur.

220 1324 274 1354 sed
307 1334 346 1354 ne
379 1324 596 1361 ammiremini,
619 1324 645 1354 si
672 1335 740 1355 rem
768 1325 862 1355 altius
891 1330 1033 1366 repetere
1061 1325 1144 1355 visus
1166 1323 1265 1355 fuero.
1289 1333 1363 1354 nam
1388 1322 1453 1353 otio
1480 1319 1686 1356 abundamus,

221 1388 324 1419 neque
341 1377 426 1408 aliud
441 1378 606 1419 quicquam
621 1388 677 1409 nos
701 1384 802 1419 urget,
818 1389 880 1420 quo
897 1379 996 1409 minus
1025 1379 1132 1409 onmia
1159 1378 1308 1419 undique,
1324 1387 1394 1418 quae
1418 1375 1460 1407 ad
1488 1376 1574 1416 leges
1598 1384 1692 1416 spec-

220 1438 299 1468 tant,
330 1432 573 1462 consideremus.
628 1433 704 1464 Cu.
728 1432 829 1463 Recte
862 1433 1007 1473 loqueris.
1063 1432 1201 1463 Aruns.
1236 1432 1340 1462 Prima
1371 1431 1476 1472 itaque
1504 1435 1696 1471 repetamus.

219 1487 304 1516 Scire
322 1496 431 1516 omnes
446 1491 569 1526 oportet
594 1487 753 1517 hominurn
779 1488 1012 1528 generationem
1040 1487 1088 1517 vel
1112 1487 1233 1517 nullum
1264 1495 1388 1527 prorsus
1415 1495 1550 1526 unquam
1566 1484 1692 1515 initium

221 1541 366 1572 habuisse
393 1550 496 1581 neque
525 1542 688 1571 terminum
720 1542 903 1577 habituram,
934 1540 1031 1583 [⁷82]
1056 1541 1113 1571 sed
1140 1541 1234 1571 fuisse
1266 1540 1393 1571 omnino
1405 1548 1530 1580 semper
1544 1543 1578 1569 et
1601 1537 1691 1569 fore:

223 1600 276 1624 aut
302 1595 329 1624 si
354 1594 461 1635 coepst,
476 1594 685 1625 inaestimabili
710 1596 775 1637 jam
806 1601 879 1626 ante
909 1606 969 1626 uos
997 1595 1146 1636 temporis
1170 1594 1385 1635 magnitudine
1401 1593 1572 1634 incepisse.
1615 1592 1693 1624 Cu.

223 1649 336 1680 Plane.
390 1648 527 1680 Arnen.
563 1649 677 1680 Nonne
710 1660 765 1691 per
793 1661 917 1680 omnem
949 1655 1061 1681 terram
1090 1650 1181 1680 urbes
1210 1649 1326 1680 multas
1354 1647 1496 1679 conditas
1512 1647 1696 1678 arbitramur

221 1709 314 1744 atque
344 1703 529 1739 destructas,
557 1709 591 1734 et
621 1704 743 1734 diversa
771 1705 967 1745 przecessisse
999 1704 1158 1734 hominum
1192 1702 1306 1738 studia,
1333 1703 1444 1744 partim
1476 1712 1546 1732 cum
1578 1700 1690 1732 ordine

223 1757 346 1798 partim-
366 1758 461 1788 etiam
489 1758 556 1788 sine
582 1758 717 1789 ordine?
742 1759 804 1789 cibi
835 1760 910 1790 item
928 1764 1083 1800 potusque
1114 1764 1148 1789 et
1176 1758 1325 1788 vescendi
1355 1755 1588 1798 condiendique
1619 1765 1694 1787 usus

222 1822 314 1853 quani
334 1812 492 1853 1110111005,
509 1818 542 1843 et
567 1813 752 1844 mutationes
775 1819 949 1854 temporum
973 1813 1083 1848 varias,
1098 1813 1130 1843 in
1157 1812 1270 1854 quibus
1286 1811 1433 1843 animalia
1447 1811 1580 1841 diversis
1595 1810 1697 1841 modis

224 1872 427 1897 transmutata
456 1867 550 1897 fuisse
579 1867 796 1898 credendum?
854 1868 934 1900 Cn.
968 1866 1059 1898 Nilril
1090 1867 1242 1909 prohibet.
1289 1866 1428 1897 Amen.
1463 1865 1550 1902 Quid
1580 1865 1695 1906 porro?

220 1922 300 1951 vites
319 1927 463 1962 putamus
476 1922 607 1963 coepisse
633 1923 718 1959 olim,
735 1933 804 1953 01110
831 1932 893 1953 non
905 1922 1035 1953 essent?
1059 1922 1261 1963 similiterque
1277 1921 1388 1957 olivas,
1401 1926 1434 1950 et
1458 1917 1584 1950 Cereris
1599 1924 1694 1960 atque

224 1975 421 2016 Proserpina:
449 1977 605 2006 munera?
628 1987 699 2018 quae
721 1976 933 2017 Triptolemus
963 1976 1076 2017 aliquis
1103 1976 1335 2006 ministraverit.
1357 1974 1506 2005 animalia
1523 1983 1594 2004 vero
1612 1979 1694 2004 tem,

225 2039 310 2069 pore,
329 2040 391 2070 quo
416 2030 552 2060 15111000
579 2037 679 2067 erant,
704 2041 810 2060 nonne
841 2031 931 2061 sicuti
961 2033 1066 2066 modo,
1095 2031 1225 2061 alterum
1257 2030 1295 2060 ab
1321 2030 1419 2060 altero
1442 2027 1694 2059 devorabantur?

223 2083 301 2114 CLr.
325 2083 438 2114 Procul
469 2083 579 2114 dubio.
625 2084 761 2115 Arum.
785 2084 830 2114 At
860 2096 932 2115 vero
961 2095 1023 2125 quo
1054 2084 1094 2114 ad
1123 2084 1276 2114 sacrificia
1305 2084 1453 2124 pertinet,
1480 2082 1626 2113 homines
1654 2082 1694 2112 ab

221 2136 398 2167 hominibus
429 2137 595 2168 sacrificari
624 2138 726 2168 adbuc
756 2137 842 2179 apud
870 2139 982 2169 multos
1015 2138 1179 2168 videmus:
1217 2137 1402 2168 contrarium
1432 2137 1529 2167 etiam
1556 2135 1596 2166 de
1624 2136 1696 2167 aliis

222 2190 388 2222 audimus:
424 2191 516 2222 sicuti
545 2192 672 2232 quando
700 2202 759 2223 nee
788 2192 921 2223 bovinas
947 2192 1073 2233 quidem
1101 2202 1211 2222 cames
1241 2197 1364 2232 gustare
1395 2190 1596 2225 audebamus,
1634 2200 1694 2221 nec

223 2243 368 2275 animalia
396 2244 467 2275 Diis
495 2246 751 2277 immolabamus:
777 2247 830 2277 sed
861 2247 924 2277 liba
953 2253 985 2277 et
1014 2246 1130 2277 fructus·
1163 2246 1253 2276 melle
1269 2245 1433 2275 madentes
1448 2250 1614 2285 ceteraque
1633 2245 1692 2275 1111-

216 2295 355 2335 jusmodi
372 2299 521 2330 sacrificia
547 2310 623 2340 pura
653 2300 724 2331 Diis
749 2300 971 2332 offerebantur.
993 2301 1138 2331 carnibus
1161 2306 1265 2330 autem
1281 2298 1491 2331 abstinebant.
1513 2308 1589 2329 nam
1605 2300 1692 2330 vecci

222 2354 366 2384 carnibus
403 2360 436 2383 et
466 2353 604 2384 Deorum
636 2365 702 2385 aras
743 2356 882 2396 polluere
920 2354 1071 2396 sanguiue
1102 2354 1229 2395 impium
1260 2353 1435 2384 videbatur.
1468 2353 1513 2383 ita
1551 2351 1691 2394 Orphica

220 2408 366 2448 quaedam
382 2408 445 2437 vita
460 2414 534 2439 tuuc
565 2408 710 2450 vigebat:
736 2409 914 2440 inanimatis
943 2410 1062 2450 quippe
1091 2408 1235 2439 omnibus
1265 2407 1470 2439 vescebantur
1489 2419 1495 2437 :
1522 2413 1556 2439 et
1571 2407 1611 2437 ab
1627 2407 1695 2438 ani-

221 2461 353 2493 malibus
384 2462 528 2494 omnibus
557 2463 768 2494 abstinebant.
815 2463 891 2495 Cu.
918 2463 1072 2494 Feruntur
1104 2464 1170 2494 lraee
1198 2464 1325 2504 passim,
1355 2469 1391 2493 ut
1418 2461 1509 2498 dieis,
1537 2467 1570 2492 et
1599 2460 1693 2492 valde

217 2516 382 2548 credibilia
399 2522 480 2549 sunt.
527 2517 666 2549 11111011.
689 2518 750 2548 Sed
768 2528 911 2559 quorsum
938 2519 1003 2549 lraec
1021 2529 1038 2548 a
1054 2518 1145 2548 nobis
1170 2518 1275 2548 omnia
1289 2518 1374 2548 dicta
1390 2515 1484 2547 modo
1498 2515 1573 2552 sint,
1587 2515 1691 2545 forsan

221 2569 335 2610 aliquis
352 2570 594 2610 percontabitur.
641 2572 718 2602 (31.1.
743 2573 853 2607 Probe,
869 2582 888 2602 o
918 2573 1041 2613 hospes,
1067 2573 1098 2603 id
1115 2571 1290 2611 conjecisti.
1336 2570 1474 2601 Aruer-¹.
1512 2569 1695 2610 Propterea,

217 2624 239 2654 si
275 2630 393 2663 potero,
424 2624 540 2660 Clinia,
567 2637 637 2666 qua:
664 2632 833 2668 sequuntur
859 2626 1020 2668 deinceps,
1051 2626 1208 2656 declarare
1238 2625 1382 2656 conabor.
1426 2624 1503 2655 Cu.
1528 2623 1590 2654 Dic
1613 2622 1694 2664 jam.

219 2676 294 2707 Aru
304 2687 358 2708 1.·11.
382 2678 476 2708 'l‘rina
492 2680 625 2719 quadarn
656 2680 830 2722 indigentia
856 2687 949 2722 atque
977 2681 1149 2722 cupiditate
1176 2680 1280 2711 omnia
1306 2678 1483 2709 hominibus
1507 2676 1692 2719 dependere

218 2731 375 2772 perspicio
391 2744 396 2760 :
424 2733 453 2761 in
477 2733 588 2773 quibus
604 2735 629 2764 si
651 2740 735 2765 recte
752 2735 918 2770 ducantur,
934 2735 1038 2770 virtus,
1055 2736 1101 2765 sin
1118 2741 1237 2769 contra,
1253 2733 1360 2763 vitium
1376 2732 1524 2764 nascitur.
1572 2731 1692 2763 Harum

221 2784 290 2815 11010
307 2791 379 2814 sunt
394 2786 425 2815 in
441 2786 626 2818 animalibus
651 2789 754 2819 statim
779 2789 873 2824 uatis,
889 2789 950 2819 cibi
977 2796 1127 2830 potusque
1143 2788 1344 2830 cupiditates.
1367 2786 1406 2817 ad
1421 2796 1491 2827 quae
1503 2797 1575 2816 cum
1603 2795 1696 2817 001110

218 2839 333 2869 animal
362 2839 504 2870 innatum
535 2841 647 2872 habeat
675 2843 861 2884 appetitum,
884 2843 1001 2884 impetu
1028 2843 1166 2884 rapitur:
1191 2853 1249 2872 uec
1279 2841 1370 2871 verba
1397 2840 1481 2870 illius
1532 2840 1699 2874 auscultat,

217 2894 270 2935 qui
289 2899 390 2925 monet
412 2894 498 2925 aliud
526 2895 683 2936 agendum
710 2908 787 2933 esse,
803 2907 897 2939 quam
924 2899 1081 2928 0111011011
1107 2895 1293 2939 cupiditates
1315 2896 1554 2937 uoluptatesque
1587 2895 1694 2937 exple-
