1840 3225
138 235 233 285 339]
575 236 647 274 DE
680 236 985 274 REPUBLICA
1017 238 1115 276 LIB.
1149 240 1178 278 Ι.
1552 242 1597 278 91

131 338 184 370 So.
210 338 355 375 Quanam
382 337 441 368 alia
457 349 549 380 quam
578 349 625 374 ea,
652 348 722 379 quae
738 338 888 369 convenit
914 338 1095 379 ignoranti?
1119 342 1267 372 convenit
1288 347 1405 383 autem,
1421 346 1454 372 ut
1471 353 1488 373 a
1503 342 1597 373 doct«)

132 392 242 423 discat.
270 397 302 422 et
317 403 375 433 ego
392 392 485 433 igitur
500 393 557 422 hoc
575 391 640 432 pati
658 403 704 422 me
721 391 850 432 dignum
867 392 1022 424 existimo.
1067 394 1183 426 Trina.
1214 396 1316 432 Quam
1334 396 1463 426 facetus.
1492 407 1595 426 verum

134 451 246 486 prmtei·
274 447 344 482 hoc,
375 447 459 487 quod
486 446 596 482 disces,
629 445 794 486 pecuniam
823 445 914 476 etiam
948 447 1072 478 tribues.
1118 449 1174 479 So.
1206 448 1285 479 Cum
1314 450 1460 481 videlicet
1489 450 1601 479 aderit.

135 498 250 530 GLAu.
274 500 373 530 Immo
390 510 460 531 vero
483 500 572 530 adest
588 499 732 540 pecunia.
756 499 806 530 dic
827 499 905 540 jam,
922 499 1177 542 Thrasymache:
1204 513 1306 543 neque
1330 503 1413 534 enim
1436 503 1535 534 decrit
1550 514 1599 534 ar-

133 558 274 593 gentum.
297 553 373 595 quin
397 553 490 584 etiam
515 563 571 584 nos
595 563 702 583 omnes
727 563 781 594 pro
798 553 925 584 Socrate
942 554 1000 584 istb
1026 556 1229 596 spondemus.
1271 556 1387 587 TnnA.
1411 557 1460 587 Ita
1476 567 1598 598 prorsus

131 607 285 643 existimo,
310 606 408 649 [338]
436 612 470 637 ut
491 617 576 637 suam
588 607 736 637 Socrates
751 613 852 637 servet
867 609 1138 646 consuetudinem,
1156 610 1233 640 nihil
1251 611 1449 650 respoudeat,
1464 612 1517 641 sed
1536 621 1598 641 res-

132 661 302 701 pondentis
316 661 486 692 orationem
511 660 669 701 accipiens
693 661 910 701 reprehendat.
955 662 1013 692 So.
1038 662 1183 698 Quonam
1209 668 1314 704 pacto,
1331 663 1374 693 vir
1389 664 1519 705 optimc,
1537 675 1598 695 res-

130 714 272 754 pondere
284 714 356 755 quis
371 719 488 756 posset,
499 715 597 755 primo
613 714 739 756 quidem
756 714 809 755 qui
824 724 927 756 neque
942 715 1021 746 sciat
1035 726 1138 757 neque
1154 717 1231 748 scire
1246 728 1277 747 se
1294 718 1442 758 proedicet
1457 729 1462 747 :
1482 718 1598 749 deinde

129 766 153 797 si
181 767 256 808 quid
282 768 322 799 de
345 769 393 799 his
419 768 585 804 existimet,
604 773 706 798 tamen
731 777 758 805 a,
774 768 838 798 viro
863 779 927 798 non
950 769 1114 800 inediocris
1141 770 1335 801 auctoritatis
1359 771 1530 812 prohibitus
1546 772 1596 807 sit,

129 831 200 862 quae
225 821 390 858 existimat,
416 822 542 853 dicere?
587 822 649 853 Sed
667 827 703 853 te
731 822 828 862 magis
853 832 976 863 aequum
1003 829 1050 853 est
1074 824 1189 854 dicere.
1221 824 1372 865 profiteris
1397 824 1481 855 enirn
1507 825 1596 861 scire,

127 874 263 916 licetque
285 876 341 906 tibi
363 876 523 907 disserere.
546 887 617 916 gere
639 876 732 917 igitur
756 877 830 906 mihi
854 887 982 913 morem,
998 888 1101 918 neque
1124 877 1267 908 invideas
1281 877 1476 909 Glauconem
1500 878 1594 908 istum

127 928 267 970 aliosque
282 930 406 961 docere.
430 930 508 960 Haec
524 941 582 971 ego
593 940 667 961 cum
684 930 831 966 dicerem,
849 930 972 961 Glauco
989 932 1148 972 ceterique
1164 933 1224 963 hoc
1240 932 1322 962 idem
1336 933 1437 973 ipsum
1456 933 1599 963 orabant.

128 987 255 1024 eratque
269 983 479 1021 manifestum,
494 984 760 1025 Thrasymachum
785 984 916 1014 maxima
939 984 1114 1025 cupiditate
1130 985 1256 1016 dicendi
1277 985 1369 1021 affici,
1387 990 1421 1015 ut
1444 995 1475 1015 se
1492 991 1596 1016 osten-

127 1041 227 1067 taret:
245 1038 454 1068 ,arbitrabatur
467 1038 551 1069 enim
575 1039 687 1068 habere.
704 1038 820 1079 optima
840 1048 910 1079 quae
926 1039 1141 1079 responderet.
1164 1050 1270 1069 verum
1287 1039 1451 1069 siumlabat
1467 1039 1597 1077 instare,

127 1094 163 1120 ut
178 1100 236 1132 ego
251 1092 482 1132 responderem.
497 1092 621 1122 tandem
639 1102 710 1122 vero
722 1092 878 1122 concessit
895 1104 901 1121 :
921 1092 1074 1132 Haecque,
1088 1092 1202 1133 inquit,
1217 1093 1352 1124 Socratis
1367 1099 1415 1123 est
1429 1093 1594 1133 sapientia,

126 1144 228 1185 ipsum
245 1145 372 1186 quidem
398 1145 481 1176 nolle
497 1146 620 1182 docere,
644 1147 699 1176 sed
725 1147 763 1176 ab
789 1146 858 1176 allis
885 1146 1003 1177 discere
1029 1146 1209 1187 nullamque
1232 1147 1358 1187 gratiam
1383 1147 1457 1178 inde
1473 1147 1595 1178 referre.

130 1198 226 1235 Quod
242 1210 301 1240 ego
317 1200 356 1230 ab
376 1199 444 1230 aliis
467 1199 596 1235 discam,
612 1210 695 1235 vera,
712 1199 851 1240 inquam,
868 1199 947 1230 dicis
962 1211 969 1230 :
995 1200 1080 1240 quod
1103 1205 1206 1231 autem
1231 1200 1358 1240 gratiam
1375 1211 1438 1230 non
1454 1200 1596 1236 reseram,

130 1253 237 1293 procul
255 1258 302 1284 est
322 1264 339 1284 a
362 1264 446 1284 vero.
471 1253 613 1295 persolvo
639 1254 735 1290 enim,
750 1263 842 1294 quam
869 1264 1006 1294 possum.
1029 1264 1153 1294 possum
1178 1258 1282 1284 antem
1307 1253 1432 1284 laudare
1449 1258 1594 1293 tantum;

126 1311 286 1347 argentum
303 1318 375 1337 veru
391 1317 454 1338 non
471 1308 583 1339 habeo.
608 1312 726 1348 quanta
741 1318 812 1338 vero
829 1307 1025 1348 indulgentia
1040 1307 1123 1337 istud
1139 1307 1284 1343 efficiam,
1301 1307 1325 1337 si
1340 1308 1409 1348 quis
1425 1307 1498 1338 mihi
1516 1309 1595 1338 bene

125 1359 228 1390 dicere
244 1359 396 1397 videatur,
417 1359 572 1401 intelliges
595 1371 677 1397 mox,
693 1371 764 1391 cum
787 1361 994 1401 responderis.
1017 1360 1161 1392 existimo
1185 1361 1267 1391 enim
1284 1366 1314 1391 te
1330 1362 1409 1391 bene
1426 1361 1594 1393 dicturum.

125 1412 214 1444 Audi
230 1414 334 1455 igitur,
352 1414 454 1455 inquit
476 1414 541 1445 illc.
563 1415 678 1446 affirmo
695 1415 842 1456 equidem
855 1415 975 1456 justum
992 1415 1068 1446 nihil
1086 1414 1171 1446 aliud
1188 1426 1255 1446 esse
1269 1425 1361 1457 quam
1378 1415 1461 1456 quod
1479 1420 1592 1456 poten-

124 1468 192 1499 tiori
220 1468 308 1500 utile.
352 1468 419 1500 Cur
445 1480 508 1500 non
534 1469 666 1500 laudas?
699 1469 777 1506 seio,
805 1469 903 1501 noles.
948 1471 1004 1501 So.
1027 1470 1214 1511 Siquidem
1240 1469 1381 1500 didicero
1407 1469 1492 1510 prius
1517 1468 1594 1509 quid

124 1521 222 1552 dicas.
244 1533 329 1554 nunc
351 1528 455 1554 autem
480 1524 620 1554 nondum
636 1523 721 1559 novi,
738 1533 808 1554 cum
825 1523 903 1554 dicis
916 1522 1037 1564 justum
1059 1534 1138 1559 esse,
1157 1523 1241 1565 quod
1258 1522 1428 1564 potentiori
1442 1528 1489 1553 est
1505 1522 1593 1560 utile,

125 1575 200 1617 quid
226 1577 304 1607 velis
330 1577 451 1614 inferre,
477 1577 720 1620 Thrasymache.
767 1577 881 1618 Neque
906 1578 987 1608 enim
1017 1578 1078 1608 tale
1100 1577 1176 1619 quid
1202 1577 1305 1608 dicis:
1345 1576 1376 1607 Si
1401 1576 1593 1618 Polydamas

124 1630 215 1660 nobis
228 1630 335 1661 fortior
350 1631 467 1662 athleta
488 1632 538 1669 sit,
556 1637 588 1662 et
604 1632 647 1663 illi
663 1631 790 1673 quidem
806 1632 946 1663 conferat
970 1632 1085 1662 bovilla
1106 1633 1145 1663 ad
1169 1639 1292 1673 corpu8‚
1308 1633 1391 1662 hunc
1407 1631 1510 1662 cibum
1527 1641 1594 1661 esse.

125 1689 158 1714 et
180 1684 270 1715 nobis
291 1684 347 1715 illo
371 1686 572 1716 debilioribus
597 1686 703 1716 utilem
721 1685 811 1716 simul
829 1691 861 1716 et
881 1685 1012 1727 justum.
1058 1686 1173 1717 Tium.
1195 1685 1351 1716 Molestus
1367 1685 1495 1715 nimium
1512 1695 1556 1721 es,
1574 1696 1592 1715 ο

124 1737 278 1775 Socrates,
294 1744 388 1780 atque
412 1740 471 1770 hac
494 1739 610 1781 accipis
633 1739 730 1776 dicta,
754 1750 816 1780 qua
840 1740 1009 1782 depravare
1035 1740 1167 1772 maxime
1183 1751 1353 1771 sermonem
1380 1739 1489 1781 possis.
1534 1739 1591 1769 So.

125 1790 221 1822 Haud
236 1797 283 1822 est
297 1792 350 1828 ita,
367 1793 414 1824 vir
427 1794 555 1834 optime.
579 1794 634 1824 sed
657 1798 690 1825 tu
706 1793 830 1835 planius
846 1795 906 1825 hoc
923 1805 1039 1825 enarra.
1083 1795 1199 1825 THRA.
1225 1795 1276 1825 An
1293 1795 1414 1835 ignoras
1429 1793 1590 1824 civitatum

129 1846 183 1877 lias
199 1846 326 1886 quidem
343 1857 361 1877 a
378 1848 530 1889 tyrannis,
546 1848 615 1879 illas
631 1858 701 1879 vero
717 1858 734 1878 a
761 1849 895 1890 populo,
911 1849 1077 1880 nonnullas
1101 1850 1141 1879 ab
1172 1849 1373 1890 optimatibus
1399 1848 1562 1890 gubernari
1578 1848 1590 1877 ?

129 1890 184 1932 So.
208 1899 292 1931 Novi
309 1901 467 1942 equidem.
512 1902 625 1935 Trina.
651 1902 767 1933 Nonne
785 1902 816 1933 in
832 1903 942 1943 quavis
957 1903 1084 1933 civitate
1099 1902 1132 1932 id
1150 1903 1220 1943 plus
1245 1908 1360 1943 potest,
1377 1902 1461 1943 quod
1491 1902 1589 1942 impe-

124 1955 196 1985 rat?
241 1955 298 1986 So.
321 1955 466 1992 Quidni?
511 1956 628 1987 Turn.
650 1956 723 1987 Fert
737 1962 841 1988 autem
858 1957 942 1997 leges
960 1956 1152 1997 principatus
1169 1957 1303 1997 quisque
1330 1957 1369 1986 ad
1396 1966 1482 1986 suam
1508 1965 1588 1986 sem-

124 2019 180 2049 per
194 2008 358 2039 utilitatem
372 2021 379 2039 :
406 2009 566 2050 popularis
581 2010 706 2050 quidem
725 2010 908 2051 gubernatio
926 2009 1105 2050 populares,
1122 2010 1286 2050 tyrannica
1302 2020 1373 2039 vero
1390 2009 1589 2050 tyrannicas:

122 2063 158 2093 in
175 2062 346 2104 ceterisque
361 2063 500 2093 similiter
510 2063 637 2094 accidit.
649 2069 804 2105 ponentes
817 2069 919 2094 autem
931 2063 1027 2104 legeS‚
1037 2064 1207 2094 ostendunt
1222 2063 1379 2104 idjustum
1396 2073 1462 2094 esse
1474 2063 1522 2092 his
1535 2063 1589 2104 qui

126 2116 259 2158 subjecti
285 2121 369 2154 sunt,
395 2117 479 2158 quod
506 2117 564 2147 sibi
591 2117 631 2148 sit
656 2118 754 2149 utile:
780 2122 874 2158 atque
901 2118 961 2148 hoc
990 2118 1263 2158 transgredientem
1290 2117 1425 2157 puniunt
1440 2122 1588 2157 tanquam

122 2169 271 2211 injustum
287 2175 320 2201 et
333 2175 441 2201 contra
456 2171 540 2211 leges
554 2176 710 2212 agentem.
741 2172 813 2202 Hoc
829 2171 923 2213 igitur
937 2177 995 2207 est,
1013 2171 1058 2201 vir
1069 2172 1200 2212 optime,
1211 2172 1295 2213 quod
1313 2182 1372 2213 ego
1388 2172 1471 2208 dico,
1489 2171 1587 2212 [339]

120 2224 153 2254 in
169 2224 290 2256 cunctis
304 2223 481 2255 civitatibus
496 2224 580 2256 idem
605 2235 672 2256 esse
683 2222 816 2266 justum,
832 2226 916 2267 quod
946 2225 992 2256 illi
1016 2226 1204 2267 principatui
1220 2225 1370 2257 conserat.
1395 2225 1588 2266 principatus

121 2283 225 2308 autem
243 2278 369 2319 ubique,
386 2283 496 2319 utpote
523 2278 692 2319 potentior,
709 2279 897 2310 dominatur.
944 2279 1050 2319 Quare
1078 2285 1201 2310 constat
1224 2285 1307 2310 recte
1330 2279 1503 2320 colligenti,
1520 2280 1588 2309 ubi-

121 2341 184 2372 que
210 2331 293 2362 idem
319 2332 379 2363 hoc
407 2342 474 2362 esse
493 2331 625 2373 justum,
641 2333 727 2374 quod
754 2333 923 2374 potentiori
939 2333 1108 2364 conducat.
1151 2333 1208 2365 So.
1232 2333 1328 2364 Nunc
1350 2334 1487 2369 demum,
1511 2333 1588 2374 quid

122 2384 222 2422 dicas,
246 2385 400 2426 intelligo.
427 2396 532 2417 verum
559 2391 663 2417 autem
690 2387 764 2417 idne
789 2387 840 2424 sit,
864 2387 992 2418 tentabo
1019 2387 1205 2428 perdiscere.
1250 2386 1338 2418 Utile
1364 2386 1489 2428 quidem
1506 2392 1538 2416 et
1555 2391 1587 2416 tu

121 2438 307 2478 respondisti
319 2437 438 2478 justum
455 2450 535 2477 esse,
559 2439 804 2482 Thrasyrnaclre,
826 2451 1004 2482 quanquam
1033 2442 1118 2477 milri,
1135 2452 1174 2472 ne
1201 2441 1230 2472 id
1248 2442 1478 2482 responderetur,
1495 2440 1589 2470 inter-

119 2492 252 2524 dixeras.
268 2493 392 2524 accedit
405 2499 507 2524 autern
523 2494 600 2525 illud
619 2495 698 2526 ultra
713 2496 789 2526 utile
804 2497 889 2537 quod
907 2497 1025 2527 dictum
1042 2501 1086 2526 est
1105 2495 1284 2536 potentiori.
1329 2495 1444 2524 Trina.
1468 2493 1590 2534 Exigua

120 2545 248 2576 forsitan
263 2547 330 2577 hzee
346 2546 477 2579 additio.
520 2547 574 2580 So.
597 2548 748 2580 Nondum
767 2550 976 2590 manifestum,
1000 2560 1152 2590 magnane
1169 2549 1209 2579 sit
1224 2559 1262 2578 an
1290 2559 1380 2589 parva
1397 2559 1403 2577 :
1430 2548 1484 2578 sed
1502 2548 1587 2589 quod

120 2600 180 2630 hoc
196 2600 446 2641 investigandum
463 2600 516 2637 sit,
532 2611 572 2632 an
594 2613 664 2633 vera
690 2603 786 2640 dicas,
805 2603 1004 2645 perspicuum
1032 2608 1091 2634 est.
1115 2607 1280 2644 postquam
1293 2601 1413 2643 justum
1429 2611 1496 2632 esse
1512 2611 1587 2631 con-

120 2653 221 2684 serens
237 2654 387 2695 quiddam
408 2665 467 2696 ego
483 2655 646 2697 confiteor,
660 2661 692 2686 et
715 2662 748 2687 tu
775 2658 864 2688 addis
887 2657 1056 2699 potentiori
1080 2656 1255 2697 conserenti,
1272 2664 1330 2697 eg>
1346 2661 1450 2686 autem
1466 2655 1588 2696 ignoro,

119 2707 379 2739 considerandum
401 2709 469 2740 erit.
513 2709 627 2740 Trina.
653 2710 836 2742 Considera.
879 2711 934 2743 So.
958 2710 1083 2742 Faciam
1103 2710 1182 2751 jam.
1205 2720 1242 2740 ac
1271 2710 1343 2739 milii
1368 2709 1465 2745 dicas,
1484 2718 1589 2749 parere

118 2760 351 2793 dominantibus
372 2763 491 2804 justum
514 2773 581 2794 csse
601 2764 735 2795 asseris?
779 2764 894 2795 Tnna.
923 2764 1092 2806 Equidem.
1138 2764 1194 2795 So.
1219 2763 1330 2794 Utrum
1354 2763 1407 2804 qui
1434 2762 1590 2802 imperant

118 2812 151 2844 in
167 2814 345 2846 civitatibus
358 2817 609 2858 quibuscunque,
625 2817 693 2848 sine
709 2828 808 2849 errore
824 2823 896 2849 sunt
912 2829 1045 2859 semper,
1062 2828 1101 2848 an
1118 2823 1219 2847 errant
1233 2816 1423 2857 quandoque
1437 2816 1448 2845 ?
1471 2815 1589 2844 Turta.

119 2866 226 2899 Errare
241 2869 395 2900 interdum
420 2876 563 2911 possunt.
608 2871 662 2901 So.
686 2871 804 2903 Nonne
827 2872 923 2913 igitur
937 2882 1006 2902 cum
1032 2872 1116 2912 leges
1133 2871 1209 2901 ferre
1226 2869 1458 2911 aggrediuntur,
1477 2867 1586 2908 partim

121 2926 204 2951 recte
229 2921 343 2965 serunt,
371 2924 482 2965 partim
513 2935 584 2955 vero
611 2935 674 2955 non
699 2925 807 2956 recte?
851 2925 965 2956 Tunn-
996 2925 1047 2956 Sic
1078 2924 1233 2956 existimo.
1278 2923 1334 2954 So.
1357 2922 1459 2954 Recte
1485 2926 1587 2950 autem

122 2973 322 3016 scrunt,cum
349 2977 405 3009 sibi
433 2978 521 3009 utilia
546 2984 708 3010 statuunt:
735 2990 797 3010 non
824 2985 918 3017 recte,
944 2991 1015 3011 cum
1042 2979 1174 3010 contra?
1198 2979 1293 3016 itane,
1321 2987 1359 3007 au
1388 2974 1591 3006 zilitt·r‹licin?
