1840 3225
255 242 324 279 108
834 242 1102 282 PLATONIS
1623 247 1715 297 [371

251 348 472 388 comparanda.
497 357 557 376 non
575 346 657 378 enim
675 346 821 387 agricola,
839 351 873 377 ut
896 346 1031 387 videtur,
1047 346 1106 376 sibi
1131 351 1262 376 aratrum
1291 347 1450 387 conficiet,
1466 347 1492 379 si
1518 349 1718 379 commodum

252 401 341 442 operi
357 400 492 430 futurum
509 406 566 436 cst,
584 410 685 441 neque
703 401 821 441 ligones
836 406 867 431 ct
883 406 994 431 rastros
1010 411 1112 442 neque
1129 400 1189 431 alia
1214 401 1429 438 instrumenta,
1445 402 1558 442 quibus
1584 402 1719 443 agricul-

254 459 320 484 tura
336 454 453 495 indiget
471 466 477 483 :
504 464 606 495 neque
622 465 722 485 rursus
739 454 932 494 aedificator;
956 454 1060 485 multis
1076 455 1156 485 enim
1174 461 1206 485 et
1222 455 1294 486 huic
1319 466 1400 496 opus
1423 461 1481 487 est.
1505 456 1652 497 idemque
1676 457 1718 487 de

256 512 373 537 textore
391 513 423 538 et
437 508 567 538 coriario
583 508 753 539 dicendum
769 509 839 539 erit.
863 509 991 539 norme?
1037 508 1122 540 Anr.
1147 509 1248 540 Idem.
1293 509 1350 540 So.
1375 508 1466 540 Fabri
1483 509 1577 550 igitur
1598 509 1722 551 lignarii

255 567 288 592 et
303 561 432 601 ferrarii,
447 561 564 603 aliique
580 561 761 603 hujusmodi
777 563 880 604 plures
905 556 1052 603 artifices,
1069 563 1165 592 nostri
1192 563 1223 593 in
1251 573 1289 596 eo
1315 563 1435 604 oppido
1461 564 1606 595 concives
1630 564 1720 601 facti,

254 615 447 657 frequentius
463 615 563 657 ipsum
581 616 730 648 efficient.
774 616 855 647 Anr.
879 616 963 648 Vera
979 616 1127 658 loqueris.
1170 617 1226 647 So.
1249 617 1311 648 Sed
1332 617 1472 648 nondum
1487 618 1562 649 satis
1583 618 1722 659 amplum

253 669 315 700 hoc
331 675 424 705 esset,
441 670 503 700 nisi
517 670 595 712 ipsis
612 671 763 701 bubulcos
779 676 811 701 et
826 671 981 712 opiliones
998 676 1029 702 et
1045 677 1182 712 pastores
1208 671 1286 702 alios
1310 671 1506 709 adderemus,
1523 676 1558 702 ut
1583 677 1616 703 et
1640 673 1723 713 agri-

255 723 333 754 colae
349 724 388 754 ad
405 725 556 754 arandum
573 724 668 755 boves
685 725 847 761 haberent,
862 730 894 755 et
908 725 1068 755 architecti
1080 724 1232 765 jumentis
1247 725 1286 755 ad
1300 726 1545 756 convectandam
1563 725 1720 757 materiem

255 782 424 815 uterentur,
442 782 576 809 textores
592 784 696 810 autern
711 784 744 809 et
759 779 879 810 coriarii
898 779 1030 820 pellibus
1046 790 1083 810 ac
1100 779 1191 810 lanis.
1236 778 1318 810 Am.
1340 778 1434 810 Haud
1451 789 1526 810 sane
1551 789 1647 820 parva
1670 789 1719 810 es-

253 836 302 861 set
316 831 436 868 civitas,
452 842 522 873 quae
539 832 644 863 omnia
659 834 727 864 haec
743 833 882 864 haberet.
928 833 984 865 So.
1009 833 1107 875 Atqui
1123 833 1312 864 constituere
1328 832 1487 864 civitatem
1512 834 1547 865 in
1569 844 1608 864 eo
1636 833 1720 870 loco.

255 885 289 915 in
304 896 367 927 quo
383 886 622 918 advectionibus
639 898 701 918 non
717 887 872 929 indigeat,
889 887 983 919 ferme
999 887 1191 929 impossibile
1207 893 1264 919 est.
1309 887 1392 918 Anr.
1415 887 1613 929 Impossibile
1627 892 1722 918 certe.

254 940 310 971 So.
335 940 494 981 Indigebit
509 940 602 982 igitur
617 947 649 973 et
664 942 743 979 aliis,
760 942 815 983 qui
830 953 867 972 ex
883 942 944 972 alia
959 943 1034 973 urbe
1048 943 1226 982 importent,
1238 941 1350 983 quibus
1363 942 1430 973 haec
1442 941 1596 983 indigeat.
1638 941 1720 972 Anr.

253 994 425 1036 Indigebit.
469 996 525 1026 So.
549 995 660 1026 Vanus
676 1002 779 1026 autem
796 1002 876 1027 esset
892 996 1041 1033 minister,
1059 996 1136 1026 nihil
1161 996 1321 1027 adducens
1347 1006 1451 1026 earum
1477 1006 1588 1031 rerum,
1605 995 1719 1036 quibus

253 1049 399 1090 indigent
424 1049 467 1085 hi,
484 1060 502 1080 a
526 1050 638 1091 quibus
664 1050 753 1081 affert
778 1060 828 1089 ea,
842 1061 972 1092 quorum
1001 1060 1056 1081 sua
1081 1050 1191 1081 civitas
1217 1049 1313 1092 [371]
1339 1049 1469 1090 indiget.
1491 1059 1607 1080 vacuus
1634 1048 1719 1093 enirn

253 1102 378 1134 rediret.
401 1103 530 1133 nonne?
576 1103 656 1135 Anr.
682 1103 829 1134 Videtur.
873 1104 928 1134 So.
951 1103 1086 1144 Oportet
1107 1103 1203 1145 igitur
1224 1114 1286 1134 non
1313 1103 1413 1134 sotum
1438 1113 1476 1134 ea
1499 1103 1625 1139 confici,
1649 1112 1721 1144 quae

254 1156 300 1187 illi
322 1156 442 1187 civitati
467 1157 642 1188 sufficiant:
669 1159 722 1188 sed
752 1158 858 1198 qualia
883 1163 916 1188 et
941 1163 1019 1198 quot
1046 1158 1095 1197 iis,
1110 1158 1224 1198 quibus
1249 1157 1303 1188 illa
1332 1157 1463 1198 indiget.
1505 1156 1588 1188 Anr.
1615 1156 1720 1198 Opor-

254 1216 299 1241 tet
313 1221 399 1242 sane.
445 1211 501 1242 So.
524 1211 671 1242 Pluribus
685 1212 778 1252 igitur
793 1211 935 1253 agricolis
951 1217 982 1242 et
1009 1211 1077 1242 aliis
1104 1211 1273 1242 artificibus
1299 1211 1390 1242 nobis
1413 1221 1503 1252 opus!
1518 1215 1567 1241 est
1592 1211 1624 1240 in
1646 1210 1721 1242 civi·

254 1271 331 1296 tate.
373 1265 456 1297 Am.
480 1265 624 1296 Pluribus
647 1272 741 1297 certe.
788 1265 844 1297 So.
869 1265 910 1296 Et
935 1265 1003 1296 aliis
1031 1266 1157 1307 insuper
1182 1265 1340 1301 ministris,
1355 1264 1410 1306 qui
1437 1271 1470 1295 et
1496 1264 1663 1305 importent
1688 1269 1722 1294 et

255 1325 420 1360 exportent
435 1319 568 1360 singula.
593 1320 645 1350 isti
661 1308 764 1350 aut'em
792 1325 977 1350 mercatores
1003 1325 1086 1351 sunt.
1111 1330 1149 1349 an
1179 1320 1266 1349 non?
1312 1318 1394 1349 Am.
1416 1319 1508 1350 Sunt.
1553 1317 1609 1349 So.
1635 1317 1724 1348 Mer·

256 1373 411 1405 catoribus
427 1372 520 1414 igitur
536 1373 756 1414 indigebimus.
804 1373 886 1404 Aur.
912 1373 1028 1406 Certe..
1060 1375 1115 1405 So.
1145 1373 1187 1404 Et
1200 1373 1226 1404 si
1241 1373 1366 1414 quidem
1385 1372 1535 1403 maritima
1551 1377 1721 1403 mercatura

256 1427 326 1469 erit,
353 1427 577 1462 multissetiam
603 1438 682 1468 opus
710 1428 779 1464 erit,
795 1428 849 1469 qui
880 1428 1038 1458 maritimae
1069 1433 1249 1458 mercaturae
1276 1427 1364 1468 periti
1389 1427 1462 1457 sint.
1505 1426 1588 1456 Am.
1609 1425 1724 1456 Multis

254 1481 359 1523 plane.
404 1481 458 1513 So.
482 1482 568 1518 Quid
585 1487 687 1513 autem
702 1481 737 1512 in
760 1482 829 1523 ipsa
853 1482 1005 1513 civitate?
1038 1482 1196 1524 quomodo
1219 1481 1300 1512 inter
1323 1491 1356 1512 se
1378 1480 1559 1522 impertierit
1583 1490 1632 1516 ea,
1648 1489 1719 1521 quae

255 1535 368 1576 singuli
384 1537 574 1576 operantur?
599 1536 688 1577 cujus
704 1537 923 1578 impertitionis
950 1537 1047 1578 gratia
1070 1536 1386 1567 communicationem
1411 1534 1588 1565 induximus
1610 1534 1720 1565 civita-

255 1594 380 1630 temque
398 1591 636 1625 construximus.
684 1590 766 1620 Am.
786 1590 890 1627 Patet,
906 1591 990 1631 quod
1009 1591 1143 1621 emendo
1160 1596 1192 1621 et
1218 1589 1397 1620 vendendo.
1442 1588 1498 1620 So.
1526 1587 1636 1619 Forum
1661 1588 1720 1618 ita-

257 1654 318 1684 que
333 1643 422 1674 nobis
438 1649 468 1674 et
485 1654 627 1674 nummus
643 1644 673 1674 in
691 1644 883 1675 commerciis
898 1655 935 1675 ex
952 1645 1010 1676 lroc
1028 1644 1264 1686 permutationis
1279 1643 1377 1685 gratia
1392 1643 1592 1674 instituetur?
1638 1641 1722 1673 Am.

257 1697 408 1728 Omnino.
453 1698 507 1728 So.
532 1697 618 1728 Num
635 1699 727 1739 igitur
741 1699 841 1730 ferens
857 1699 888 1729 in
906 1699 1003 1729 forum
1031 1698 1166 1740 agricola
1192 1698 1310 1739 aliquid
1339 1708 1376 1728 ex
1402 1697 1450 1728 his
1473 1707 1544 1738 quae
1566 1696 1655 1733 facit,
1670 1696 1719 1726 vel

256 1751 368 1792 aliqujs
383 1751 461 1781 alius
476 1751 596 1787 artifex,
613 1752 636 1782 si
653 1763 714 1782 non
732 1752 842 1783 eodem
861 1752 891 1782 in
910 1758 1048 1792 tempore
1065 1752 1181 1788 veniat,
1195 1762 1258 1793 quo
1274 1757 1306 1782 et
1322 1751 1366 1782 illi
1383 1752 1566 1791 quibuscum
1581 1756 1630 1781 est
1652 1750 1720 1780 haec

257 1811 496 1846 permutaturus,
512 1807 645 1837 cessabit
661 1807 699 1836 ab
716 1817 823 1848 opere,
840 1807 871 1837 in
887 1807 952 1837 soro
969 1806 1142 1837 consistens
1157 1806 1168 1835 ?
1214 1806 1297 1836 Am.
1321 1805 1419 1836 Nullo
1436 1805 1542 1835 modo.
1563 1804 1618 1835 sed
1634 1809 1720 1839 sunt,

256 1859 322 1900 qui,
339 1869 408 1890 cum
426 1860 485 1890 hoc
501 1860 761 1896 animadvertant,
776 1871 808 1892 se
823 1860 906 1901 ipsos
922 1861 961 1890 ad
980 1861 1038 1890 lroc
1056 1859 1256 1890 ministerium
1274 1864 1458 1900 praeparent.
1481 1859 1514 1889 in
1540 1858 1719 1890 civitatibus

257 1913 340 1944 enim
358 1918 439 1943 recte
455 1913 603 1944 institutis
619 1913 649 1943 id
666 1919 765 1954 agunt
778 1913 918 1944 homines
935 1914 1060 1955 quidam
1077 1913 1248 1944 imbecilles
1263 1923 1390 1954 corpore
1405 1918 1439 1943 et
1463 1913 1504 1943 ad
1527 1912 1612 1943 aliud
1640 1922 1720 1953 opus

257 1966 404 1998 inutiles:
429 1967 483 2008 qui
499 1967 561 1998 illic
578 1967 739 1998 constituti
755 1968 835 1999 circa
855 1967 956 1998 forum
984 1968 1094 2010 partim
1120 1967 1248 2008 quidem
1276 1972 1404 2009 argento
1431 1971 1624 1998 commutant
1649 1976 1720 1997 cum

260 2021 308 2052 his
323 2021 377 2062 qni
393 2020 511 2062 aliquid
529 2021 682 2051 vendituri
699 2026 782 2057 sunt,
800 2021 909 2061 partim
926 2032 973 2052 res
989 2022 1066 2052 dant
1082 2032 1137 2061 pro
1164 2027 1292 2063 argento
1320 2021 1367 2052 his
1393 2020 1447 2063 qui
1470 2020 1615 2061 empturi.
1660 2020 1718 2051 So.

261 2073 341 2104 Haec
357 2084 429 2114 ergo
445 2073 612 2104 necessitas
630 2074 720 2104 nobis
735 2084 912 2115 cauponum
931 2085 1028 2115 genus
1045 2075 1075 2105 in
1092 2075 1167 2106 urbe.
1195 2080 1346 2116 procreat.
1391 2074 1445 2105 An
1470 2085 1532 2105 non
1560 2084 1720 2116 caupones

260 2138 314 2158 eos
343 2137 501 2168 vocamus,
527 2128 581 2169 qui
611 2138 642 2158 se
675 2127 704 2158 in
734 2128 800 2159 furo
831 2129 870 2158 ad
899 2129 1110 2159 venditionem
1137 2130 1394 2170 emptionemque
1421 2128 1638 2159 constituunt?
1667 2128 1723 2170 qui

261 2192 332 2213 vero
356 2182 394 2211 ad
423 2180 541 2212 alienas
567 2182 657 2212 urbes
684 2182 827 2222 migrant,
855 2183 1059 2213 mercatores?
1106 2182 1190 2213 Ant.
1214 2182 1328 2213 Procul
1355 2181 1463 2212 dubio.
1508 2181 1560 2212 So.
1583 2181 1665 2212 Sunt
1690 2186 1724 2212 et

261 2235 315 2266 alii
332 2240 490 2276 praeterea.
504 2240 538 2266 ut
553 2236 690 2271 arbitror,
708 2236 847 2271 ministri,
864 2236 930 2277 qui,
948 2247 1017 2267 cum
1034 2237 1106 2268 huic
1122 2236 1266 2267 societati
1282 2245 1391 2277 parum
1407 2235 1501 2266 animi
1516 2235 1630 2265 viribus
1645 2245 1725 2266 con·

260 2289 338 2320 ferre
355 2288 490 2329 possint,
504 2289 595 2319 robur
609 2289 744 2330 corporis
770 2289 925 2320 sufficiens
950 2290 990 2320 ad
1021 2289 1139 2320 labores
1164 2290 1292 2320 habent.
1314 2288 1364 2319 isti
1391 2299 1464 2329 ergo
1489 2289 1606 2319 roboris
1632 2299 1722 2320 usum

262 2343 445 2380 vendentes,
470 2342 544 2383 quia
570 2343 672 2384 ipsum
702 2344 860 2386 praemium
887 2344 1059 2374 mercedem
1086 2343 1260 2385 appellant,
1286 2341 1465 2374 mercenarii
1492 2347 1724 2383 nuncupantur.

261 2407 366 2428 nonne
380 2396 449 2428 ita?
494 2396 573 2427 Am.
601 2396 648 2427 Ita
667 2407 799 2438 prorsus.
845 2398 900 2429 So.
925 2397 1076 2439 Repletio
1094 2398 1198 2439 itaque
1215 2397 1349 2428 civitatis
1375 2401 1408 2427 et
1433 2396 1614 2428 mercenarii
1638 2402 1723 2427 sunt.

262 2452 344 2483 Am.
366 2451 511 2482 Videtur.
556 2451 613 2483 So.
638 2450 804 2492 Nunquid,
821 2463 839 2481 o
856 2450 1038 2487 Adimante‚
1057 2450 1100 2481 ita
1111 2450 1177 2492 jam
1194 2461 1212 2481 a
1227 2451 1318 2482 nobis
1334 2451 1468 2482 adaucta
1482 2455 1530 2481 est
1552 2446 1673 2492 civitas,
1689 2456 1724 2481 ut

260 2506 300 2536 sit
316 2505 476 2546 perfecta?
521 2504 602 2536 Anr.
628 2504 734 2536 Forte.
778 2505 833 2536 So.
860 2505 996 2536 Ubinam
1013 2505 1043 2535 in
1061 2506 1127 2547 ipsa
1149 2505 1274 2547 justitia
1301 2505 1359 2535 erit
1382 2510 1415 2535 et
1435 2503 1603 2545 injustitia,
1617 2510 1651 2535 et
1672 2505 1725 2535 cul

262 2559 352 2590 simul
369 2560 474 2589 innata
490 2564 583 2600 atquc
598 2559 690 2590 insita
705 2570 742 2590 ex
759 2559 806 2590 his
832 2559 934 2594 rebus,
949 2570 1026 2601 quas
1054 2560 1251 2590 tractavimus
1267 2559 1278 2589 ?
1322 2558 1406 2590 Ant.
1431 2557 1597 2600 Equidem,
1621 2556 1720 2600 [8⁷2]

260 2623 279 2644 o
296 2613 450 2649 Socrates,
466 2612 582 2649 nescio,
599 2613 658 2644 nisi
674 2613 750 2644 sorte
767 2612 916 2644 consistat
932 2612 963 2642 in
980 2619 1087 2643 mutuo
1111 2614 1246 2654 quodam
1263 2623 1320 2643 usu
1346 2622 1464 2648 eorum,
1480 2621 1551 2653 quae
1576 2611 1723 2644 diximus.

261 2666 318 2698 So.
342 2665 481 2696 Forsitan
499 2666 578 2697 bene
594 2666 682 2698 dicis.
707 2666 965 2698 considerandum
994 2672 1109 2703 tamen,
1127 2677 1227 2708 neque
1251 2665 1477 2698 desistendum.
1521 2664 1564 2696 Et
1588 2664 1720 2706 primum

261 2719 388 2761 quidem
405 2719 591 2760 intucamur,
606 2730 667 2761 qua
679 2721 796 2752 ratione
809 2721 892 2752 victu
905 2726 1041 2761 utentur,
1052 2721 1105 2762 qui
1119 2721 1162 2751 ita
1174 2721 1309 2752 instituti
1320 2724 1392 2750 sunt
1401 2718 1497 2750 cives.
1511 2728 1551 2749 an
1563 2728 1625 2750 non
1637 2720 1725 2750 cibos

263 2773 416 2815 parabunt
429 2778 460 2803 ct
477 2773 580 2803 vinum
597 2779 628 2804 ct
645 2782 745 2806 vestes
759 2780 792 2806 et
807 2774 1018 2806 calceamenta
1033 2780 1062 2805 ct
1081 2775 1190 2806 domos
1204 2775 1215 2805 ?
1239 2779 1346 2805 aestate
1360 2772 1487 2814 quidem
1505 2779 1539 2804 ut
1553 2772 1721 2814 plurimum

264 2827 330 2857 sinc
347 2831 431 2857 vesto
447 2832 477 2856 ct
493 2827 559 2857 sinc
575 2827 687 2859 calceis
702 2834 803 2863 erunt,
821 2828 921 2859 hicme
937 2833 1039 2859 autem
1057 2829 1194 2859 vestibus
1209 2833 1241 2859 et
1254 2827 1369 2859 calceis
1393 2825 1582 2857 sufficienter
1608 2826 1722 2858 ornati.

264 2879 436 2910 nutrientur
452 2885 621 2920 autenm&
639 2881 754 2912 hordeo
780 2888 812 2913 ct
837 2882 990 2913 frumento
1017 2882 1144 2912 farinam
1172 2881 1385 2916 conficientes,
1399 2884 1430 2910 et
1458 2879 1565 2921 partim
1592 2879 1720 2920 quidem

261 2933 427 2975 pinsendo,
446 2934 554 2975 partim
571 2937 780 2977 congerendo,
797 2937 955 2978 placentas
973 2946 1129 2978 panesque
1145 2947 1235 2979 super
1260 2934 1386 2968 calamis
1413 2939 1467 2965 aut
1491 2933 1575 2975 puris
1601 2933 1719 2965 frondi-
