1840 3225
228 238 309 275 436
837 237 1101 276 PLATONlS
1446 259 1449 263 ·
1600 239 1691 292 [941

796 471 934 520 LlB.
985 470 1113 521 XII.

231 638 328 682 [9⁴11]
355 640 387 671 Si
412 640 534 681 legatus
549 645 601 671 aut
614 650 715 681 praeco
731 640 820 678 falsa,
837 651 906 682 quae
932 641 991 672 sibi
1018 641 1183 672 commissa
1198 645 1282 677 sunt,
1298 640 1500 677 nuntiaverit,
1517 638 1692 673 dicendave

229 694 372 729 tacuerit,
390 694 438 724 vel
453 704 558 725 rursus
584 696 623 725 ab
648 692 789 725 hostibus
817 696 965 727 amicisve
998 695 1139 732 rediens,
1165 706 1235 737 quae
1271 696 1310 725 ab
1342 695 1406 726 illis
1433 695 1567 736 accepit,
1601 694 1694 726 aliter

228 759 324 789 quam
349 748 508 789 acceperit
528 748 671 779 retulisse
696 749 887 789 reperiatur:
917 749 1005 790 quasi
1033 749 1183 780 Mercurii
1210 749 1362 790 Jovisque
1388 749 1537 780 mandata
1561 748 1694 790 legatio-

228 813 347 843 nesque
374 809 481 834 contra
500 803 600 844 legem
616 804 852 844 contempserit,
869 804 901 834 in
912 803 1068 845 judicium
1084 804 1250 834 deferatur.
1272 812 1305 834 et
1314 804 1440 846 judices
1456 815 1513 845 pro
1537 803 1692 844 magnitu-

229 855 303 887 dine
317 858 363 888 rei
375 856 450 899 quid
460 857 527 898 pati
538 858 652 887 dareve
667 857 770 897 ipsum
781 862 914 898 oportet,
930 857 955 887 si
968 857 1131 888 damnatus
1139 857 1243 894 fuerit,
1257 864 1406 889 statuant.
1417 857 1559 899 pecuniae
1573 857 1692 888 furtum

224 910 380 941 illiberale
392 910 530 952 profecto
547 916 605 947 est,
624 911 733 952 rapina
759 921 832 941 vero
853 911 1080 952 turpissimum.
1105 912 1209 942 nullus
1233 917 1337 942 autem
1363 911 1500 944 filiorum
1522 911 1611 943 Jovis
1637 916 1694 941 aut

225 965 257 995 vi
274 970 328 995 ant
343 965 417 995 dolo
433 964 608 996 delectatus
621 965 784 1005 quicquam
802 965 983 1005 hujusmodi
999 975 1137 1006 unquam
1150 965 1235 996 fecit.
1257 965 1332 996 ideo
1358 975 1451 996 nemo
1471 965 1521 996 vel
1544 975 1563 995 a
1587 964 1693 1006 poetis

226 1019 279 1050 vel
306 1029 325 1049 a
350 1018 499 1049 fabulosis
514 1018 583 1048 aliis
599 1018 777 1049 horninibus
791 1018 837 1048 ita
853 1019 1038 1060 decipiatur,
1053 1025 1088 1049 ut
1110 1020 1228 1056 credat,
1256 1020 1283 1050 si
1305 1019 1387 1050 furto
1412 1024 1466 1050 aut
1484 1018 1517 1049 vi
1542 1028 1616 1049 usus
1644 1017 1697 1053 sit,

226 1072 306 1103 nihil
324 1083 355 1103 sc
372 1078 473 1114 turpe,
488 1073 541 1103 sed
560 1072 644 1113 quod
663 1072 720 1102 Dii
741 1083 870 1114 quoque
898 1071 1045 1109 fecerint,
1062 1074 1266 1104 commisisse.
1289 1084 1363 1104 nam
1377 1083 1437 1104 nec
1452 1083 1558 1104 verum
1574 1071 1609 1103 id
1635 1082 1698 1103 nec

225 1126 394 1157 verisimile
410 1131 469 1156 est.
491 1131 524 1156 et
539 1125 593 1167 qui
607 1130 719 1167 praeter
734 1127 835 1167 legem
849 1128 958 1158 horum
974 1128 1102 1158 alterum
1119 1127 1205 1164 facit,
1219 1128 1245 1158 is
1270 1138 1329 1158 nec
1352 1127 1441 1158 Deus
1464 1137 1524 1158 nec
1550 1126 1696 1158 Deorum

225 1185 274 1210 est
298 1179 390 1210 filius.
412 1180 480 1210 baec
497 1180 690 1221 legumlator-i
719 1181 818 1222 magis
847 1191 941 1222 quam
969 1182 1092 1212 cunctis
1117 1181 1221 1222 poetis
1251 1182 1470 1223 cognoscenda
1494 1186 1577 1212 sunt.
1598 1181 1694 1222 igitur

224 1233 404 1276 quicunque
419 1233 493 1265 huic
505 1240 611 1265 nostro
628 1235 762 1265 sermoni
776 1236 925 1276 paruerit,
936 1235 1013 1265 felix
1025 1241 1073 1266 est
1097 1241 1130 1265 et
1146 1235 1177 1265 in
1202 1244 1363 1276 posterum
1386 1245 1511 1276 semper
1535 1234 1594 1265 erit
1607 1245 1616 1273 3
1640 1234 1698 1277 qui

225 1287 468 1324 contrafecerit,
487 1289 545 1318 hac
569 1288 638 1329 lege
665 1289 841 1319 arcebitur:
867 1289 901 1319 Si
923 1290 994 1330 quis
1023 1290 1141 1330 aliquid
1167 1289 1326 1330 publicum
1354 1289 1472 1320 furatus
1495 1288 1601 1326 fuerit,
1629 1289 1696 1320 sive

224 1352 358 1382 parvum
369 1352 424 1372 seu
435 1352 586 1383 magnum
601 1342 635 1372 id
649 1342 701 1378 sit,
717 1343 786 1383 pari
802 1344 956 1384 supplicio
971 1344 1130 1384 puniatur.
1153 1354 1224 1374 nam
1241 1344 1293 1385 qui
1310 1354 1377 1374 rem
1393 1353 1520 1384 parvam
1536 1339 1697 1379 substulit,

223 1396 282 1426 etsi
298 1396 413 1426 minori
429 1396 458 1426 vi
474 1407 570 1437 quam
581 1396 634 1437 qui
650 1406 795 1437 magnam
824 1397 935 1437 rapuit,
961 1407 1052 1438 aequa
1079 1403 1186 1428 tamen
1209 1397 1384 1438 cupiditate
1415 1397 1536 1428 furatus
1566 1402 1635 1428 est:
1664 1401 1698 1428 et

228 1451 285 1490 qui
299 1461 449 1491 magnum
463 1451 582 1492 aliquid
600 1451 674 1480 inde
686 1451 831 1488 removit,
848 1451 902 1481 ubi
918 1452 986 1492 ipse
1001 1461 1066 1481 non
1087 1451 1286 1492 deposuerat,
1306 1452 1333 1482 is
1348 1451 1475 1482 omnino
1491 1451 1616 1492 iniquus
1636 1455 1699 1481 est.

225 1504 275 1535 lex
289 1503 384 1545 igitur
398 1515 461 1535 non
475 1504 549 1535 furti
562 1505 714 1545 parvitate
731 1505 862 1535 alterum
878 1505 982 1535 minus
995 1515 1088 1546 quam
1112 1506 1242 1536 alterum
1265 1505 1460 1546 puniendum
1484 1509 1607 1536 censet:
1636 1503 1695 1534 sed

227 1569 266 1589 eo
281 1558 411 1589 forsitan
427 1559 578 1589 interesse
591 1563 693 1600 putat,
710 1558 794 1599 quod
810 1559 889 1589 alter
913 1559 1060 1589 sanabilis
1077 1559 1127 1595 sit,
1143 1559 1325 1589 insanabilis
1349 1559 1438 1590 alter.
1462 1558 1488 1589 si
1507 1568 1614 1589 servus
1638 1563 1695 1589 aut

224 1613 409 1653 peregrinus
433 1613 507 1642 furti
521 1613 638 1653 publici
655 1618 818 1643 accusatus
832 1619 863 1643 et
879 1613 1105 1644 condemnatus
1121 1613 1173 1653 sit,
1189 1618 1340 1653 tanquam
1362 1612 1467 1643 sanari
1489 1612 1693 1654 quodammo-

225 1666 267 1697 do
284 1677 372 1707 posse
390 1665 544 1702 videatur,
561 1667 634 1707 quid
652 1667 719 1708 pati
736 1666 847 1698 dareve
871 1667 1002 1706 debeat,
1021 1667 1144 1708 judicio
1160 1672 1322 1698 statuatur.
1348 1667 1444 1708 [942]
1469 1667 1572 1698 civem
1586 1671 1692 1698 autem

222 1721 270 1751 ita
285 1720 465 1758 educatum,
478 1725 514 1751 ut
543 1720 606 1761 ipsi
635 1721 841 1763 instituimus,
871 1721 898 1752 si
928 1722 1000 1762 quis
1030 1722 1193 1762 publicum
1222 1721 1342 1763 aliquid
1370 1721 1511 1752 furatum
1539 1729 1610 1751 esse
1640 1719 1692 1750 vel

222 1775 357 1805 violasse
394 1775 575 1810 convicerit,
605 1774 671 1805 sive
698 1775 731 1805 in
759 1775 830 1815 ipso
860 1775 943 1806 furto
974 1779 1007 1805 et
1038 1776 1158 1806 scelere
1189 1776 1255 1806 sive
1286 1776 1377 1806 aliter
1405 1775 1697 1817 quomodocunque

223 1828 483 1870 deprehenderit,
514 1833 664 1870 tanquam
693 1828 904 1860 insanabilem
932 1830 1040 1860 mortis
1075 1830 1231 1871 supplicio
1265 1829 1522 1860 condemnamus.
1565 1828 1690 1859 militiae

221 1883 321 1925 gratia
332 1880 447 1914 'merito
462 1894 585 1924 magnae
602 1884 758 1914 habentur
772 1883 1028 1920 deliberationes,
1045 1890 1078 1914 et
1091 1884 1178 1926 leges
1195 1884 1304 1914 multae
1321 1883 1511 1914 conduntur.
1532 1881 1591 1913 sed
1610 1879 1692 1912 illud

221 1937 362 1967 omnium
378 1938 551 1967 maximum
566 1943 624 1974 est,
638 1948 678 1968 ne
695 1938 766 1978 quis
782 1948 849 1967 mas
864 1938 1021 1968 femiuave
1039 1939 1106 1968 sine
1121 1938 1271 1979 magistro
1291 1948 1328 1968 ac
1354 1937 1496 1978 principe
1520 1937 1691 1978 quicquam

221 1997 295 2032 agat
310 2003 316 2021 ι
334 2002 393 2022 nec
410 1991 489 2022 civis
504 1991 691 2032 cujusquam
708 1992 831 2022 animus
847 1991 913 2022 sive
923 1991 1002 2032 joco
1021 1992 1087 2022 sive
1103 1992 1185 2022 serio
1201 1991 1321 2033 aliquid
1334 1991 1438 2022 facere
1465 1991 1552 2022 solus
1579 1996 1612 2022 et
1637 1999 1696 2021 suo

219 2045 382 2076 dumtaxat
408 2046 555 2076 arbitratu
585 2052 792 2084 consuescat;
816 2046 873 2076 sed
899 2051 965 2076 tam
986 2047 1017 2076 in
1043 2047 1129 2077 bello
1156 2056 1247 2087 quam
1277 2046 1313 2076 in
1341 2055 1420 2087 pace
1448 2045 1489 2076 ad
1515 2044 1689 2086 principem

220 2101 470 2140 magistrumque
484 2109 609 2140 semper
624 2100 785 2140 respiciat,
798 2107 831 2130 et
856 2110 929 2130 cum
955 2110 1145 2141 quocunque
1169 2105 1330 2141 sequatur,
1359 2105 1454 2140 atque
1478 2099 1524 2130 ita
1551 2098 1592 2129 ad
1620 2097 1692 2139 ejus

220 2159 332 2183 nutum
353 2163 440 2183 suam
459 2153 554 2183 vitam
569 2153 727 2189 instituat,
744 2159 780 2183 ut
797 2155 844 2184 vel
867 2154 995 2184 minima
1015 2164 1149 2195 quaeque
1163 2154 1202 2184 ab
1217 2165 1255 2184 eo
1278 2154 1470 2195 gubernatus
1493 2153 1602 2188 faciat,
1628 2156 1693 2182 stet

221 2218 293 2238 cum
306 2207 450 2248 jubetur,
467 2212 500 2237 et
514 2217 622 2237 rursus
632 2207 739 2248 jussus
764 2207 994 2248 proficiscatur,
1023 2213 1214 2242 exerceatur,
1236 2209 1370 2242 lavetur,
1396 2205 1554 2242 comedat,
1586 2210 1695 2248 surgat

220 2267 326 2297 nocte,
355 2261 532 2292 custodiam
545 2266 628 2301 agat,
644 2261 697 2292 det
713 2261 803 2302 sigua
819 2267 851 2291 et
866 2261 1002 2292 vicissim
1020 2261 1167 2302 accipiat,
1183 2268 1215 2291 et
1232 2262 1265 2292 in
1288 2261 1359 2302 ipso
1385 2260 1497 2302 proelio
1520 2270 1580 2291 nec
1603 2259 1692 2290 inse-

221 2322 333 2356 quatur
348 2326 485 2356 unquam
500 2325 560 2347 nec
579 2315 683 2356 cedat,
700 2315 757 2345 nisi
772 2316 920 2357 princeps
936 2321 968 2345 et
984 2315 1132 2356 magister
1148 2315 1373 2356 significaverit
1387 2326 1393 2344 :
1425 2321 1469 2351 et,
1493 2319 1531 2345 ut
1553 2323 1690 2345 summa-

219 2371 278 2406 tim
296 2371 410 2405 dicam,
427 2379 518 2400 nemo
534 2370 662 2411 penitus
677 2375 856 2410 cognoscat,
872 2369 947 2410 quid
976 2369 1017 2399 sit
1044 2379 1182 2400 seorsum
1206 2369 1244 2400 ab
1270 2369 1340 2400 aliis
1366 2379 1482 2410 agere3
1512 2368 1568 2398 sed
1594 2367 1690 2398 simul

219 2435 346 2466 semper
361 2424 601 2465 communisque
617 2434 710 2464 quam
726 2424 860 2454 maxime
877 2424 1024 2454 omnibus
1047 2424 1110 2454 vita
1127 2424 1178 2454 sit.
1200 2423 1279 2454 nihil
1303 2423 1390 2454 enim
1413 2423 1472 2453 hac
1499 2432 1532 2453 re
1563 2422 1690 2459 melius,

218 2479 297 2508 nihil
321 2478 628 2519 p1·aestanti11S,niliil
656 2478 851 2509 artificiosius
878 2488 1014 2518 unquam
1041 2478 1101 2508 erit
1127 2477 1168 2508 ad
1194 2478 1327 2508 salutem
1356 2483 1388 2508 et
1411 2475 1576 2507 victoriam
1605 2475 1692 2507 bello

218 2533 457 2573 acquirendam.
480 2533 538 2562 hoc
560 2532 666 2572 ipsum
683 2532 776 2562 etiam
802 2532 833 2562 in
860 2542 939 2572 pace
964 2533 1003 2562 ab
1030 2532 1098 2573 ipsa
1124 2532 1262 2573 pueritia
1288 2536 1424 2567 servent,
1445 2535 1690 2571 assuescantque

219 2586 297 2616 alios
311 2586 426 2617 ducere
443 2592 475 2617 et
492 2586 529 2616 ab
546 2586 616 2616 aliis
640 2585 726 2617 duci.
751 2587 854 2616 solnta
879 2597 953 2617 vero
980 2586 1108 2617 licentia
1129 2597 1146 2616 e
1172 2587 1238 2616 vita
1259 2585 1389 2627 penitus
1411 2580 1600 2626 expellatur,
1624 2593 1689 2614 non

217 2640 381 2670 hominum
398 2641 508 2676 solum,
525 2640 693 2670 sedetiam
721 2640 909 2676 bestiarum,
934 2651 1005 2680 qua*
1028 2640 1086 2670 sub
1111 2640 1295 2670 hominibus
1316 2644 1401 2670 sunt.
1424 2648 1534 2669 omnes
1563 2644 1690 2678 quoqu'e

217 2693 340 2723 chorea·
356 2694 410 2729 ita,
428 2700 462 2724 ut
481 2694 561 2724 bene
591 2700 716 2735 geratur
746 2694 877 2730 beilum,
909 2694 1104 2725 celebrandae
1131 2700 1220 2724 sunt:
1251 2699 1348 2734 atque
1375 2692 1479 2723 omnis
1504 2691 1690 2728 dexteritas,

215 2746 361 2782 facilitas,
378 2747 593 2788 promptitudo
609 2748 751 2790 ejusdem
766 2749 809 2779 rei
838 2758 932 2779 causa
955 2748 1175 2789 comparanda.
1199 2748 1238 2778 ob
1263 2747 1398 2778 eandem
1424 2755 1549 2777 causam
1563 2746 1692 2776 'consu-

218 2811 324 2832 escere
343 2802 496 2831 debemus
522 2812 540 2832 a
567 2802 636 2833 cibo
663 2808 695 2833 ct
726 2808 803 2844 potu
825 2802 994 2837 abstinere,
1019 2803 1116 2843 frigus
1140 2808 1315 2843 aestumque
1342 2806 1375 2832 et
1398 2799 1512 2831 cubilis
1535 2799 1687 2830 duritiem

215 2856 293 2896 pati,
312 2860 344 2885 et
368 2855 520 2896 imprimis·
543 2856 656 2896 capitis
681 2856 861 2898 pedumque
885 2858 1034 2888 virtutem
1056 2856 1170 2887 alienis
1197 2855 1368 2898 tegmentis
1378 2864 1443 2884 nun
1471 2861 1686 2896 eorrumpere,

214 2919 273 2940 ncc
292 2910 444 2951 pileorum
459 2910 698 2951 caiccorumque
717 2923 733 2941 a
749 2910 951 2951 gener-‘itione
974 2910 1116 2941 datorum
1143 2915 1285 2941 naturam
1311 2908 1455 2951 perdere.
1478 2918 1549 2939 narn
1577 2913 1682 2939 extre·
