1840 3225
181 189 260 226 428
769 186 1034 226 PLATONIS
1536 188 1634 241 [924

179 290 257 323 Cu.
279 291 446 329 Quomodo
461 293 473 323 ?
520 291 658 323 Arnim.
681 291 710 322 O
743 291 846 328 amici,
872 290 1026 327 dicemus,
1054 300 1090 321 ac
1105 289 1193 322 brevi
1231 290 1339 332 procul
1370 290 1466 322 dubio
1493 291 1649 329 morituri,

181 345 312 376 difficile
328 346 418 377 vobis
432 352 481 378 est
494 357 545 378 res
559 351 678 378 vestras
693 351 788 386 atque
800 346 896 376 etiam
912 356 965 376 vos
979 344 1063 386 ipsos
1073 345 1242 376 secundum
1255 345 1447 387 Delphicum
1457 346 1650 387 epigramma

178 409 380 440 cognoscere.
401 411 472 442 ego,
488 401 543 443 qui
557 402 643 442 leges
657 400 773 436 condo,
787 411 848 431 nec
864 410 916 431 vos
929 404 1051 430 vestros
1066 409 1134 430 esse
1151 399 1295 440 a1bitror,
1309 410 1370 431 nec
1383 410 1449 431 rem
1463 399 1649 431 familiarem

179 453 261 484 hanc
276 464 400 485 omnem
416 465 484 486 esse
494 461 642 491 vestram,
653 455 710 486 sed
723 454 819 486 totius
835 455 929 486 vestri
942 454 1067 496 generis
1074 454 1225 495 praeteriti
1236 459 1332 496 atque
1344 453 1442 486 futuri
1455 465 1462 484 x
1486 454 1651 495 multoque

175 507 281 549 magis
302 508 455 540 universae
479 509 618 541 civitatis
643 514 675 541 et
701 519 800 550 genus
815 519 906 541 omne
920 514 952 540 et
967 508 1091 539 divitias
1106 518 1186 540 esse.
1209 509 1276 540 haec
1291 519 1365 540 cum
1379 508 1424 539 ita
1448 507 1521 544 sint,
1537 507 1565 538 si
1579 507 1651 549 quis

177 563 453 595 assentatiunculis
477 564 512 595 in
540 565 649 595 morbo
670 568 705 594 et
729 564 819 595 senio
836 574 891 595 vos
916 573 1079 605 aggressus
1105 568 1220 604 praeter
1244 563 1413 594 honestum
1426 567 1649 594 testamentum

177 617 314 647 condere
346 618 547 659 persuaserit,
579 629 740 660 nunquam
766 617 801 649 id
839 618 906 649 fieri
932 623 1045 659 sponte
1075 617 1249 649 concedam
1265 628 1273 647 z
1314 617 1383 654 sed,
1410 617 1496 659 quod
1526 616 1652 651 civitati

175 670 328 702 universae
343 673 514 714 generique
528 672 671 704 conferat
686 672 899 709 considerans,
915 672 960 704 ita
974 672 1062 714 leges
1077 672 1283 709 conscribam,
1298 677 1334 703 ut
1351 671 1548 713 singulorum
1563 681 1650 702 com-

177 724 273 756 moda
287 725 414 756 minoris
429 737 524 768 quam
538 732 731 763 cunctorum,
745 731 782 757 ut
794 737 850 768 par
865 731 924 763 est,
937 726 1100 758 aestimem.
1115 737 1174 758 vos
1187 726 1282 769 igitur
1296 726 1390 757 mites
1400 732 1494 768 atque
1505 725 1654 757 benevoli

177 779 270 809 nobis
296 779 340 810 ite
362 780 468 817 modo,
495 791 559 823 quo
581 786 702 812 naturae
727 781 871 812 humanae
895 791 952 813 vos
980 781 1154 812 necessitas
1168 786 1273 812 vocat.
1295 780 1388 812 nobis
1411 786 1516 811 autem
1529 779 1653 822 reliqua

176 839 283 865 vestra
304 845 388 866 curae
414 840 518 872 erunt,
542 835 596 877 qui
621 845 685 866 non
709 835 779 866 aliis
799 835 900 877 magis
925 845 1020 877 quam
1039 835 1110 865 aliis
1133 835 1229 866 rebus
1242 834 1418 872 studemus,
1434 834 1493 866 sed
1507 834 1649 865 omnium

177 898 268 929 aeque
284 899 341 930 pro
355 888 475 920 viribus
489 900 593 921 curam
610 890 760 931 gerimus.
782 890 849 920 haec
863 889 899 920 in
913 889 1063 931 prooemio
1073 888 1227 919 solamina
1238 894 1272 920 et
1282 889 1456 920 viventium
1468 893 1502 920 et
1514 889 1650 919 morien-

177 941 268 979 tium,
294 953 314 972 ο
341 943 458 980 Clinia,
483 944 560 974 sint.
581 944 633 974 lex
648 948 757 975 autem
772 943 813 974 sit
825 943 885 974 ista
903 954 910 973 :
957 942 1023 980 Qui
1038 942 1155 973 liberos
1169 942 1267 974 habet
1283 951 1317 974 et
1329 947 1559 974 testamentum
1573 952 1650 974 con-

176 996 297 1033 scribit,
313 997 415 1038 primo
430 998 581 1029 heredem
598 998 638 1029 de
651 998 724 1028 filiis
739 1008 849 1034 unum,
865 1007 962 1038 quem
975 996 1107 1038 dignum
1120 997 1294 1038 putaverit,
1310 997 1484 1028 constituat
1497 1007 1505 1027 ε
1530 995 1649 1029 deinde

178 1060 401 1093 quemcunque
428 1052 562 1083 aliorum
587 1051 801 1094 adoptandum
827 1051 899 1082 aliis
923 1051 1061 1089 dederit,
1086 1051 1275 1083 conscribat.
1297 1056 1331 1083 et
1345 1051 1372 1082 si
1387 1051 1522 1082 filiorum
1537 1051 1653 1094 aliquis

178 1110 338 1146 superest,
361 1106 452 1137 nulla
477 1106 654 1138 hereditate
679 1106 834 1143 munitus,
860 1116 957 1148 quem
981 1105 1158 1137 secundum
1178 1106 1285 1148 legem
1309 1106 1342 1137 in
1367 1106 1524 1138 coloniam
1543 1111 1653 1148 sperat

176 1159 404 1199 profecturum,
420 1161 492 1192 huic
507 1161 603 1192 liceat
615 1161 698 1202 patri
714 1160 753 1192 de.
769 1160 832 1191 alia
844 1160 992 1202 pecunia,
1009 1165 1163 1202 quantum
1176 1160 1267 1198 velit,
1283 1161 1401 1203 legare,
1415 1165 1550 1202 paterna
1563 1166 1651 1192 sorte

177 1224 304 1254 semper
319 1220 454 1257 excepta
468 1220 502 1246 et
517 1215 673 1252 omnibus,
689 1226 760 1257 quae
776 1214 818 1246 ad
832 1215 919 1247 illam
935 1215 1111 1257 pertinent.
1133 1216 1218 1257 quod
1236 1215 1267 1246 si
1280 1215 1388 1257 plures
1401 1215 1475 1252 sint,
1486 1214 1532 1247 eis
1546 1220 1651 1257 pater,

178 1278 374 1310 quaecunque
401 1270 485 1301 ultra
510 1276 624 1301 sortem
651 1275 737 1306 sunt,
753 1274 789 1300 ut
804 1270 893 1306 velit,
917 1269 1095 1302 distribuat.
1118 1280 1154 1301 ac
1177 1269 1204 1300 si
1218 1270 1314 1301 alicui
1329 1280 1440 1301 eorum
1457 1270 1523 1313 jam
1538 1269 1651 1301 domus

177 1327 239 1358 est,
254 1323 285 1353 ei
299 1325 451 1364 pecunias
466 1334 531 1355 non
546 1325 663 1355 tribuat
678 1335 685 1354 t
709 1335 815 1366 neque
839 1323 914 1355 filiae
942 1325 1101 1362 similiter,
1125 1335 1196 1367 quae
1225 1325 1291 1356 viro
1316 1325 1358 1356 sit
1387 1324 1577 1366 desponsata
1592 1335 1600 1354 :
1624 1324 1653 1356 si

177 1376 370 1418 desponsata
381 1388 444 1409 non
460 1379 567 1415 fuerit,
584 1378 712 1409 tribuat.
734 1383 767 1409 et
782 1378 809 1409 si
825 1378 958 1409 filiorum
975 1379 1148 1410 filiammve
1165 1379 1259 1410 alicui
1273 1389 1342 1410 sors
1352 1379 1460 1420 aliqua
1472 1378 1507 1410 in
1519 1378 1650 1420 regione

178 1436 251 1472 post
265 1431 427 1463 conditum
443 1438 674 1464 testamentum
685 1433 862 1470 advenerit,
873 1433 1034 1464 testatoris
1046 1434 1146 1475 ipsius
1158 1433 1269 1464 heredi
1279 1433 1486 1474 relinquatur.
1499 1433 1529 1465 si
1544 1439 1651 1465 autem

178 1495 243 1515 non
269 1486 352 1517 filios
374 1487 430 1517 sed
456 1486 535 1519 filias
560 1487 665 1523 habet,
688 1487 743 1529 qui
769 1492 918 1523 testatur,
943 1487 1034 1528 cujus
1060 1488 1135 1518 filiae
1162 1487 1240 1518 velit
1254 1487 1358 1518 virum
1374 1488 1524 1518 heredem
1538 1487 1597 1519 sibi
1613 1499 1651 1520 ac

177 1538 281 1570 filium
295 1539 362 1570 fore
385 1541 573 1572 conscribat.
595 1546 629 1572 et
655 1541 682 1573 si
707 1541 844 1583 alicujus
857 1540 940 1572 filius
955 1541 1019 1572 sive
1034 1541 1187 1572 naturalis
1201 1541 1267 1572 sive
1283 1541 1462 1582 adoptivus,
1479 1547 1649 1584 antequam

177 1597 286 1635 togam
310 1595 435 1626 virilem
458 1601 610 1633 assumat,
637 1596 821 1632 decesserit,
837 1597 893 1626 has
907 1596 1006 1627 etiam
1026 1595 1170 1626 fortunas
1183 1606 1258 1627 suas
1273 1601 1406 1627 testator
1420 1596 1590 1638 significet,
1605 1602 1651 1634 et,

178 1657 275 1689 quem
289 1650 367 1680 velit
381 1650 452 1680 loco
467 1650 554 1681 illius
569 1650 754 1681 melioribus
768 1650 921 1692 auspiciis
935 1650 1035 1681 filium
1052 1650 1111 1680 sibi
1126 1650 1206 1687 fore,
1228 1649 1380 1681 declaret.
1406 1649 1504 1693 [924]
1528 1651 1556 1682 si
1576 1651 1651 1693 quis

178 1702 299 1743 absque
325 1703 434 1734 liberis
458 1704 586 1735 omnino
612 1710 834 1736 testamentum
858 1704 980 1742 condit,
1003 1704 1159 1736 decimam
1184 1710 1308 1746 partem
1329 1705 1422 1736 fundi
1432 1706 1519 1737 ultra
1532 1711 1651 1737 sortem

179 1757 330 1798 acquisiti
353 1759 441 1800 leget
464 1759 642 1801 cuicunque
668 1759 730 1790 civi
750 1759 888 1790 voluerit
903 1770 910 1789 :
935 1764 1042 1790 cetera
1057 1759 1164 1790 omnia
1174 1759 1279 1790 futuro
1291 1769 1350 1801 per
1365 1758 1566 1801 adoptionem
1582 1760 1650 1792 filio

177 1810 315 1853 benigne
331 1812 399 1843 sine
414 1814 544 1855 querela
556 1819 589 1844 et
602 1813 778 1845 secundum
792 1814 897 1855 legem
911 1813 1042 1845 tribuat.
1063 1813 1093 1845 si
1118 1813 1172 1846 eui
1198 1813 1291 1844 liberi
1315 1814 1472 1845 tutoribus
1495 1814 1652 1856 indigent,

178 1871 213 1898 et
226 1867 312 1898 idem
326 1867 465 1898 moriens
478 1873 667 1899 testamento
682 1873 809 1904 tutores,
832 1878 1038 1910 quoscunque
1065 1873 1098 1900 et
1113 1873 1318 1910 quotcunque
1333 1868 1425 1905 velit,
1440 1868 1652 1906 constituerit,

179 1922 236 1963 qui
261 1922 390 1953 tutandi
415 1923 554 1954 officium
578 1922 743 1964 suscipere
769 1922 872 1953 velint
886 1934 892 1952 :
917 1922 963 1954 ita
985 1923 1052 1960 fiat,
1073 1923 1157 1954 sicut
1180 1922 1404 1964 descripserat.
1427 1922 1476 1954 sin
1499 1933 1572 1954 vero
1599 1923 1652 1954 vel

179 1975 346 2007 intestatus
361 1981 480 2008 naturae
497 1977 705 2015 concesserit,
722 1977 774 2008 vel
798 1981 921 2008 tutores
941 1987 1006 2008 non
1036 1977 1277 2019 conscripserit:
1303 1977 1359 2019 qui
1384 1987 1499 2018 genere
1515 1967 1669 2020 proximi*

179 2034 267 2067 sunt,
279 2031 343 2062 duo
358 2041 399 2062 ex
413 2036 503 2073 parte
519 2032 628 2073 patris,
656 2032 784 2073 duoque
801 2041 841 2062 ex
856 2036 946 2073 parte
961 2032 1076 2069 matris,
1101 2038 1199 2074 atque
1223 2041 1306 2063 unus
1328 2042 1369 2062 ex
1394 2032 1509 2063 mortui
1531 2032 1653 2069 amicis,

179 2084 315 2115 tutelam
330 2085 515 2126 suscipiant.
537 2095 617 2127 quos
633 2086 740 2127 legum
753 2087 904 2118 custodes
914 2086 1131 2128 indigentibus
1143 2086 1275 2128 pupillis
1284 2090 1421 2117 statuere
1432 2086 1563 2119 debent.
1577 2096 1652 2118 nam

180 2137 362 2179 quindecim
387 2138 525 2180 ipsorum
548 2139 662 2171 ceteris
683 2140 826 2171 seniores
852 2142 1064 2182 orphanorum
1083 2140 1222 2172 omnium
1247 2140 1467 2182 quinquennio
1481 2151 1590 2172 curam
1604 2141 1652 2172 sic

178 2192 296 2223 habere
309 2193 464 2230 volumus,
477 2199 512 2224 ut
527 2194 610 2225 terni
623 2204 680 2235 pro
695 2194 849 2236 dignitate
866 2195 999 2237 singulis
1015 2195 1105 2225 annis
1120 2200 1253 2226 curent:
1278 2200 1312 2225 et
1334 2200 1445 2227 exacto
1469 2195 1651 2237 quinquen-

179 2247 234 2278 nio
246 2247 391 2278 similiter
404 2247 585 2289 quindecim
598 2248 677 2279 alios
692 2260 699 2279 :
724 2253 820 2291 atque
836 2249 867 2280 id
881 2259 937 2291 pro
949 2248 1071 2280 viribus
1083 2259 1248 2290 nunquam
1259 2248 1398 2280 deficiat.
1420 2249 1448 2280 si
1461 2249 1532 2291 quis
1544 2255 1650 2282 autem

180 2302 260 2332 nihil
277 2307 413 2333 testatus
427 2301 596 2334 decesserit
611 2303 754 2344 filiosque
769 2304 872 2334 tutela
886 2308 1018 2345 egentes
1033 2303 1209 2344 reliquerit,
1224 2302 1339 2334 iisdem
1353 2303 1474 2344 legibus
1494 2304 1566 2335 filiis
1582 2304 1652 2346 ejus

182 2356 397 2396 provideatur.
419 2357 475 2398 qui
489 2367 563 2388 vero
578 2358 741 2399 inopinata
756 2357 882 2389 fortuna
893 2357 1066 2389 decesserit
1082 2358 1226 2399 filiasque
1247 2357 1424 2399 reliquerit,
1437 2359 1527 2389 latori
1542 2359 1652 2401 legum

182 2411 308 2440 veniam
323 2410 488 2448 concedat,
502 2412 528 2442 si
540 2412 580 2442 ad
596 2412 660 2443 duo
672 2413 712 2442 de
728 2412 826 2443 tribus
841 2412 1029 2454 respiciens,
1045 2412 1115 2453 ejus
1131 2412 1210 2442 filias
1226 2413 1374 2448 collocet,
1401 2413 1442 2443 ad
1464 2414 1651 2455 propinqui-

188 2470 288 2494 tatem
305 2465 455 2496 videlicet
471 2466 608 2507 generis,
636 2472 816 2508 sortemque
832 2467 1029 2498 servandam.
1052 2467 1180 2497 tertium
1194 2472 1312 2508 autem,
1328 2466 1414 2508 quod
1427 2468 1550 2508 paterni
1563 2469 1657 2500 officii

182 2524 241 2553 cst,
275 2524 311 2549 ut
338 2520 472 2550 moribus
501 2521 615 2551 civium
644 2521 812 2562 diligenter
837 2521 1046 2553 consideratis
1072 2521 1223 2552 idoneum
1248 2527 1281 2552 et
1305 2522 1366 2552 sibi
1391 2521 1491 2552 filium
1513 2527 1548 2554 et
1574 2523 1649 2554 filiae

182 2582 334 2612 sponsum
349 2574 478 2615 deligat,
494 2574 538 2611 id,
555 2576 705 2616 quoniam
720 2576 914 2618 impossibile
931 2576 1131 2607 consideratu
1146 2581 1205 2612 est,
1221 2576 1452 2617 praetermittat.
1479 2577 1528 2607 lex
1554 2577 1650 2618 igitur

182 2636 238 2666 pro
249 2626 369 2658 viribus
384 2629 441 2659 hac
458 2629 497 2659 de
514 2640 547 2660 re
560 2629 739 2670 hujusmodi
752 2630 813 2661 sit:
839 2631 873 2662 Si
888 2631 958 2672 quis
972 2641 1010 2661 ex
1029 2630 1181 2661 intestato
1208 2634 1344 2661 mortuus
1371 2630 1453 2661 filias
1474 2630 1650 2673 reliquerit,

181 2681 275 2711 frater
297 2686 366 2723 eJus
392 2693 431 2713 ex
461 2690 548 2724 patre
571 2689 625 2715 aut
649 2695 688 2715 ex
716 2689 828 2722 matre,
855 2686 882 2716 si
906 2686 1025 2726 absque
1048 2690 1130 2716 sorte
1157 2684 1209 2722 sit,
1235 2684 1350 2715 mortui
1371 2684 1467 2714 filiam
1483 2689 1516 2715 et
1531 2690 1647 2715 sortem

182 2735 345 2776 suscipiat.
368 2737 452 2777 quod
483 2737 508 2767 si
534 2737 630 2769 frater
655 2748 720 2770 non
735 2744 851 2776 exstat,
867 2739 937 2781 ejus
952 2739 1049 2780 silius,
1064 2739 1124 2770 nisi
1140 2744 1216 2769 aetas
1230 2739 1347 2777 obstet,
1361 2738 1516 2779 accipiat:
1542 2739 1650 2770 tertius

182 2790 296 2821 sororis
321 2790 414 2827 filius,
437 2791 462 2821 si
488 2792 596 2823 nullus
620 2793 748 2825 illorum
773 2798 892 2825 exstat:
916 2799 1044 2836 quartus
1066 2794 1164 2835 patris
1180 2792 1274 2824 frater
1287 2804 1294 2822 :
1319 2792 1448 2833 quintus
1462 2792 1546 2823 filius
1560 2793 1647 2835 ejus:

181 2850 291 2875 sextus
306 2846 417 2875 sororis
429 2851 564 2887 paternae
578 2847 660 2878 filius
676 2860 682 2878 ι
707 2853 740 2879 et
751 2848 895 2880 similiter
906 2859 961 2890 per
973 2849 1083 2880 fratres
1100 2847 1374 2888 consobrinosque,
1390 2847 1513 2888 generis
1524 2857 1648 2888 semper

184 2899 418 2942 propinquitate
436 2905 570 2937 servata,
588 2902 612 2932 si
624 2902 704 2933 filias
720 2903 862 2945 reliquit,
876 2904 921 2935 ita
936 2904 1135 2945 procedatur,
1160 2907 1194 2934 ut
1217 2903 1252 2934 in
1277 2900 1389 2934 eodeni
1413 2912 1528 2944 genere
1549 2911 1650 2933 mares
