1840 3225
200 270 253 308 66
790 267 1062 314 PLATONIS
1578 271 1674 322 [247

200 373 281 404 viam
307 373 512 416 patefaciunt.
560 373 715 404 Praeterea
750 371 881 404 scientia
919 371 1037 413 quaevis
1076 375 1193 402 remota
1226 370 1352 413 justitia
1390 371 1514 413 aliaque
1545 373 1673 410 virtute,

201 427 300 470 [247]
325 439 387 459 non
418 427 585 469 sapientia,
614 427 668 458 sed
697 425 853 458 calliditas
884 435 951 456 esse
976 425 1109 456 videtur.
1157 425 1299 462 Quorum
1323 435 1418 457 causa
1448 430 1481 457 et
1510 426 1608 467 primo
1638 431 1673 457 et

200 487 359 523 postremo
385 487 479 524 atque
510 492 565 523 per
588 481 705 518 omnia,
729 480 816 511 omni
840 480 945 511 studio
969 479 1199 521 diligentiaque
1222 480 1416 516 contendite,
1442 485 1477 510 ut
1502 485 1534 511 et
1557 490 1615 511 nos
1640 485 1673 512 et

199 536 332 577 majores
348 541 468 567 nostros
485 536 603 566 virtutis
619 535 716 577 gloria
733 534 896 576 superetis.
921 533 1060 575 alioquin
1077 532 1202 571 scitote,
1215 533 1240 564 si
1253 533 1339 564 vobis
1352 534 1465 565 virtute
1477 540 1670 575 praestemus,

201 589 361 620 victoriam
378 591 457 620 hanc
474 589 564 621 nobis
580 590 719 620 dedecus
735 589 896 619 allaturam
913 600 919 618 :
945 588 991 618 sin
1018 598 1198 629 superemur
1222 598 1240 618 a
1263 587 1362 625 vobis,
1381 587 1575 620 felicitatem.
1620 587 1672 619 Ita

199 653 272 674 vero
289 643 418 675 maxime
435 654 491 675 nos
515 643 644 686 quidem
670 643 897 685 superabimur,
919 653 973 673 vos
996 647 1101 673 autem
1124 642 1322 684 superabitis,
1347 642 1370 673 si
1387 652 1425 673 ea
1439 642 1559 673 ratione
1575 642 1670 673 vitam

197 697 380 733 instituetis,
397 702 432 728 ut
447 697 597 739 majorum
615 697 712 738 gloria
728 707 792 727 non
816 696 1000 733 abutamini,
1024 706 1127 737 neque
1143 707 1224 731 eam,
1243 702 1276 726 ut
1291 696 1335 727 ita
1359 697 1537 733 dixerimus,
1552 706 1670 738 expen-

199 751 281 782 datis
296 751 512 793 erogetisque:
539 751 686 786 scientes,
703 751 768 781 viro
782 751 901 792 aliquid
917 761 985 781 esse
1001 760 1033 781 se
1049 750 1238 781 existimanti
1255 750 1332 781 nihil
1350 751 1469 792 turpius
1486 761 1576 792 posse
1591 750 1671 782 acci-

197 804 283 844 dere,
299 815 391 846 quam
408 815 439 836 se
456 805 559 847 ipsum
576 805 794 836 honorandum
818 816 880 836 non
906 804 1062 846 propriam
1087 805 1127 835 ob
1144 804 1301 841 virtutem,
1317 805 1370 835 scd
1389 810 1515 846 propter
1538 804 1667 845 gloriam

196 858 389 898 superiorum
420 860 567 900 praebere.
611 859 721 890 Gloria
746 859 829 890 enim
858 865 1019 900 parentum
1045 858 1126 889 natis
1152 858 1315 899 praeclarus
1345 864 1393 889 est
1423 858 1670 900 magnificusque

196 912 377 943 thesaurus:
405 913 452 944 uti
479 923 550 944 vero
574 913 780 955 pecuniarum
808 913 1022 954 honorumque
1049 913 1207 949 thesauro,
1232 917 1265 943 et
1289 913 1372 944 hunc
1391 912 1431 943 ad
1450 917 1588 953 posteros
1604 921 1669 943 non

195 965 424 1003 transfundere,
441 967 573 1009 propriae
590 967 794 1009 possessionis
818 967 987 1008 gloriaeque
1011 966 1150 1005 defectu,
1172 971 1274 1007 turpe,
1298 972 1330 997 et
1353 976 1371 996 a
1388 967 1442 997 viri
1458 967 1666 1007 generositate

195 1019 322 1060 penitus
337 1020 484 1051 alienum.
531 1021 565 1052 Si
580 1022 675 1062 igitur
691 1022 758 1052 haec
775 1021 985 1058 exercueritis,
999 1021 1071 1050 vitae
1096 1021 1222 1051 demum
1240 1020 1312 1051 satis
1327 1020 1445 1051 exactis
1460 1021 1522 1051 cari
1540 1021 1581 1051 ad
1606 1031 1666 1052 nos

194 1072 253 1104 filii
269 1084 355 1104 caros
372 1080 514 1115 parentes
531 1075 783 1116 proficiscemini.
809 1075 855 1105 sin
873 1080 976 1105 autem
993 1074 1194 1115 neglexeritis
1210 1075 1277 1105 haec
1294 1080 1326 1105 et
1340 1073 1473 1116 improbi
1497 1073 1668 1112 evaseritis,

195 1136 289 1157 nemo
316 1138 371 1158 vos
399 1128 498 1159 libens
526 1128 674 1169 excipiet.
720 1128 813 1158 Natis
837 1129 966 1169 quidem
995 1128 1106 1158 nostris
1133 1128 1200 1158 haec
1221 1128 1284 1158 sint
1297 1127 1393 1158 dicta.
1439 1126 1548 1158 Patres
1563 1133 1667 1159 autem

195 1186 317 1211 nostros
332 1192 368 1212 ac
392 1187 516 1222 matres,
541 1183 566 1213 si
583 1183 634 1213 cui
651 1188 788 1213 nostrum
804 1187 970 1224 supersunt
993 1187 1087 1223 atque
1111 1181 1326 1213 consolatione
1342 1181 1496 1222 indigent,
1512 1181 1668 1214 consolari

197 1239 333 1275 oportet,
348 1235 420 1276 quia
436 1236 549 1267 deceat
572 1236 664 1266 facile
689 1246 887 1277 quaecunque
917 1236 1088 1266 acciderint
1111 1235 1211 1267 ferre:
1236 1246 1338 1276 neque
1364 1246 1435 1266 cum
1460 1235 1520 1266 illis
1536 1245 1597 1266 una
1612 1236 1668 1267 de-

197 1288 368 1330 plorandus
384 1294 432 1320 est
447 1300 549 1321 casus.
573 1290 848 1321 lamentationibus
862 1290 945 1321 enim
962 1290 1091 1320 aliorum
1108 1300 1170 1319 non
1188 1289 1376 1330 indigebunt
1390 1301 1397 1319 :
1415 1290 1489 1320 satis
1504 1290 1588 1320 enirn
1603 1299 1667 1321 sors

194 1342 326 1373 tristitiae
343 1343 404 1373 illis
420 1343 546 1375 inferet.
593 1344 720 1375 Mederi
744 1344 886 1386 profecto
914 1344 1073 1385 lenireque
1097 1349 1232 1385 oportet,
1255 1349 1287 1374 et
1309 1343 1344 1374 in
1367 1343 1472 1385 primis
1487 1343 1564 1374 illud
1581 1353 1666 1374 corn·

195 1406 377 1433 memorare,
396 1397 482 1438 quod
500 1398 635 1428 maxima
651 1408 769 1434 eorum,
792 1408 862 1439 quae
885 1402 1034 1439 exoptare
1058 1397 1171 1434 solent,
1187 1397 1391 1427 exaudientes
1405 1396 1450 1427 dii
1469 1396 1536 1437 jam
1552 1397 1668 1428 tribue—

192 1457 277 1481 runt.
300 1461 402 1492 neque
418 1451 500 1481 enim
516 1452 707 1482 immortales
723 1451 782 1482 sibi
796 1451 877 1482 filios
899 1452 978 1493 dari,
1002 1451 1055 1482 sed
1074 1452 1171 1481 bonos
1187 1456 1219 1481 et
1234 1450 1365 1481 illustres
1389 1451 1552 1492 optabant.
1577 1449 1668 1491 cujus

193 1504 320 1545 quidem
347 1505 412 1535 voti
437 1510 600 1546 compotes
625 1506 730 1537 effecti
760 1510 843 1541 sunt,
876 1506 961 1547 quod
995 1505 1160 1535 maximum
1190 1504 1431 1535 existimandum
1462 1510 1510 1535 est
1535 1505 1666 1537 bonum.

195 1557 311 1589 Omnia
326 1569 399 1589 vero
416 1559 535 1589 mortali
562 1560 627 1590 viro
653 1560 693 1589 ad
718 1564 826 1590 votum
849 1559 881 1589 in
905 1559 968 1589 vita
992 1559 1171 1593 succedere,
1195 1559 1277 1588 haud
1301 1558 1393 1589 facile
1409 1563 1466 1590 est.
1515 1557 1617 1599 Atqui
1639 1559 1664 1589 si

190 1616 305 1642 sortem
320 1611 392 1642 forti
407 1612 511 1642 animo
539 1613 728 1650 tolerabunt,
746 1612 933 1643 videbuntur
949 1622 1055 1643 revera
1070 1612 1194 1642 fortium
1219 1612 1351 1642 filiorum
1371 1617 1525 1653 parentes,
1539 1612 1665 1653 ipsique

190 1666 285 1697 fortes
301 1676 380 1697 esse.
405 1666 453 1696 sin
470 1672 572 1697 autem
591 1666 691 1696 dolori
709 1667 925 1702 succumbent,
941 1666 1150 1706 suspicionem
1168 1665 1344 1696 hominibus
1360 1666 1508 1705 inferent,
1524 1676 1564 1697 ne
1586 1666 1666 1696 forte

192 1725 247 1751 aut
273 1725 416 1762 parentes
441 1720 538 1750 nostri
564 1720 692 1751 minime
720 1721 795 1761 sint,
821 1725 875 1750 aut
900 1720 953 1761 qui
977 1730 1033 1750 nos
1051 1720 1196 1751 laudibus
1212 1720 1358 1756 efferunt,
1374 1720 1575 1751 mentiantur.
1618 1719 1666 1751 At

194 1774 305 1805 horum
321 1779 465 1805 neutrum
490 1774 615 1805 evenire
643 1779 788 1815 oportet:
814 1773 908 1803 immo
937 1784 1008 1804 vero
1034 1774 1210 1805 laudatores
1226 1779 1346 1805 nostros
1361 1785 1393 1805 re
1414 1775 1482 1816 ipsa
1506 1774 1664 1816 praecipue

189 1828 260 1860 illos
275 1839 354 1865 esse,
371 1828 573 1859 ostendentes
588 1838 620 1860 se
635 1839 739 1859 revera
755 1833 900 1869 parentes
916 1828 996 1858 viros
1013 1838 1079 1859 esse
1097 1828 1242 1859 virorum.
1288 1827 1456 1859 Enimvero
1475 1834 1561 1859 vetus
1584 1828 1665 1860 illud

189 1882 399 1925 proverbium,
417 1881 505 1913 Nihil
522 1882 626 1918 nimis,
644 1882 721 1913 scite
748 1882 867 1913 dictum
883 1883 1018 1914 videtur.
1064 1881 1146 1912 Nam
1171 1883 1225 1923 qui
1243 1882 1285 1912 ita
1309 1892 1341 1913 se
1357 1882 1561 1923 comparavit,
1577 1887 1612 1912 ut
1626 1893 1665 1913 ex

188 1947 220 1968 se
237 1937 305 1978 ipso
322 1936 482 1977 pendeant
493 1935 610 1975 omnia,
628 1945 698 1976 quae
715 1935 753 1966 ad
772 1935 997 1966 beatitudinem
1023 1935 1200 1976 conserunt,
1217 1936 1265 1967 vel
1281 1946 1373 1977 quarn
1391 1936 1531 1977 proxime
1547 1937 1585 1966 ad
1604 1937 1663 1967 hoe

188 1990 322 2027 accedit,
347 1990 442 2032 [248]
469 2000 571 2031 neque
586 1999 623 2020 ex
651 1990 719 2020 aliis
736 1991 855 2030 pendet
878 1990 1069 2030 hominibus,
1084 1990 1198 2031 quibus
1222 1990 1270 2021 vel
1287 1991 1366 2021 bene
1383 1990 1431 2021 vel
1450 1991 1528 2021 male
1542 1990 1664 2031 agenti·

187 2045 245 2075 bus
261 2054 316 2075 sna
332 2054 458 2085 quoque
474 2045 586 2075 mutari
600 2050 763 2086 cogantur,
781 2045 829 2075 hic
846 2045 965 2086 optime
981 2045 1073 2074 vitam
1090 2045 1228 2075 instituit
1244 2056 1250 2074 :
1275 2044 1326 2075 hie
1344 2050 1519 2085 temperans
1541 2050 1599 2084 est,
1611 2044 1663 2076 hic

188 2097 287 2135 sortis,
303 2098 355 2129 bic
372 2099 509 2139 prudens
525 2110 531 2129 :
558 2098 608 2129 hic
625 2099 689 2129 sive
704 2099 854 2140 pecunias
870 2099 1071 2130 nanciscatur
1086 2109 1122 2129 ac
1146 2099 1237 2134 filios,
1254 2099 1319 2130 sive
1344 2099 1479 2139 amittat,
1496 2097 1659 2139 proverbio

187 2160 310 2193 semper
325 2151 456 2192 parebit.
485 2163 643 2193 nunquam
660 2153 744 2184 enim
771 2153 862 2183 nimis
885 2157 939 2183 aut
963 2152 1071 2182 laetitia
1094 2152 1245 2183 exultabit
1268 2159 1322 2183 aut
1344 2153 1452 2183 dolore
1476 2151 1656 2192 dejicietur,

187 2212 353 2248 propterea
367 2206 451 2247 quod
469 2206 527 2247 ipsi
545 2212 660 2248 parcat.
706 2206 799 2238 Tales
824 2217 891 2238 esse
915 2211 947 2238 et
971 2212 1091 2237 nostros
1115 2207 1229 2237 debere
1252 2207 1433 2247 judicamus
1456 2210 1487 2236 et
1504 2206 1659 2236 volumus-

185 2261 273 2303 atqui
288 2267 321 2292 et
335 2261 367 2291 in
384 2260 548 2302 praesentia
563 2271 619 2292 nos
636 2261 718 2302 ipsos
733 2261 808 2292 tales
833 2262 958 2302 penitus
980 2261 1174 2300 exhibemus,
1199 2261 1281 2290 haud
1297 2266 1380 2291 certe
1400 2260 1595 2301 perturbatos
1610 2259 1660 2289 vet

185 2315 282 2346 nimio
298 2320 383 2346 metu
400 2314 590 2356 perterritos,
607 2315 632 2345 si
648 2325 732 2346 nunc
749 2316 811 2345 vita
827 2316 979 2346 decedere
992 2326 1048 2345 nos
1061 2320 1214 2355 oporteat.
1261 2314 1395 2344 Oramus
1411 2323 1538 2355 qnoque
1552 2318 1656 2353 patres

185 2374 304 2400 nostros
320 2379 356 2400 ac
372 2373 494 2408 matres,
511 2374 545 2398 ut
560 2368 701 2400 similiter
715 2369 820 2400 affecti
833 2370 927 2400 vitam
940 2369 1074 2399 suturam
1087 2375 1192 2409 agant,
1206 2368 1352 2407 scientes,
1364 2368 1448 2409 quod
1460 2377 1524 2398 non
1537 2367 1655 2398 lamen·

187 2423 357 2454 tationibus
379 2422 666 2464 ejulationibusque
692 2423 825 2453 maxime
849 2423 939 2453 nobis
964 2422 1239 2462 gratilicabuntur:
1266 2432 1382 2458 verum,
1406 2422 1429 2451 si
1446 2421 1515 2462 quis
1529 2426 1577 2452 est
1598 2421 1659 2460 his,

187 2477 241 2518 qui
259 2477 399 2508 defuncti
416 2481 500 2516 sunt,
516 2487 623 2508 sensus
639 2476 823 2516 viventium,
840 2477 882 2507 ita
899 2477 1029 2507 maxime
1045 2477 1134 2506 nobis
1152 2476 1273 2507 molesti
1290 2476 1385 2507 suturi
1397 2481 1481 2511 sunt,
1495 2476 1520 2506 si
1532 2475 1661 2517 seipsos

188 2531 384 2572 perdiderint
398 2535 430 2561 ct
445 2531 552 2571 inique
569 2535 680 2562 sortem
699 2531 844 2561 tulerint:
871 2531 917 2561 sin
935 2536 1038 2561 autem
1056 2531 1213 2560 moderate
1230 2540 1265 2561 ac
1283 2530 1401 2565 leviter,
1418 2529 1509 2560 nubis
1525 2539 1661 2559 summo-

189 2594 262 2625 pere
278 2585 501 2625 ubsequcntnr.
525 2590 629 2615 nostra
656 2595 745 2626 porro
762 2595 832 2615 eum
859 2585 925 2627 jam
942 2585 1034 2616 finem
1059 2585 1230 2620 habebunt,
1253 2584 1306 2625 qui
1331 2583 1510 2614 hominibus
1524 2588 1571 2614 est
1587 2582 1657 2623 pul-

189 2638 358 2669 cherrimus
373 2650 379 2668 :
414 2639 615 2680 quamobrem
645 2640 860 2670 collaudanda
891 2645 963 2670 sunt
993 2639 1100 2681 potius
1131 2649 1224 2680 quam
1255 2638 1412 2669 deflenda.
1457 2636 1603 2668 Profecto
1632 2636 1659 2666 si

191 2703 301 2723 uxores
317 2696 435 2722 nostras
464 2693 606 2734 filiosque
624 2694 793 2724 tuebuntur
816 2699 848 2725 et
862 2693 1012 2729 nutrient,
1039 2699 1071 2724 et
1087 2694 1133 2724 his
1151 2694 1344 2729 incumbent,
1360 2692 1403 2722 ita
1419 2690 1550 2721 maxime
1566 2699 1659 2720 casus

191 2745 345 2781 obliyioni
363 2746 568 2783 mandabunt,
591 2747 790 2788 pulchriusve
814 2753 846 2779 et
869 2748 983 2779 rectius
1007 2747 1160 2788 nobisque
1176 2748 1292 2788 gratius
1308 2745 1400 2776 vitam
1426 2749 1531 2785 agent.
1577 2743 1658 2774 Hoec

190 2799 286 2840 igitur
300 2804 406 2830 nostro
423 2800 549 2830 nomine
566 2801 676 2832 nostris
693 2802 860 2843 praedicare
876 2802 1017 2833 sufficiet.
1065 2801 1194 2833 Civitati
1208 2811 1278 2832 vero
1290 2799 1483 2833 mandamus,
1501 2802 1536 2828 ut
1545 2807 1655 2838 pareu-

195 2858 262 2884 tum
279 2858 453 2884 nostrorum
480 2853 676 2896 filiorumque
691 2866 795 2887 curam
814 2857 938 2897 habeat,
962 2862 995 2887 ct
1010 2856 1067 2887 hos
1090 2856 1216 2897 quidem
1234 2856 1362 2885 honeste
1378 2852 1512 2893 erudiat,
1534 2850 1656 2882 illorum

199 2908 317 2939 senium
342 2908 436 2949 digne
450 2908 565 2939 foveat.
584 2908 587 2912 ’
613 2909 826 2950 Cognovimus
849 2916 933 2942 certe
956 2921 1023 2946 vos,
1043 2910 1163 2941 etiamsi
1180 2910 1246 2941 haec
1262 2908 1388 2939 minime
1403 2904 1654 2948 praeceperimus,

199 2961 316 3002 optime
333 2967 501 2995 curaturos.
549 2962 626 2994 Haec
640 2963 745 3004 igitur,
773 2975 790 2996 o
808 2965 862 2996 tilii
881 2965 1098 2997 defunctorum
1117 2970 1211 3006 utque
1228 2966 1384 3006 parentes,
1400 2965 1434 2992 ut
1449 2967 1656 2994 moneremuS.
