1840 3225
208 213 304 262 392]
820 214 1068 253 ERYXIAS.
1589 215 1666 254 519

203 315 343 356 aliquem
368 315 502 357 sagittas
528 316 680 347 emittere.
711 317 880 357 nunquid?
926 318 994 348 Sis.
1029 316 1178 349 Maxime.
1224 318 1300 350 Soc.
1324 317 1439 348 Nonne
1461 318 1553 348 etiam
1569 319 1598 349 ei
1614 319 1667 359 qui

205 379 289 410 saepe
317 380 447 411 scopum
460 376 545 401 recta
558 370 640 407 ferit,
652 370 815 401 victoriam
829 370 996 401 decernas?
1022 371 1085 401 S1s.
1110 370 1178 412 Ego
1193 377 1287 402 certe.
1332 372 1407 403 Soc.
1431 372 1464 403 Si
1477 382 1551 403 vero
1562 373 1668 404 nullus

203 432 318 464 scopus
343 423 420 465 ipsis
444 424 620 465 propositus
645 430 727 455 esset
748 424 876 465 sagittas
903 423 1083 460 emittendi,
1109 425 1164 454 sed
1181 427 1313 466 quisque
1335 428 1494 457 emitteret
1508 428 1665 468 quomodo

203 477 314 513 vellet,
339 479 494 518 quomodo
526 478 605 508 bene
631 483 684 507 aut
713 478 792 507 male
819 477 950 518 sagittas
975 477 1172 507 emittentem
1198 488 1238 508 ex
1260 479 1338 519 ipsis
1355 479 1516 511 dinoscere
1532 481 1666 521 posses?

204 530 271 561 Srs.
295 530 394 562 Nullo
416 530 521 561 modo.
565 532 637 563 Soc,
665 530 780 561 Nonne
804 531 899 561 etiam
915 531 1087 571 ambigeres
1100 531 1133 561 in
1148 531 1228 562 bene
1245 538 1299 562 aut
1313 533 1395 563 male
1422 534 1666 565 consultantium

205 584 380 621 dinotione,
404 585 429 616 si
452 595 514 615 non
534 585 636 616 sciant
651 585 691 615 de
708 595 771 625 qua
786 596 815 615 re
830 585 1037 616 consultant?
1083 585 1147 616 Sis.
1171 585 1238 626 Ego
1256 586 1406 627 profectO.
1451 587 1526 618 Soc.
1551 587 1666 618 Nonne

204 637 232 669 si
256 638 296 669 de
320 639 433 670 futuris
455 640 547 670 rebus
564 640 743 670 consultant
758 639 789 669 hi
805 639 858 679 qui
882 640 1074 676 consultant,
1090 639 1130 670 de
1145 640 1193 670 his
1208 650 1277 681 quae
1292 650 1354 671 non
1369 644 1443 670 sunt
1459 641 1637 671 consultant
1653 642 1663 671 ἓ

205 691 268 724 Srs.
291 693 446 725 Maxime.
492 694 566 725 Soc.
591 694 707 724 Nonne
729 693 764 724 id
781 694 866 734 quod
892 704 955 724 non
970 701 1028 729 cst,
1045 699 1079 723 ut
1094 693 1164 734 quis
1179 700 1362 735 assequatur
1378 694 1444 724 fieri
1458 704 1521 724 non
1537 695 1665 735 potest?

207 746 373 784 Quomodo
388 748 474 778 enim
484 748 542 778 tibi
554 748 684 778 videtur
695 748 764 789 quis
777 748 899 788 assequi
913 758 1006 789 posse
1018 747 1051 778 id
1061 747 1145 789 quod
1157 758 1222 778 non
1237 748 1309 778 est?
1355 748 1419 778 Sis.
1443 747 1665 789 Nequaquam.

203 800 279 832 Suc.
304 801 421 833 Nonne
445 802 702 843 quandoquidem
726 802 793 832 fieri
819 812 883 833 non
907 807 1013 843 potest
1026 807 1062 832 ut
1075 802 1146 843 quis
1170 803 1202 833 id
1225 803 1309 844 quod
1334 812 1396 832 non
1412 808 1460 832 est
1475 808 1667 843 assequatur,

206 864 299 885 nemo
324 856 420 887 etiarn
445 857 499 898 qui
515 857 555 887 de
571 857 620 887 his
635 867 705 898 quae
719 867 783 886 non
799 862 871 887 sunt
886 857 1054 893 consultat,
1069 858 1191 898 assequi
1207 856 1348 898 poterit?
1394 857 1512 887 Futura
1524 858 1610 887 enim
1625 867 1666 888 ex

206 909 254 939 his
277 915 350 940 sunt
373 921 442 951 quae
469 920 532 940 non
559 916 644 941 sunt.
666 910 836 951 nunquid?
884 911 948 941 Sis.
973 911 1058 941 Mihi
1084 922 1159 942 sane
1187 911 1322 942 videtur.
1367 911 1442 942 Soc.
1467 911 1583 941 Nonne
1612 912 1667 952 qui

204 963 311 994 futura
324 974 388 994 non
413 965 599 1005 assequitur,
624 975 719 995 nemo
750 963 924 1005 hominum,
949 975 1052 1005 neque
1077 965 1206 996 consilio
1228 970 1392 1006 praestans,
1413 975 1517 1006 neque
1533 966 1666 996 consilio

205 1018 317 1053 malm,
343 1018 478 1059 amplius
503 1017 574 1050 esse
599 1019 740 1060 poterit?
785 1020 851 1050 Srs.
876 1019 950 1049 Non
981 1024 1124 1060 apparet.
1170 1020 1245 1052 Soc.
1270 1019 1385 1060 Neque
1414 1019 1507 1050 etiam
1536 1020 1668 1051 consilio

205 1074 412 1113 praestantior,
437 1085 541 1115 neque
572 1075 704 1105 consilio
725 1074 860 1105 deterior
884 1075 962 1105 alter
985 1075 1082 1106 altero
1109 1074 1215 1111 fuerit,
1239 1075 1266 1104 si
1291 1074 1387 1104 etiam
1414 1084 1477 1103 non
1499 1074 1597 1114 magis
1613 1079 1670 1104 aut

205 1127 307 1157 minus
322 1129 445 1168 assequi
462 1129 493 1158 id
504 1128 592 1169 quod
603 1139 668 1159 non
684 1134 734 1159 est
750 1129 875 1170 poterit.
921 1130 987 1160 Sis.
1010 1129 1085 1159 Non
1099 1129 1252 1170 profectO.
1300 1128 1376 1158 Soc.
1399 1127 1453 1157 Ad
1465 1138 1558 1168 quam
1572 1127 1669 1168 igitur

204 1182 333 1212 tandem
347 1192 411 1213 rem
423 1183 599 1223 respiciunt
611 1183 763 1220 homines,
781 1184 833 1225 qui
849 1184 1001 1224 quosdam
1017 1183 1149 1214 consilio
1165 1187 1360 1224 praestantes,
1373 1181 1523 1222 quosdam
1535 1181 1668 1212 consilio

205 1235 306 1266 malos
321 1237 510 1276 appellant?
555 1236 672 1268 Nonne
687 1247 739 1268 res
753 1237 849 1279 digna
863 1242 913 1268 est
927 1238 968 1268 de
983 1248 1046 1279 qua
1061 1236 1155 1268 etiam
1169 1247 1270 1267 rursus
1287 1235 1468 1278 aliquando,
1484 1245 1502 1266 o
1517 1235 1663 1277 Sisyphe,

205 1289 378 1330 cogitemus
391 1290 402 1319 ?

726 1499 1165 1557 ERYXIAS‚

587 1622 761 1668 SIVE,
819 1622 907 1659 DE
965 1622 1301 1660 D1V1T1ls:

672 1734 776 1766 AUT,
811 1733 864 1758 UT
897 1733 995 1758 ALII
1027 1734 1226 1767 HABENT,

580 1818 1292 1861 ERASISTRATUS.

795 1919 860 1960 [Ex
874 1919 934 1950 Ed.
957 1919 1085 1960 Steph.]

209 2008 306 2050 [392]
319 2008 520 2039 DEAmmLA
528 2018 645 2039 namus
660 2007 692 2037 in
700 2008 825 2049 porticu
832 2007 851 2039 J
853 2007 1102 2038 ovisliberatoris
1114 2017 1172 2048 ego
1181 2012 1212 2037 et
1222 2006 1518 2049 EryxiasStiriensis
1533 2017 1539 2036 z
1557 2006 1671 2038 deinde

207 2067 410 2093 accesserunt
431 2061 471 2092 ad
485 2071 544 2092 nos
569 2061 687 2093 Critias
709 2068 741 2092 et
766 2062 972 2093 Erasistratus
990 2062 1156 2097 Phaeacus,
1174 2061 1355 2092 Erasistrati
1379 2072 1416 2092 ex
1440 2061 1535 2091 fratre
1559 2071 1672 2103 nepos,

208 2115 364 2147 Redierat
384 2121 490 2146 autem
512 2126 624 2146 recens
648 2121 724 2146 tunc
754 2125 772 2146 a
787 2115 897 2146 Sicilia
912 2121 945 2146 et
968 2116 1038 2145 istis
1067 2116 1146 2146 locis
1171 2115 1386 2146 Erasistratus.
1431 2116 1538 2152 Quum
1562 2121 1669 2146 autem

207 2170 404 2206 accessisset,
420 2169 523 2209 Salve,
539 2170 650 2210 inquit,
666 2180 686 2200 0
711 2169 865 2200 Socrates.
914 2170 955 2200 Et
980 2174 1015 2200 tu
1041 2169 1184 2211 (inquam
1212 2170 1289 2211 ego)
1313 2169 1387 2210 quid
1414 2170 1499 2200 enim
1526 2169 1671 2211 praeclari

206 2224 305 2254 habes
321 2223 405 2264 quod
420 2224 512 2254 nobis
535 2223 575 2254 de
592 2223 701 2255 Sicilia
724 2224 864 2254 referas?
911 2224 952 2254 Et
976 2223 1090 2254 valde:
1116 2223 1256 2265 (inquit)
1279 2234 1388 2254 verum
1410 2223 1504 2254 vultis
1533 2224 1668 2264 primum

207 2277 453 2308 consideamus?
476 2279 577 2308 fessus
593 2278 679 2308 enim
694 2288 762 2308 sum
776 2288 812 2308 ex
830 2278 940 2308 itinere
955 2278 1021 2308 heri
1036 2287 1055 2307 a
1071 2277 1223 2317 Megaris.
1267 2277 1463 2314 Admodum,
1480 2278 1507 2308 si
1521 2277 1567 2308 ita
1584 2278 1670 2308 vide-

207 2335 268 2362 tur.
313 2332 400 2368 Quid
414 2332 510 2373 igitur
524 2332 620 2362 vultis
635 2331 774 2373 (inquit)
788 2332 924 2373 primum
939 2331 1046 2362 audire
1070 2342 1107 2361 ex
1125 2332 1172 2361 his
1186 2341 1256 2372 quae
1277 2331 1344 2362 illic
1368 2331 1536 2372 geruntur?
1587 2331 1669 2362 Num

207 2385 248 2415 de
261 2385 324 2415 illis
339 2385 426 2426 ipsis,
440 2386 517 2426 quid
532 2388 650 2426 agant?
680 2391 734 2416 aut
746 2385 905 2426 quomodo
921 2396 996 2427 erga
1011 2386 1172 2416 civitatem
1186 2391 1326 2416 nostram
1341 2385 1447 2416 affecti
1463 2385 1526 2416 sint
1539 2385 1549 2415 ?
1584 2385 1671 2415 Nam

206 2438 255 2469 illi
269 2438 312 2469 ita
328 2439 407 2470 mihi
422 2449 497 2480 erga
512 2450 570 2469 nos
586 2439 693 2470 affecti
708 2449 777 2470 esse
794 2439 940 2470 videmur
961 2440 1050 2470 velut
1073 2450 1188 2480 vespae.
1232 2439 1358 2470 Etenim
1381 2439 1480 2480 siquis
1506 2440 1562 2469 has
1590 2449 1667 2480 pau-

206 2492 296 2523 latim
319 2492 470 2524 irritando
487 2493 733 2529 exacerbaverit,
749 2494 1010 2535 inexpugnabiles
1026 2494 1177 2529 evadunt,
1194 2493 1295 2524 donec
1309 2493 1381 2534 quis
1396 2493 1481 2533 ipsas
1496 2503 1537 2523 ex
1550 2492 1670 2523 insidiis

205 2545 348 2577 funditus
377 2546 502 2577 deleat:
526 2547 571 2578 ita
585 2547 682 2578 etiam
696 2547 898 2590 Syracusani,
915 2547 1013 2589 siquis
1041 2557 1103 2578 non
1122 2547 1366 2588 operaepretium
1380 2546 1504 2577 duxerit
1533 2551 1568 2576 ut
1594 2556 1665 2577 cum

207 2610 320 2641 magna
335 2601 434 2631 classe
449 2601 527 2632 illuc
544 2601 661 2637 veniat,
677 2611 740 2631 non
754 2602 946 2643 sperandum
962 2607 1010 2632 est
1025 2602 1108 2631 illam
1125 2601 1286 2632 civitatem
1302 2610 1443 2641 unquam
1457 2599 1549 2630 nobis
1561 2599 1667 2630 subdi-

206 2659 268 2684 tam
284 2655 361 2686 fore.
384 2665 402 2684 a
418 2655 524 2695 parvis
537 2660 645 2685 autem
660 2655 707 2685 his
722 2655 821 2696 magis
831 2656 1067 2691 exacerbantur,
1084 2655 1128 2686 ita
1143 2661 1178 2685 ut
1193 2654 1422 2695 quammaxime
1449 2652 1668 2694 malignissimi

206 2707 355 2739 evadant.
401 2708 560 2739 Miserunt
571 2716 677 2739 autem
691 2709 883 2739 etiamnunc
899 2710 936 2739 ad
952 2719 1008 2740 nos
1025 2709 1155 2749 legatos,
1173 2714 1208 2739 ut
1222 2707 1299 2738 mibi
1311 2708 1440 2748 quidem
1454 2707 1588 2742 videtur,
1605 2715 1667 2746 quo

207 2762 314 2804 aliqua
350 2762 459 2793 fraude
498 2762 663 2794 civitatem
703 2763 961 2794 circumveniant.
1022 2762 1109 2793 Dum
1139 2771 1212 2792 vero
1241 2761 1285 2792 ita
1315 2771 1373 2792 nos
1405 2762 1663 2801 colloqueremur,

206 2816 337 2846 aderant
345 2816 418 2857 jam,
426 2816 613 2858 Syracusani
630 2816 734 2857 legati.
778 2816 873 2847 Dixit
884 2817 978 2857 igitur
994 2816 1210 2851 Erasistratus,
1237 2821 1365 2845 ostenso
1391 2824 1453 2844 uno
1482 2824 1519 2844 ex
1541 2813 1668 2853 legatis,

207 2868 271 2899 Hic
294 2869 440 2909 equidem
457 2869 596 2911 (inquit)
611 2880 630 2900 o
657 2871 813 2906 Socrates,
840 2870 1016 2901 ditissimus
1038 2875 1087 2901 est
1105 2869 1245 2900 omnium
1260 2868 1434 2900 Siculorum
1450 2871 1483 2896 et
1504 2866 1668 2896 Italorum.

208 2921 376 2959 Quomodo
393 2934 464 2955 vero
478 2934 542 2955 non
558 2927 643 2955 esset
661 2924 799 2967 (inquit)
814 2925 866 2955 cui
895 2935 969 2966 ager
993 2930 1057 2956 tam
1085 2924 1205 2955 multus
1219 2928 1276 2958 est,
1292 2928 1328 2954 ut
1342 2921 1524 2952 facultatem
1539 2919 1666 2960 habeat,
