1840 3225
163 211 230 261 80]
774 207 1005 247 T1MAEus.
1535 212 1613 251 269

157 315 262 347 culum
272 314 373 357 ipsum
383 324 421 346 ex
431 313 514 346 aere.
538 312 663 344 demum
675 312 741 342 haec
752 321 913 342 assumens
926 312 959 342 in
972 311 1101 343 animali
1116 312 1258 350 formato,
1271 313 1329 345 hoc
1339 317 1431 355 pacto
1444 313 1614 355 disposuit:

157 379 298 402 convexa
314 369 443 411 quidem
468 369 501 398 in
528 377 562 398 os
588 365 722 397 demisit.
744 375 816 396 cum
831 375 904 396 vero
927 375 1099 396 convexum
1113 366 1336 408 gibbosumque
1357 368 1398 399 sit
1420 367 1547 409 duplex,
1562 378 1618 408 per

157 423 286 454 arterias
301 424 432 455 alterum
443 423 476 454 in
495 422 677 464 pulmonem
692 429 789 461 usque
804 419 937 461 trajecit,
953 420 1084 450 alterum
1100 421 1183 451 circa
1195 421 1320 452 arterias
1337 422 1367 452 in
1384 427 1515 452 uterum.
1538 422 1617 452 alte-

156 487 221 507 rum
234 487 307 508 vero
322 477 452 518 partitus
471 481 632 516 utramque
658 474 743 504 illius
765 479 886 514 partem
902 473 942 503 ad
959 473 1077 504 fistulas
1100 475 1222 505 narium
1238 476 1443 506 communiter
1457 475 1558 512 duxit,
1573 476 1619 506 ita

155 536 202 571 ut,
217 530 343 571 quando
357 531 488 561 alterum
500 529 540 560 ad
555 539 590 559 os
603 538 667 558 non
682 527 836 568 pervenit,
859 537 898 557 ex
928 528 987 557 hoc
1004 527 1073 568 ipso
1097 538 1207 558 omnes
1222 528 1306 559 illius
1321 529 1418 559 fluxus
1433 536 1617 570 meatusque

156 585 346 626 repleantur.
368 584 499 614 alteram
513 593 585 613 vero
601 582 685 623 gibbi
711 581 847 622 retisque
875 581 1085 622 capacitatem
1108 583 1190 613 circa
1216 592 1323 612 omnes
1346 588 1448 623 partes
1482 583 1619 624 corporis

156 648 310 670 concavas
337 648 405 668 esse
431 637 551 675 voluit;
575 637 670 677 idque
695 646 787 666 omne
810 636 889 665 alias
911 635 1040 676 quidem
1054 636 1088 665 in
1104 646 1244 666 convexa
1256 636 1445 677 incurvaque
1461 638 1617 667 confluere

155 692 301 727 molliter,
325 691 413 733 quasi
434 691 488 723 ae'r
510 690 577 721 illic
592 691 643 726 sit,
658 690 765 720 effecit
780 700 789 727 ;
812 689 888 720 alias
911 694 1016 720 autem
1034 699 1176 720 convexa
1191 690 1380 731 incurvaque
1394 691 1463 731 ipsa
1478 691 1618 723 refluere.

153 750 219 776 rete
241 755 326 781 vero,
354 744 499 786 quoniam
523 755 627 775 rarum
650 743 693 774 sit
712 754 833 784 corpus,
861 748 1028 784 penetrare
1051 753 1104 783 per
1128 743 1232 783 ipsum
1253 754 1418 785 mrsusque
1434 754 1615 785 emergere:

152 798 256 830 radios
267 803 371 830 autem
381 798 462 839 ignis
471 799 633 829 interiores
644 798 839 828 successione
852 797 1001 828 continua
1011 797 1168 838 subsequi,
1186 798 1220 828 in
1231 803 1394 839 utramque
1407 803 1529 839 partem
1541 798 1615 830 ae're

153 857 325 883 traseunte.
346 845 459 893 idque,
473 853 573 883 donec
593 852 725 882 mortale
749 851 890 882 consistit
905 851 1032 888 animal,
1047 851 1113 882 fieri
1128 861 1290 893 nunquam
1303 857 1415 883 cessat.
1438 851 1617 893 hujusmodi

154 907 359 948 agitationem
366 907 481 937 merito
491 906 735 948 exspirationem
744 905 1043 946 respirationemque
1055 905 1248 936 nominatam
1257 915 1325 936 esse
1335 916 1508 936 censemus,
1523 917 1616 937 omne

152 966 255 992 autem
273 962 332 992 hoc
352 971 429 1002 opus
453 960 614 1001 omnisque
639 965 743 990 nostra
753 960 820 990 haec
836 959 939 1000 passio
953 960 986 989 in
1003 969 1131 1000 corpore
1144 959 1179 990 fit
1190 959 1368 1000 irrigatione
1382 959 1517 1001 quadam
1523 964 1556 990 et
1566 969 1616 990 re-

150 1015 278 1056 frigerio
292 1015 333 1046 ad
346 1016 442 1046 vitam
452 1020 485 1045 et
497 1015 732 1045 nutrimentum.
764 1013 889 1055 quando
899 1013 984 1044 enim
997 1014 1175 1055 exspirante
1191 1020 1224 1044 et
1237 1014 1409 1054 respirante
1423 1013 1521 1044 halitu
1534 1013 1616 1054 ignis

150 1069 242 1100 simul
262 1069 390 1100 interior
414 1070 564 1110 sequitur,
583 1068 656 1109 [79]
681 1078 798 1109 perque
811 1072 934 1098 uterum
949 1067 1080 1098 diffusus
1096 1068 1265 1109 poculenta
1277 1068 1501 1108 esculentaque
1514 1067 1614 1098 offen-

151 1123 209 1160 dit,
229 1123 391 1164 liquefacit
413 1123 556 1164 protinus
577 1123 656 1164 ipsa,
682 1122 814 1163 partitur
839 1121 872 1151 in
888 1121 1028 1161 minima,
1039 1132 1097 1163 per
1111 1123 1224 1158 exitus,
1240 1132 1301 1163 qua
1322 1122 1494 1163 progressio
1514 1126 1614 1163 patet,

149 1183 298 1219 tanquam
309 1187 348 1208 ex
359 1177 445 1208 fonte
457 1176 593 1219 quodam
604 1176 711 1207 educit
723 1188 729 1205 :
754 1176 787 1206 in
802 1181 925 1206 meatus
938 1176 1090 1207 videlicet
1105 1186 1252 1207 venarum
1272 1176 1398 1218 trajicit,
1415 1186 1611 1217 quaecunque

151 1232 304 1268 exhausit,
329 1237 422 1273 atque
448 1241 505 1272 per
528 1241 639 1272 corpus
664 1230 751 1272 quasi
775 1231 893 1261 vallem
913 1240 1062 1261 venarum
1081 1231 1198 1261 fluenta
1219 1230 1352 1261 diducit.
1381 1230 1438 1260 sed
1452 1230 1615 1261 videamus

149 1285 274 1322 iterum,
289 1285 400 1327 quibus
412 1286 514 1317 causis
526 1285 690 1326 respiratio
705 1285 787 1315 hunc
804 1285 836 1314 in
851 1284 990 1320 modum,
1007 1295 1101 1326 quem
1116 1296 1198 1315 nunc
1214 1285 1378 1320 cernimus,
1389 1284 1481 1315 fuerit
1490 1284 1614 1315 institu-

147 1345 190 1370 ta.
213 1339 304 1381 cujus
330 1339 456 1381 quidem
479 1340 525 1370 rei
552 1339 623 1369 talis
643 1339 701 1369 erit
723 1338 943 1370 consideratio.
964 1339 1112 1380 quoniam
1133 1349 1266 1370 vacuum
1291 1349 1445 1380 nusquam
1469 1344 1527 1375 est,
1550 1349 1613 1380 quo

148 1394 316 1436 quicquam
338 1404 454 1429 eorum,
479 1404 548 1435 quae
574 1393 780 1434 perferuntur,
805 1393 929 1434 ingredi
953 1398 1057 1435 queat,
1083 1393 1210 1434 spiritus
1226 1399 1332 1424 autem
1348 1403 1365 1423 e
1380 1393 1469 1424 nobis
1483 1393 1610 1423 evolat:

148 1447 247 1478 cuivis
269 1453 392 1479 constat
411 1458 474 1478 non
501 1448 534 1477 in
553 1457 687 1478 vacuum
708 1447 836 1489 quidem
857 1448 939 1478 hunc
953 1447 1099 1489 spiritum
1109 1449 1245 1484 evolare,
1262 1447 1319 1478 sed
1329 1448 1504 1489 proximum
1519 1447 1579 1478 sibi
1593 1458 1611 1479 e

146 1511 203 1533 sua
215 1502 289 1532 sede
305 1502 484 1543 depellere;
508 1501 675 1542 depulsum
690 1512 794 1532 rursus
806 1502 895 1532 illum
908 1503 1083 1543 proximum
1102 1502 1161 1533 sibi
1173 1512 1297 1543 semper
1311 1501 1487 1537 extrudere,
1511 1511 1547 1531 ac
1562 1511 1611 1531 se-

147 1555 285 1587 cundum
305 1555 527 1587 necessitatem
541 1555 714 1597 hujusmodi
731 1556 881 1598 quicquid
893 1556 927 1586 in
943 1556 1053 1587 sedem
1069 1557 1157 1587 illam
1172 1556 1379 1598 repercutitur
1391 1561 1485 1597 atque
1500 1556 1612 1597 impel-

146 1609 229 1645 litur,
244 1610 328 1640 unde
345 1611 492 1640 exclusus
506 1615 554 1640 est
564 1610 689 1646 halitus,
705 1611 881 1651 ingressum
892 1611 967 1641 illuc
979 1612 1167 1652 replensque
1180 1611 1312 1641 halitum
1327 1611 1429 1651 ipsum
1444 1610 1608 1650 subsequi:

145 1663 241 1705 idque
256 1669 356 1696 totum
374 1664 465 1694 simul
489 1664 682 1694 revolutione
706 1664 853 1705 quadam,
875 1665 950 1705 quia
967 1675 1122 1706 nusquam
1141 1665 1182 1696 sit
1202 1675 1342 1699 vacuum,
1366 1665 1444 1694 fieri.
1457 1664 1610 1706 quamob-

145 1727 212 1748 rem
231 1728 302 1749 cum
316 1723 428 1759 pectus
436 1718 663 1759 pulmonesque
673 1719 816 1759 spiritum
831 1718 1014 1754 efflaverint,
1038 1729 1111 1749 mox
1125 1718 1198 1750 ae're
1214 1718 1335 1759 corpori
1348 1718 1532 1748 circumfuso
1543 1728 1612 1748 me-

145 1777 215 1803 atus
225 1773 363 1814 corporis
376 1778 573 1814 penetrante,
590 1773 760 1812 replentur.
775 1783 810 1803 ac
827 1783 928 1803 rursus
940 1774 1068 1803 evolans
1083 1783 1101 1803 a
1114 1782 1242 1814 corpore
1255 1772 1310 1804 ae‘r
1323 1777 1355 1802 et
1369 1771 1499 1802 emissus
1513 1772 1610 1802 anhe-

143 1826 220 1858 litus
236 1827 474 1869 inspirationem
484 1826 568 1857 intro
585 1827 702 1856 retrahi
716 1826 801 1867 cogit
817 1837 874 1867 per
896 1827 959 1857 oris
983 1827 1168 1868 nariumque
1194 1831 1328 1857 meatus.
1373 1826 1506 1857 Causam
1523 1836 1608 1862 vero,

142 1891 213 1922 quae
242 1881 290 1911 his
318 1881 507 1922 principium
532 1881 597 1916 dat,
624 1879 804 1921 hujusmodi
827 1881 982 1922 ponimus.
1010 1891 1102 1911 omne
1136 1880 1273 1910 universi
1300 1880 1392 1921 hujus
1429 1879 1543 1910 animal
1574 1879 1606 1911 in

141 1935 229 1965 venis
253 1940 286 1965 et
306 1935 458 1976 sanguine
485 1935 631 1970 calorem,
655 1935 744 1976 quasi
770 1935 890 1966 fontem
913 1935 997 1976 ignis
1017 1935 1165 1976 aliquem,
1187 1934 1338 1975 possidet.
1360 1934 1456 1975 idque
1483 1934 1544 1965 reti
1558 1944 1608 1965 sa-

143 1998 234 2029 genae
261 1989 518 2030 comparavimuS,
542 1999 599 2030 per
624 1988 761 2019 medium
784 1994 958 2025 extensum,
988 1994 1148 2030 totumque
1175 1999 1215 2019 ex
1239 1989 1312 2030 igne
1326 1993 1518 2023 contextum,
1536 1999 1608 2020 cum

142 2042 298 2073 exteriora
323 2043 429 2074 omnia
452 2054 489 2074 ex
517 2042 590 2074 aere
614 2043 687 2074 sint.
716 2045 850 2074 calorem
863 2054 938 2074 sane
951 2043 1125 2085 putandum
1138 2048 1187 2073 est
1202 2048 1312 2074 natura
1325 2042 1426 2074 suain
1445 2043 1607 2084 regionem

141 2106 230 2127 suam
243 2102 330 2127 extra
344 2096 383 2127 ad
395 2097 439 2133 id,
456 2097 538 2138 quod
551 2097 610 2128 sibi
626 2102 793 2138 cognatum
804 2103 863 2133 est,
879 2108 1035 2128 emanare.
1058 2108 1129 2128 cum
1142 2107 1216 2128 vero
1230 2097 1439 2128 discursiones
1451 2097 1520 2127 duae
1533 2098 1606 2135 sint,

91 2186 93 2191 Ι
140 2161 204 2182 una
216 2161 273 2192 per
287 2161 398 2192 corpus
412 2156 510 2186 extra,
526 2151 623 2181 altera
638 2162 742 2182 mrsus
755 2162 811 2192 per
826 2163 861 2183 os
876 2163 911 2183 ac
925 2162 1035 2183 nares:
1071 2163 1139 2183 cum
1156 2152 1314 2182 anhalitus
1327 2151 1367 2182 ad
1382 2152 1443 2182 alia
1454 2151 1606 2193 impetum

140 2203 218 2235 facit
245 2205 458 2246 detruditque,
487 2205 550 2236 alia
560 2210 669 2236 contra
683 2206 815 2236 retrahit
828 2212 922 2247 atque
935 2207 1116 2247 repercutit.
1139 2206 1223 2247 quod
1238 2212 1342 2237 autem
1356 2212 1526 2237 retractum
1549 2213 1608 2243 est,

138 2257 173 2289 in
195 2259 302 2300 ignem
320 2260 480 2290 incurrens
495 2260 641 2290 calescit:
669 2259 753 2300 quod
765 2260 933 2296 exhalavit,
946 2260 1048 2300 friget.
1065 2260 1139 2290 dum
1152 2271 1226 2301 ergo
1241 2260 1385 2291 caliditas
1400 2266 1608 2301 permutatur,

140 2316 184 2348 et,
203 2322 272 2354 quae
300 2313 362 2344 alio
390 2313 521 2344 transitu
548 2318 688 2350 utuntur,
709 2314 880 2351 calescunt,
900 2325 936 2345 ac
961 2325 1074 2350 rursuS,
1086 2315 1170 2356 quod
1181 2315 1290 2350 fervet,
1306 2314 1347 2345 ad
1361 2319 1503 2345 naturam
1517 2325 1603 2346 suam

141 2366 284 2407 emigrat,
301 2371 334 2396 et
348 2367 405 2396 hae
421 2367 625 2408 emigratione
640 2368 702 2397 alia
713 2368 746 2398 in
759 2368 845 2398 aliud
859 2368 920 2399 iter
931 2369 1112 2409 repercutit,
1136 2379 1300 2410 rursusque
1313 2369 1379 2399 haec
1393 2369 1479 2399 idem
1492 2379 1604 2409 perpe-

140 2419 258 2450 tiuntur
274 2424 431 2461 aguntque
447 2430 571 2460 semper
585 2432 591 2450 z
625 2426 709 2452 certe
725 2422 881 2452 anhelitus
896 2422 957 2457 hic,
974 2423 1089 2453 circulo
1106 2423 1242 2464 quodam
1256 2423 1330 2453 hinc
1344 2428 1375 2452 et
1390 2422 1477 2452 illinc
1486 2422 1605 2464 jugiter

141 2474 307 2510 fluctuans,
333 2474 577 2514 exspirationem
596 2480 629 2505 et
640 2475 880 2517 inspirationem
895 2476 1045 2515 contin-et.
1088 2476 1173 2512 Quin
1187 2477 1283 2506 etiam
1298 2486 1399 2507 causae
1411 2476 1603 2516 passionum,

140 2538 212 2569 quae
225 2538 263 2558 ex
276 2533 410 2559 attractu
424 2528 631 2568 ampullarum
645 2538 684 2559 ex
700 2539 829 2570 corpore
844 2540 863 2560 a
876 2530 1009 2561 medicis
1024 2531 1111 2566 fiunt,
1138 2530 1212 2572 [80]
1239 2536 1332 2571 atque
1347 2530 1442 2561 etiam
1456 2530 1602 2572 potionis,

139 2587 173 2613 et
196 2593 303 2613 eorum
315 2583 451 2623 insuper,
465 2592 534 2623 qua:
545 2581 715 2622 jaciuntur,
732 2583 798 2614 sive
813 2585 995 2615 emittantur
1009 2584 1153 2615 sublimia
1169 2595 1225 2615 seu
1238 2585 1416 2615 deferantur
1430 2585 1526 2621 humi,
1543 2585 1601 2616 hac

139 2637 249 2678 utique
273 2637 395 2667 ratione
424 2635 598 2667 tractandae
617 2637 772 2669 videntur.
794 2649 888 2670 voces
909 2644 1072 2680 praeterea,
1101 2649 1294 2679 quaecunque
1307 2639 1433 2670 veloces
1445 2645 1477 2670 et
1491 2638 1599 2676 tardae,

140 2696 240 2722 acutae
256 2695 289 2721 et
303 2701 413 2732 graves
427 2690 526 2721 audiri
540 2691 642 2721 solent
655 2702 660 2720 :
686 2692 764 2722 alias
779 2693 913 2724 dissonae
930 2699 1056 2734 propter
1069 2698 1172 2723 motus
1187 2693 1264 2735 ejus,
1279 2693 1334 2734 qui
1347 2693 1379 2723 in
1393 2693 1483 2724 nobis
1497 2693 1535 2724 ab
1550 2694 1598 2734 ip-

139 2743 183 2774 sis
204 2745 249 2781 fit,
262 2744 561 2781 dissimilitudinem,
585 2745 662 2775 alias
672 2751 799 2787 propter
811 2747 1049 2778 similitudinem
1065 2757 1219 2778 consonae..
1242 2747 1376 2788 priorum
1388 2747 1473 2778 enim
1483 2748 1598 2778 veloci-

140 2807 289 2839 orumque
312 2805 470 2830 cessantes
499 2806 611 2836 motus
630 2800 757 2841 jamque
782 2802 820 2832 ad
843 2802 945 2832 simile
972 2801 1122 2842 quiddam
1145 2811 1333 2843 progressos,
1350 2801 1501 2832 tardiores
1522 2801 1597 2841 ipsae

141 2860 232 2882 voces
259 2852 463 2884 succedentes
486 2854 561 2889 illis,
586 2864 701 2894 eosque
715 2860 886 2891 moventes,
902 2861 1056 2896 occupant
1068 2856 1361 2896 comprehendendo
1373 2865 1408 2886 ac
1424 2860 1568 2895 superant
1589 2865 1596 2883 z

142 2907 442 2948 comprehendentes
464 2919 536 2940 vcro
548 2918 610 2940 non
626 2908 722 2941 alium
734 2909 861 2951 quidem
876 2916 995 2942 motum
1009 2910 1177 2951 injiciendo
1186 2910 1367 2952 perturbant
1382 2909 1434 2940 sed
1456 2907 1597 2939 tardioris
