1840 3225
176 184 274 235 938]
581 184 654 223 DE
690 182 920 222 LEGIBUS
951 182 1048 222 Llss.
1070 183 1142 222 XI.
1555 185 1636 220 435

173 289 387 331 conqueritur.
409 294 442 320 et
455 288 482 320 si
498 288 681 324 convicerit,
696 287 829 330 pretium
840 286 921 317 servi
937 296 955 316 a
963 285 1088 327 judicio
1102 287 1304 318 constitutum
1320 296 1339 317 a
1355 286 1504 317 damnato
1531 286 1635 328 dupli-

171 351 276 375 catum
305 344 460 385 accipiat:
493 345 544 374 sin
574 349 678 374 autem
709 342 872 373 convictus
901 341 1007 377 fuerit,
1038 347 1070 372 et
1100 341 1250 372 damnum
1278 342 1423 372 restituat
1452 346 1483 371 et
1511 352 1635 372 servum

174 398 301 439 insuper
312 398 426 429 tradat.
441 398 467 428 si
488 397 665 438 jumentum
697 402 751 427 aut
774 406 873 436 equus
900 401 954 426 aut
977 397 1062 426 canis
1093 401 1147 425 aut
1167 396 1378 426 domesticum
1404 384 1492 426 aliud
1518 396 1635 426 animal

172 453 305 493 proximi
320 463 384 483 rem
401 452 564 487 attriverit,
578 451 722 481 animalis
739 450 883 481 dominus
899 450 1040 480 similiter
1055 449 1203 480 damnum
1217 450 1373 480 restituat.
1397 450 1423 479 si
1438 450 1508 490 quis
1524 456 1638 490 sponte

171 507 387 538 testimonium
402 507 480 536 ferre
495 506 643 541 noluerit,
658 506 773 536 citetur
788 505 826 535 ab
843 505 1004 545 indigente
1020 516 1026 534 z
1056 505 1230 544 citatusque
1245 508 1388 545 tempore
1403 503 1519 534 idoneo
1544 503 1640 540 adsit,

169 566 203 592 et
217 561 443 597 testimonium,
459 566 550 601 prout
565 560 698 596 sciverit,
716 559 835 590 afferat.
859 559 886 589 si
901 559 1023 589 nescire
1039 558 1163 600 dixerit,
1186 548 1406 600 jurejurando,
1426 558 1523 587 tribus
1550 557 1639 594 Diis,

169 615 262 653 Jove,
278 614 440 657 Apolline,
454 614 607 645 Themide
622 613 806 652 nominatis,
833 613 953 644 nescire
979 624 1012 643 se
1038 613 1180 649 affirmet,
1205 622 1242 643 ac
1270 612 1373 642 abeat.
1399 611 1494 653 [937]
1527 613 1580 653 qui
1597 612 1638 642 ad

166 669 333 700 ferendum
347 669 560 700 testimonium
582 669 697 699 citatus
720 678 785 699 non
814 668 946 704 venerit,
976 669 1126 698 damnum
1157 667 1198 703 ei,
1231 667 1285 708 qui
1310 665 1430 702 citavit,
1460 666 1636 697 secundum

168 723 270 764 legem
287 722 436 764 deponat.
458 723 483 753 si
494 722 592 766 judex
617 722 728 764 aliquis
756 723 788 753 in
817 722 1030 753 testimonium
1059 722 1174 753 citatus
1193 721 1300 757 fuen't‚
1325 720 1507 751 testimonio
1538 721 1636 750 allato

166 776 287 807 nullam
301 776 334 807 in
349 776 459 808 eadem
486 787 582 808 causa
608 777 796 807 sententiam
825 776 916 807 ferat.
940 776 1067 807 mulieri
1096 776 1214 811 liberae,
1239 776 1266 806 si
1297 775 1506 816 quadraginta
1535 784 1636 805 annos

165 831 348 867 excesserit,
363 837 426 863 tam
441 831 482 863 ad
498 832 678 862 testandum
699 842 793 873 quam
819 831 860 862 ad
886 830 1054 862 dicendum
1079 831 1233 861 interesse
1259 829 1382 871 judicio
1407 829 1514 866 liceat,
1540 829 1635 860 immo

163 894 240 915 vero
255 893 289 916 et
303 885 345 916 ad
360 886 528 927 agendum,
536 886 561 917 si
577 887 634 917 sub
647 886 711 917 viro
723 897 788 917 non
798 886 850 918 sit.
873 886 1000 916 vivente
1013 896 1084 917 vero
1108 885 1220 916 marito
1236 885 1454 915 testimonium
1466 883 1633 926 perhibere

163 939 360 971 solummodo
375 941 480 972 liceat.
503 951 592 972 servo
619 946 720 972 autem
747 946 780 972 et
805 951 903 972 servae
934 946 966 971 et
991 940 1097 982 pueris
1123 939 1163 970 de
1190 938 1362 970 homicidio
1395 940 1496 970 solum
1527 937 1635 969 dicere

163 994 335 1035 testarique
350 995 446 1026 liceat
460 1007 467 1024 ε
500 996 526 1026 si
541 994 689 1026 idoneum
705 995 921 1037 fidejussorem
938 995 1086 1026 dederint
1101 1005 1135 1025 se
1150 1005 1249 1035 usque
1264 994 1305 1024 ad
1330 995 1426 1024 latam
1447 993 1638 1024 sententiam

165 1057 398 1088 permansuros,
420 1049 447 1079 si
459 1049 539 1079 forte
565 1049 638 1080 falsi
653 1050 823 1080 testimonii
839 1049 957 1080 fuen'ut
970 1049 1120 1080 accusati.
1143 1049 1171 1080 si
1183 1050 1254 1090 quis
1270 1048 1341 1079 falsi
1357 1047 1531 1079 testimonii
1547 1057 1640 1088 agere

164 1102 309 1139 voluerit,
324 1103 409 1144 quod
425 1109 457 1134 et
470 1104 504 1134 in
518 1109 585 1134 toto
602 1109 634 1135 et
650 1104 682 1133 in
695 1109 783 1144 paite
795 1104 968 1134 testimonii
979 1109 1010 1134 et
1023 1104 1161 1145 utrisque
1172 1103 1357 1134 adversariis
1371 1103 1458 1138 licet,
1469 1108 1640 1143 antequam

165 1157 358 1188 sententiam
367 1157 492 1199 judices
507 1158 620 1195 ferant,
634 1158 728 1189 falsos
744 1158 841 1189 fuisse
852 1163 951 1189 testes
964 1158 1105 1199 objiciat.
1127 1158 1200 1188 falsi
1214 1168 1288 1188 vero
1301 1157 1476 1188 testimonii
1492 1157 1638 1187 crimina-

167 1210 270 1241 tiones
283 1212 322 1242 ab
337 1213 478 1253 utrisque
494 1213 597 1243 illatas
611 1213 812 1254 magistratus
824 1213 881 1254 ipsi
896 1215 1091 1253 conscriptas
1107 1218 1242 1249 servent,
1258 1218 1290 1243 et
1302 1212 1341 1242 ad
1355 1211 1512 1252 judicium
1526 1217 1640 1252 postea

165 1263 207 1295 de
222 1265 302 1296 falso
312 1267 495 1297 testimonio
509 1267 659 1299 referant.
683 1268 710 1298 si
725 1267 796 1309 quis
809 1268 888 1298 falso
899 1268 1117 1298 testimonium
1127 1268 1176 1298 bis
1189 1267 1303 1298 dixisse
1318 1268 1508 1303 inveniatur,
1522 1276 1541 1296 a
1553 1266 1642 1296 nulla

164 1319 236 1360 lege
249 1321 343 1351 tertio
361 1322 470 1352 testari
486 1327 616 1362 cogatur
631 1334 637 1351 :
656 1322 681 1353 si
699 1332 770 1352 vero
784 1327 840 1358 ter,
856 1322 944 1353 nullo
961 1321 1052 1353 modo
1063 1328 1173 1363 postea
1184 1322 1467 1353 testitnoniumsibi
1478 1321 1584 1351 dicere
1601 1319 1641 1350 li·

163 1379 245 1404 ceat.
261 1375 348 1415 quod
362 1377 389 1406 si
405 1381 451 1407 ter
462 1377 493 1406 in
508 1376 646 1407 falsitate
662 1376 877 1418 deprehensus
893 1377 1000 1407 testari
1013 1377 1143 1407 ulterius
1158 1387 1253 1407 ausus
1268 1376 1373 1412 fuerit,
1392 1386 1409 1406 a
1421 1375 1549 1406 volente
1564 1384 1640 1415 quo-

167 1427 246 1458 libet
262 1429 301 1459 ad
318 1431 533 1471 magistratum
556 1431 726 1467 deferatur,
742 1436 774 1462 et
797 1442 816 1462 a
836 1431 1019 1473 magistratu
1044 1431 1186 1462 tradatur
1206 1429 1349 1472 judicio:
1380 1435 1413 1460 et
1428 1430 1454 1460 si
1478 1429 1640 1460 convictus

164 1482 270 1520 fuerit,
282 1485 445 1517 moriatur.
458 1486 584 1527 quando
600 1486 634 1516 in
649 1486 705 1516 lite
720 1485 801 1516 falsa
815 1485 994 1516 testimonia
1011 1485 1258 1522 intercesserint,
1275 1495 1332 1526 per
1344 1495 1414 1526 quae
1430 1482 1641 1515 adversarium

166 1547 332 1579 superasse
362 1539 463 1571 videri
493 1540 563 1581 quis
590 1541 714 1581 potuit:
755 1540 782 1571 si
810 1541 928 1581 plures,
958 1550 1051 1581 quam
1082 1539 1236 1571 medietas
1271 1539 1411 1576 testium,
1441 1537 1645 1570 condemnati

167 1591 297 1629 suerint,
322 1592 477 1634 judicium
508 1595 681 1625 secundum
712 1595 767 1625 illa
794 1595 914 1625 nullum
944 1594 1109 1636 procedat.
1160 1594 1339 1635 disceptare
1368 1604 1444 1624 vero
1484 1592 1644 1627 convenit,

167 1652 271 1677 utrum
288 1648 464 1679 secundum
475 1649 532 1679 illa
545 1649 726 1680 testimonia
743 1650 912 1690 quicquam
924 1648 1104 1690 judicatum
1121 1649 1161 1679 sit
1174 1659 1287 1684 necne,
1303 1655 1346 1684 et,
1359 1648 1643 1690 quomodocunque

163 1700 341 1742 judicatum
351 1703 459 1740 fuerit,
473 1704 532 1734 hoc
546 1708 640 1744 pacto
651 1704 769 1745 justum
796 1704 836 1734 lis
859 1703 952 1734 finem
979 1709 1200 1744 consequatur.
1248 1701 1370 1733 Verum
1394 1713 1466 1733 cum
1490 1702 1588 1731 multa
1608 1701 1643 1731 in

167 1755 234 1786 vita
248 1756 412 1788 hominum
428 1757 512 1788 bona
527 1757 601 1794 sint,
619 1757 758 1799 pluribus
775 1768 883 1788 eorum
903 1757 993 1799 quasi
1019 1757 1165 1798 quaedam
1190 1757 1267 1788 dirae
1282 1757 1478 1788 calamitates
1492 1755 1643 1791 insident,

167 1820 240 1852 quae
263 1811 424 1842 maculant
442 1811 500 1842 illa
524 1817 620 1853 atque
649 1812 866 1854 coinquinant.
893 1812 1058 1854 judicialis
1086 1817 1193 1843 autem
1215 1811 1405 1853 disceptatio
1425 1810 1643 1853 judiciumque

167 1875 224 1896 cur
239 1866 356 1896 homini
370 1866 490 1897 bonum
504 1877 567 1897 non
583 1872 642 1903 est,
658 1866 742 1907 quod
767 1867 906 1898 humana
930 1866 1036 1897 omnia
1059 1866 1291 1897 mansuefecit?
1315 1865 1402 1906 atqui
1414 1876 1488 1896 cum
1515 1864 1642 1905 discep-

168 1919 246 1950 tatio
267 1920 340 1950 talis
351 1920 471 1951 bonum
486 1921 537 1958 sit,
553 1932 607 1952 cur
619 1926 653 1951 et
665 1921 776 1952 adesse
794 1921 827 1951 in
841 1921 896 1951 lite
913 1921 1010 1952 alicui
1024 1926 1058 1952 et
1072 1931 1173 1951 causae
1186 1919 1280 1960 justae
1302 1920 1409 1950 favere
1435 1919 1553 1949 bonum
1577 1928 1641 1948 non

169 1973 238 2004 sit?
264 1974 332 2004 haec
347 1985 417 2005 cum
435 1975 478 2005 ita
493 1975 566 2012 sint,
584 1985 731 2016 perversa
745 1975 903 2006 calumnia
916 1975 1032 2006 bonum
1050 1975 1127 2005 artis
1148 1974 1233 2006 subit
1255 1984 1384 2011 nomen,
1412 1984 1481 2014 quae
1512 1972 1642 2003 artifici-

171 2037 226 2058 um
240 2028 398 2059 invenisse
414 2029 446 2059 in
462 2029 568 2060 litibus
583 2029 706 2065 asserit,
723 2039 785 2070 quo
802 2030 926 2070 agenda
941 2035 972 2060 et
989 2028 1135 2066 dicenda,
1153 2029 1220 2059 sive
1236 2029 1369 2059 honesta
1388 2028 1455 2058 sive
1477 2027 1578 2068 turpis
1603 2027 1644 2057 sit

171 2091 280 2122 causa,
303 2093 451 2124 superare
467 2083 559 2114 facile
576 2084 647 2125 quis
661 2084 773 2125 possit,
788 2084 986 2125 victoresque
1000 2084 1116 2120 faeere,
1143 2083 1239 2124 [938]
1258 2082 1372 2123 quibus
1385 2082 1456 2124 ipsa
1469 2082 1643 2113 rationibus

170 2136 233 2166 suis
248 2136 345 2178 favet,
360 2137 386 2167 si
416 2147 473 2179 pro
498 2138 575 2168 artis
600 2138 702 2179 ipsius
728 2138 884 2170 beneficio
911 2138 1049 2180 pecunia
1078 2138 1213 2169 dabitur.
1236 2138 1304 2168 haec
1329 2137 1395 2168 sive
1425 2137 1501 2168 artis
1531 2147 1644 2178 expers

171 2191 353 2222 exercitatio
363 2192 509 2233 quaedam
525 2192 577 2229 sit,
594 2192 700 2223 danda
711 2203 806 2234 opera
821 2198 880 2229 est,
897 2202 937 2224 ne
957 2193 991 2224 in
1015 2197 1124 2223 nostra
1135 2192 1262 2223 civitate
1277 2191 1397 2223 aditum
1421 2192 1535 2222 habeat
1548 2203 1557 2231 3
1586 2190 1644 2221 sed

171 2245 279 2286 legum
294 2246 394 2277 verita
409 2246 614 2283 conditorem,
630 2247 712 2278 nihil
727 2248 876 2278 adversus
892 2248 978 2288 leges
992 2247 1143 2289 proferat,
1157 2251 1189 2277 et
1214 2246 1277 2277 alio
1302 2246 1445 2287 profecta
1465 2245 1546 2276 vires
1574 2255 1644 2276 suas

172 2300 330 2331 ostendat.
353 2301 461 2341 siquis
475 2311 549 2332 vero
564 2312 627 2333 non
652 2307 772 2343 pareat,
796 2303 855 2333 hac
881 2302 950 2342 lege
975 2301 1189 2332 deterreatur:
1215 2301 1246 2331 Si
1263 2300 1334 2342 quis
1351 2300 1482 2342 justitiae
1502 2299 1586 2330 vires
1611 2299 1645 2330 in

174 2354 289 2384 animis
305 2354 445 2396 judicum
455 2354 487 2385 in
502 2356 692 2387 contrarium
709 2362 828 2388 vertere
859 2362 1001 2392 conetur,
1033 2367 1069 2387 ac
1099 2360 1214 2397 praeter
1242 2354 1506 2396 opportunitatem
1545 2355 1647 2385 multa

173 2408 276 2449 litigia
291 2414 406 2445 movet,
419 2415 474 2440 aut
489 2410 685 2441 moventibus
702 2411 808 2442 adest:
841 2416 914 2452 agat
929 2411 962 2441 in
980 2421 1064 2448 eum,
1076 2411 1256 2452 quicunque
1271 2408 1419 2445 voluerit,
1435 2408 1518 2439 male
1529 2407 1647 2450 agendi

175 2467 230 2493 aut
258 2462 395 2504 denique
421 2463 616 2494 defendendi
642 2465 786 2500 crimine,
809 2465 1027 2507 judiciumque
1058 2465 1238 2507 hujusmodi
1267 2463 1352 2505 apud
1381 2464 1498 2494 electos
1521 2462 1649 2505 judices

177 2517 324 2558 agitetur.
347 2522 380 2548 et
395 2518 420 2548 si
435 2518 603 2548 damnatus
616 2518 722 2556 fuerit,
737 2518 934 2556 discutiatur,
959 2525 1066 2551 utrum
1092 2519 1224 2550 avaritia
1254 2529 1295 2549 an
1319 2517 1489 2549 ambitiosa
1509 2516 1648 2559 quadam

177 2572 384 2603 contentione
397 2572 430 2603 id
444 2572 565 2605 fecerit.
591 2583 627 2604 ac
643 2573 670 2603 si
684 2574 901 2614 contentione,
913 2580 1032 2605 certum
1058 2574 1118 2604 sibi
1141 2573 1265 2615 judices
1285 2579 1410 2614 tempus
1432 2571 1649 2614 praescribant,

175 2625 210 2656 in
226 2635 290 2667 quo
305 2636 406 2667 neque
422 2637 478 2668 pro
494 2637 527 2657 se
540 2636 644 2668 neque
661 2638 716 2669 pro
732 2628 794 2659 alio
803 2628 897 2659 ullam
911 2634 984 2670 agat
997 2628 1120 2659 dicatve
1137 2637 1262 2658 causam
1280 2638 1286 2656 :
1320 2627 1368 2657 sin
1385 2632 1490 2657 autem
1506 2625 1648 2661 avaritia,

177 2681 360 2722 peregrinus
376 2682 534 2723 quidema
554 2682 692 2722 regione,
705 2691 866 2723 nunquam
879 2682 1048 2719 rediturus,
1076 2682 1171 2718 abito,
1197 2686 1230 2712 et
1259 2681 1285 2712 si
1312 2681 1443 2712 redierit
1466 2680 1649 2711 moriturus.

176 2735 254 2766 civis
265 2740 382 2773 autern,
398 2736 428 2767 si
443 2736 573 2767 avaritia
587 2736 700 2767 fecisse
717 2736 749 2766 id
770 2735 1033 2778 deprehendatur,
1060 2736 1210 2777 quoniam
1229 2735 1398 2777 pecuniam
1420 2734 1501 2766 tanti
1529 2733 1651 2769 fecerit,

176 2789 304 2820 omnino
322 2790 478 2822 moriatur.
504 2790 589 2832 quod
604 2790 631 2821 si
659 2790 823 2822 ambitiosa
846 2791 1050 2822 contentione
1079 2790 1127 2822 bis
1154 2791 1218 2821 tale
1248 2789 1326 2831 quid
1355 2789 1468 2822 fecisse
1485 2788 1648 2830 judicatus

187 2841 292 2887 fuerit,
307 2842 339 2874 id
356 2844 459 2885 ipsum
474 2844 665 2887 supplicium
683 2843 807 2875 subeat.
