1840 3225
251 243 324 280 158
850 241 1117 283 PLAT0N1s
1611 245 1706 298 [468

248 345 361 379 Graiu.
385 345 536 376 Maxime.
579 346 636 376 So.
660 344 811 387 Nunquid
840 346 1021 389 diligentius
1047 346 1094 378 illi
1118 358 1210 389 quam
1234 347 1382 379 custodes
1406 349 1487 380 filios
1503 359 1575 381 suos
1589 348 1711 380 erudire

247 401 365 431 debent
380 400 493 440 peritia
506 405 540 431 et
564 399 760 440 inspectione
777 411 904 442 operum
921 401 1035 442 cuique
1061 402 1314 435 convenientium
1329 403 1340 433 ?
1387 403 1502 436 GLAU.
1527 402 1710 434 Ridiculum

248 455 279 484 id
310 455 435 495 quidem
464 459 556 485 esset.
602 454 657 485 SO.
681 455 769 491 Quin
794 455 886 486 etiam
919 466 1010 486 omne
1040 467 1137 497 genus
1168 458 1370 489 animantium
1399 458 1479 489 natis
1509 457 1712 499 praesentibus

248 508 406 539 ardentius
421 513 553 550 pugnat.
598 508 712 539 Grau.
736 508 794 539 Est
816 509 870 541 ita.
894 520 997 540 verum
1023 510 1193 551 periculum
1212 517 1258 542 est
1275 513 1508 553 permaximum,
1523 521 1542 542 ο
1557 511 1712 546 Socrates,

248 573 288 593 ne
304 562 330 592 si
346 562 435 599 forte,
449 567 482 592 ut
497 562 613 593 accidit
628 562 659 592 in
677 563 771 601 bello,
783 573 847 593 sors
859 564 989 594 adversa
1003 565 1181 606 contigerit,
1197 566 1276 597 filios
1293 577 1418 608 quoque
1434 577 1538 597 secum
1554 564 1686 606 perdant
1701 575 1710 594 ε

248 626 285 646 ex
299 616 362 656 quo
378 616 486 647 civitas
502 616 594 646 nimis
610 617 714 647 multis
738 617 844 648 orbata
871 618 1048 648 hominibus
1064 629 1220 660 resurgere
1235 630 1336 651 rursus
1353 621 1391 651 ad
1408 620 1549 661 proelium
1563 623 1711 660 nequeat.

247 669 302 700 So.
326 669 409 700 Vera
437 671 582 711 loqueris.
606 671 660 701 sed
687 675 720 700 tu
746 671 849 701 forsan
877 671 1016 713 inprimis
1045 673 1087 702 ita
1115 683 1147 703 se
1176 684 1355 715 comparare
1375 683 1539 715 quemque
1568 676 1711 713 oportere

247 723 415 764 existimas,
429 730 462 754 ut
478 724 596 754 nullum
610 734 744 765 uuquam
762 725 932 766 periculum
948 727 1068 757 subeat.
1113 727 1187 758 GLA
1195 738 1228 759 υ.
1252 727 1350 759 Nullo
1365 729 1470 759 modo.
1514 727 1570 759 So.
1596 725 1682 763 Quid
1698 725 1710 754 ?

247 788 354 809 nonne
379 785 452 809 tunc
479 778 511 808 in
533 778 700 809 discrimen
723 779 923 817 veniendum,
944 781 1011 817 ubi,
1033 781 1089 821 qui
1111 791 1143 812 se
1165 783 1288 823 egregie
1305 782 1467 823 gesserint,
1483 779 1712 823 praestantiores

246 833 405 863 evadent?
466 832 583 864 GLAu.
607 832 809 873 Perspicuum
838 839 895 865 est.
954 833 1009 866 So,
1034 834 1119 865 Num
1147 846 1256 876 parum
1283 836 1430 867 interesse
1460 845 1580 871 censes,
1606 843 1711 874 neque

246 885 384 927 perleulo
400 886 541 926 dignum,
558 891 592 916 ut
606 892 749 927 spectent
763 887 809 917 vel
836 898 899 918 non
924 894 1069 929 spectent
1084 900 1131 919 res
1146 890 1274 920 bellicas
1293 889 1389 930 pueri,
1405 890 1460 932 qui
1485 889 1598 920 milites
1613 886 1712 918 futuri

246 940 343 970 sunt?
389 940 504 971 GLAu.
527 939 628 970 Immo
644 951 716 970 vero
732 941 841 972 referre
857 942 895 971 ad
911 941 957 978 id,
974 943 1058 983 quod
1075 943 1130 973 ais.
1175 943 1230 974 So.
1256 944 1370 974 Danda
1385 943 1477 984 igitur
1493 952 1587 985 opera
1601 947 1660 978 est,
1676 947 1713 973 ut

248 993 363 1025 bellum
388 995 475 1035 pueri
491 999 634 1035 spectent
649 995 812 1034 duntaxat,
827 1000 859 1026 ct
875 1006 937 1036 qua
952 997 1069 1026 ratione
1094 997 1152 1026 tuti
1168 997 1242 1033 sint,
1268 997 1510 1038 excogitandum
1526 1007 1533 1026 :
1558 1001 1651 1037 atqu'e
1667 996 1713 1026 ita

246 1053 329 1078 recte
356 1048 421 1079 fiet.
468 1047 581 1077 GLAU.
605 1046 742 1088 Nempe.
786 1048 839 1079 So.
864 1048 1024 1090 Principio
1049 1055 1191 1090 parentes
1218 1061 1323 1081 eorum
1349 1051 1588 1091 haudquaquam
1614 1048 1714 1090 ignari

246 1107 348 1143 erunt,
364 1102 418 1132 sed
433 1102 537 1142 quoad
552 1101 729 1132 hominibus
742 1112 923 1133 concessum
942 1108 1001 1139 est,
1017 1104 1056 1134 ad
1072 1104 1311 1134 discernendum
1327 1105 1534 1146 perspicaces,
1549 1104 1662 1145 quibus
1678 1103 1711 1134 in

247 1157 354 1189 castris
370 1155 541 1197 pericnlum
557 1154 642 1191 insit,
654 1155 770 1196 quibus
794 1166 857 1186 non
874 1156 947 1187 insit
963 1157 1146 1198 periculum.
1192 1157 1306 1189 Guu.
1332 1158 1510 1189 Verisimile
1525 1157 1556 1188 id
1573 1157 1714 1198 quidem.

247 1211 304 1242 So.
328 1210 379 1241 Ad
396 1211 508 1240 tutiora
532 1210 638 1250 itaque
653 1210 770 1240 ducent
795 1221 860 1247 eos,
885 1212 924 1241 ad
952 1211 1014 1241 alia
1030 1211 1167 1242 minime.
1212 1211 1326 1243 Gmu.
1350 1211 1463 1244 Probe.
1506 1211 1562 1242 So.
1585 1210 1713 1242 Deinde

247 1270 380 1296 rectores
392 1264 454 1296 illis
471 1264 642 1305 praeficient
655 1274 719 1293 non
735 1264 948 1304 ignavissimos
962 1275 1115 1306 quosque,
1127 1266 1180 1296 sed
1196 1265 1337 1296 homines
1353 1271 1385 1296 et
1396 1276 1451 1296 usu
1467 1275 1566 1296 rerum
1578 1270 1610 1295 et
1619 1269 1713 1296 aetate

245 1320 378 1351 idoneos
408 1319 505 1349 duces
534 1323 566 1348 et
597 1318 796 1358 paedagogos.
846 1318 961 1350 GLAu.
987 1318 1037 1348 Ita
1066 1319 1169 1350 decet.
1219 1320 1276 1350 So.
1298 1319 1414 1350 Verum
1447 1320 1542 1351 multa
1572 1319 1712 1350 dicemus

247 1379 357 1415 praeter
380 1373 561 1414 opinionem
584 1371 690 1402 multis
712 1372 889 1407 hominibus
914 1373 1066 1404 evenisse.
1111 1372 1228 1404 GLAU.
1252 1373 1294 1403 Et
1317 1373 1447 1404 maxime
1472 1373 1611 1414 quidem.
1655 1372 1713 1417 So,

247 1427 367 1458 Horum
384 1437 488 1465 causa,
503 1437 521 1456 o
537 1426 647 1460 amice,
664 1426 766 1456 statim
792 1436 810 1456 a
833 1427 945 1457 teneris
961 1426 1049 1457 annis
1066 1428 1123 1457 alae
1153 1428 1295 1468 quaedam
1312 1427 1508 1469 applicandae
1525 1426 1650 1468 puellis,
1667 1431 1713 1464 ut,

246 1482 413 1523 siquando
435 1491 514 1521 opus
543 1480 646 1516 suerit,
663 1481 803 1511 volantes
832 1482 970 1522 protinus
996 1482 1169 1523 aufugiant.
1215 1482 1332 1514 Gmu.
1357 1482 1526 1519 Quomodo
1542 1481 1626 1512 istud
1644 1481 1713 1512 ais?

246 1536 302 1568 So.
328 1536 476 1577 Equitare
491 1539 696 1566 consuescent
719 1535 824 1576 primis
848 1536 886 1565 ab
903 1536 992 1566 annis
1015 1537 1127 1577 pueriS,
1143 1547 1276 1577 cumque
1299 1536 1358 1567 hoc
1374 1535 1552 1572 didicerint,
1568 1534 1656 1576 equis
1671 1535 1711 1565 ad

247 1589 459 1632 spectaculum
477 1589 550 1619 belli
566 1589 729 1628 ducentur,
745 1599 807 1620 non
831 1590 985 1621 ferocibus
1001 1591 1127 1632 quidem
1144 1596 1198 1621 aut
1214 1590 1341 1620 nimium
1365 1589 1532 1625 bellicosis,
1548 1589 1603 1620 sed
1619 1599 1714 1630 quam

247 1644 450 1675 velocissimis
475 1648 507 1673 et
530 1643 658 1674 habenis
680 1643 772 1674 facile
797 1644 1061 1684 obsequentibus:
1089 1650 1182 1686 atque
1198 1644 1241 1674 ita
1263 1643 1512 1675 commodissime
1527 1653 1606 1684 opus
1623 1634 1712 1674 suuni

247 1697 451 1739 prospicient,
479 1697 733 1739 securissimeque
764 1698 908 1735 evadent,
938 1698 962 1728 si
993 1699 1068 1739 quid
1097 1698 1218 1729 adversi
1247 1698 1424 1739 contigerit,
1453 1698 1589 1728 seniores
1615 1697 1715 1728 duces

247 1757 423 1793 sequentes.
469 1751 584 1782 GLAU.
607 1752 691 1782 Scite
719 1753 887 1782 admodum
913 1753 998 1794 loqui
1016 1753 1089 1783 milii
1117 1753 1214 1795 [468]
1241 1752 1367 1783 videris.
1411 1752 1466 1784 So.
1493 1752 1579 1789 Quid
1597 1752 1713 1789 dehis,

248 1817 319 1848 quae
335 1807 375 1836 ad
398 1806 514 1837 bellum
537 1806 682 1844 attinent,
698 1806 890 1836 dicendum?
914 1817 984 1847 quae
1010 1808 1161 1838 servanda
1184 1807 1334 1836 militibus
1357 1811 1390 1836 et
1411 1806 1451 1836 ad
1475 1816 1508 1836 se
1534 1805 1666 1837 invicem
1681 1810 1715 1836 ct

248 1861 394 1891 adversus
409 1861 537 1890 hostes?
561 1860 703 1900 nunquid
727 1865 810 1891 recte
826 1861 936 1896 sentio,
953 1861 1076 1892 necne?
1123 1861 1240 1891 Gmu.
1265 1860 1448 1896 Quidnam?
1493 1859 1550 1890 So.
1572 1859 1715 1890 Arbitror

248 1926 330 1950 eum,
346 1915 399 1956 qui
425 1915 457 1944 in
481 1913 549 1945 acie
565 1914 702 1944 ordinem
720 1914 856 1944 deseruit
870 1915 918 1945 vel
935 1925 1018 1946 arma
1042 1914 1158 1956 abjecit
1173 1914 1220 1945 vel
1238 1914 1299 1944 tale
1315 1913 1432 1955 aliquid
1457 1918 1582 1954 propter
1597 1913 1714 1943 timidi-

249 1975 344 2000 tatem
379 1969 546 2005 commisit,
576 1969 615 1999 ad
648 1968 797 2010 opificum
829 1970 967 2000 ordinem
1001 1970 1047 2000 vel
1079 1969 1295 2011 agricultorum
1327 1978 1394 1998 esse
1431 1967 1714 1998 transmittendum.

250 2022 363 2053 (inu.
387 2023 439 2053 Sic
464 2023 567 2053 decet.
611 2023 667 2052 So.
692 2022 772 2052 Eum
800 2032 882 2058 vero,
910 2023 963 2064 qui
990 2024 1097 2053 vivens
1123 2023 1163 2053 ab
1189 2022 1331 2053 hostibus
1355 2026 1466 2062 captus
1492 2020 1596 2058 fuerit,
1617 2021 1713 2052 etiam

249 2077 343 2117 gratis
367 2077 494 2106 reddere
521 2076 697 2106 volentibus
721 2075 973 2116 relinquendum,
989 2083 1025 2107 ut
1041 2077 1158 2118 praeda,
1175 2076 1458 2117 quomodocunque
1474 2075 1561 2112 libet,
1576 2080 1714 2106 utantur.

249 2130 364 2161 GLAu.
390 2130 541 2160 Omnino.
586 2129 641 2159 So.
665 2129 728 2165 Qui
745 2135 848 2159 autem
865 2129 987 2170 egregie
1003 2141 1069 2160 sese
1086 2140 1194 2170 gerens
1209 2129 1398 2164 excelluerit,
1416 2129 1514 2169 primo
1527 2128 1654 2170 quidem
1676 2128 1713 2159 in

247 2185 315 2226 ipsa
329 2183 529 2225 expeditione
553 2183 592 2213 ab
617 2183 665 2218 iis,
691 2183 744 2222 qui
772 2193 834 2212 una
860 2183 1006 2218 militant,
1031 2183 1282 2214 adolescentibus
1309 2192 1345 2213 ac
1370 2182 1484 2223 pueris,
1510 2182 1668 2223 sigillatim
1695 2193 1715 2213 a

248 2238 401 2280 quolibet,
412 2236 621 2268 coronandus.
635 2245 740 2265 nonne
756 2235 812 2265 tibi
829 2236 973 2266 videtur?
1010 2236 1124 2266 va.
1148 2236 1231 2266 Mihi
1249 2246 1331 2266 vero.
1361 2235 1416 2267 So.
1434 2235 1546 2272 Quid?
1561 2246 1666 2267 nonne
1681 2241 1716 2267 et

248 2294 390 2324 dexteras
401 2291 534 2332 jungere
549 2289 785 2320 illidebebunt?
832 2288 946 2320 GLAU.
972 2289 1011 2319 Et
1027 2290 1098 2320 hoc.
1142 2289 1197 2319 So.
1220 2289 1263 2319 At
1278 2290 1338 2320 hoc
1352 2295 1499 2330 praeterea
1515 2289 1571 2319 tibi
1585 2289 1714 2320 forsitan

249 2358 313 2378 non
338 2347 482 2378 videtur?
538 2345 654 2376 GLAu.
677 2344 761 2380 Quid
777 2344 787 2373 ?
841 2344 897 2374 So.
923 2344 967 2374 Ut
983 2344 1088 2375 oscula
1103 2354 1120 2374 a
1137 2343 1277 2384 quolibet
1293 2343 1434 2384 accipere
1448 2343 1564 2374 debeat
1577 2353 1614 2374 ac
1628 2344 1714 2376 dare.

252 2402 368 2433 GLAu.
392 2402 492 2432 Immo
508 2411 580 2431 vero
603 2399 734 2430 maxime
761 2399 910 2429 omnium.
935 2399 1022 2440 atqui
1048 2404 1079 2429 et
1107 2398 1166 2439 legi
1194 2397 1265 2429 huic
1288 2397 1469 2428 addendum
1496 2397 1650 2434 existimo,
1666 2402 1715 2437 ut,

250 2457 355 2498 quoad
372 2457 403 2486 in
431 2467 468 2486 ea
483 2454 684 2496 expeditione
709 2453 834 2487 suerint,
851 2453 967 2483 nemini
992 2463 1118 2483 renuere
1143 2452 1247 2488 liceat,
1268 2461 1487 2493 quemcunque
1502 2451 1634 2482 osculari
1649 2451 1716 2492 ipse

252 2510 472 2541 desideraverit
488 2520 495 2538 :
520 2513 555 2539 ut
569 2507 595 2538 si
621 2507 690 2549 quis
714 2506 846 2548 alicujus
862 2516 964 2537 amore
980 2513 1089 2547 captus
1105 2506 1197 2537 fuerit
1221 2505 1270 2536 vel
1297 2506 1387 2536 maris
1401 2505 1450 2536 vel
1465 2505 1603 2542 feminae,
1619 2505 1719 2537 aerior

252 2565 292 2594 sit
318 2565 356 2594 ad
383 2563 542 2594 victoriam
569 2562 830 2602 consequendam.
889 2561 943 2591 So.
970 2561 1133 2591 Praeclare.
1159 2571 1230 2590 nam
1258 2560 1343 2601 quod
1369 2559 1488 2600 nuptiae
1515 2559 1648 2590 strenuis
1671 2559 1717 2590 vir

253 2618 374 2649 facilius
390 2622 503 2658 paratas
518 2626 610 2657 quam
627 2615 695 2646 aliis
722 2620 754 2646 et
779 2615 922 2656 optiones
946 2616 1053 2645 horum
1070 2614 1293 2655 frequentiores
1319 2618 1420 2654 erunt,
1433 2619 1469 2643 ut
1482 2623 1575 2654 quam
1592 2611 1717 2653 plurimi

253 2683 290 2704 ex
309 2673 354 2702 his
369 2676 544 2708 nascantur,
558 2670 624 2711 jam
648 2670 766 2701 dictum
784 2674 841 2700 est.
887 2669 1000 2700 Guu.
1023 2669 1170 2699 Diximus
1185 2673 1279 2699 certe.
1324 2667 1380 2698 So.
1403 2666 1527 2697 Etenim
1545 2667 1718 2698 secundum

255 2728 424 2758 Homerum
442 2724 595 2765 ejusmodi
617 2724 750 2765 juvenes
772 2723 891 2764 justum
922 2729 969 2753 est
995 2722 1124 2753 maxime
1148 2724 1308 2753 honorare.
1332 2731 1403 2752 uam
1429 2721 1496 2762 ipse
1523 2720 1670 2761 Ajacem,
1684 2720 1716 2751 in

257 2781 338 2812 bello
357 2778 596 2820 praecellentem,
613 2777 692 2807 dixit
717 2777 872 2808 continuis
897 2777 936 2807 ab
961 2777 1094 2807 humeris
1121 2777 1327 2806 honoratum:
1353 2774 1441 2816 quasi
1457 2774 1508 2805 bie
1532 2774 1717 2815 pubescenti

255 2834 373 2865 homini
389 2842 425 2863 ac
441 2831 513 2862 forti
527 2831 717 2863 conveniens
740 2831 780 2861 sit
805 2832 913 2866 honor,
930 2841 966 2861 ex
994 2841 1056 2871 quo
1073 2841 1142 2862 cum
1167 2831 1282 2860 honore
1298 2828 1387 2859 simul
1403 2834 1436 2859 et
1450 2829 1542 2858 robur
1556 2833 1719 2869 augeatur.

257 2890 374 2921 Gustu.
398 2886 500 2917 Recte
529 2885 710 2917 admodum.
755 2886 812 2916 So.
835 2884 872 2915 In
899 2885 946 2915 tuis
974 2895 1046 2926 crgo
1077 2884 1216 2916 Homero
1244 2883 1430 2925 parebimus.
1456 2881 1571 2913 etenim
1598 2891 1654 2912 nos
1684 2881 1717 2912 in

258 2943 350 2976 saeris
365 2940 537 2982 ceterisque
555 2939 732 2981 hujusmodi
760 2939 840 2971 viros
863 2941 972 2976 bonos,
989 2950 1051 2981 quo
1079 2938 1176 2980 magis
1191 2937 1355 2975 excellent,
1371 2946 1409 2968 co
1425 2934 1524 2977 magis
1545 2940 1577 2967 et
1591 2934 1717 2977 hymnis
