<?xml version="1.0" encoding="UTF-8"?>
<!DOCTYPE html PUBLIC "-//W3C//DTD XHTML 1.0 Transitional//EN"
    "http://www.w3.org/TR/xhtml1/DTD/xhtml1-transitional.dtd">
<html xmlns="http://www.w3.org/1999/xhtml" xml:lang="en" lang="en">
 <head>
  <title>
</title>
<meta http-equiv="Content-Type" content="text/html;charset=utf-8" />
  <meta name='ocr-system' content='tesseract 3.04.00' />
  <meta name='ocr-capabilities' content='ocr_page ocr_carea ocr_par ocr_line ocrx_word'/>
</head>
<body>
  <div class='ocr_page' id='page_1' title='image "./platonisetquaeve11plat_0539.png"; bbox 0 0 1840 3225; ppageno 0'>
   <div class='ocr_carea' id='block_1_1' title="bbox 197 236 1664 300">
    <p class='ocr_par' dir='ltr' id='par_1_1' title="bbox 197 236 1664 300">
     <span class='ocr_line' id='line_1_1' title="bbox 197 236 1664 300; baseline -0.002 -12"><span class='ocrx_word' id='word_1_1' title='bbox 197 244 293 300; x_wconf 80' lang='lat'>396]</span> <span class='ocrx_word' id='word_1_2' title='bbox 808 248 1061 287; x_wconf 80' lang='lat' dir='ltr'>ERYXIAS.</span> <span class='ocrx_word' id='word_1_3' title='bbox 1590 236 1664 285; x_wconf 77' lang='lat'>52‘1</span> 
     </span>
    </p>
   </div>
   <div class='ocr_carea' id='block_1_2' title="bbox 195 347 1685 2931">
    <p class='ocr_par' dir='ltr' id='par_1_2' title="bbox 195 347 1685 2931">
     <span class='ocr_line' id='line_1_2' title="bbox 196 347 1665 394; baseline -0.003 -12"><span class='ocrx_word' id='word_1_4' title='bbox 196 351 249 383; x_wconf 89' lang='lat' dir='ltr'>An</span> <span class='ocrx_word' id='word_1_5' title='bbox 276 352 386 384; x_wconf 82' lang='lat' dir='ltr'>domus</span> <span class='ocrx_word' id='word_1_6' title='bbox 411 352 538 394; x_wconf 86' lang='lat' dir='ltr'>quidem</span> <span class='ocrx_word' id='word_1_7' title='bbox 561 362 634 383; x_wconf 78' lang='lat' dir='ltr'>usus</span> <span class='ocrx_word' id='word_1_8' title='bbox 664 351 778 382; x_wconf 77' lang='lat' dir='ltr'>multus</span> <span class='ocrx_word' id='word_1_9' title='bbox 795 355 827 382; x_wconf 85' lang='lat' dir='ltr'>et</span> <span class='ocrx_word' id='word_1_10' title='bbox 841 350 1039 382; x_wconf 78' lang='lat' dir='ltr'>necessarius</span> <span class='ocrx_word' id='word_1_11' title='bbox 1055 354 1115 387; x_wconf 89' lang='lat' dir='ltr'>est,</span> <span class='ocrx_word' id='word_1_12' title='bbox 1132 354 1165 381; x_wconf 90' lang='lat' dir='ltr'>et</span> <span class='ocrx_word' id='word_1_13' title='bbox 1189 347 1323 382; x_wconf 78' lang='lat' dir='ltr'>multum</span> <span class='ocrx_word' id='word_1_14' title='bbox 1347 349 1445 381; x_wconf 76' lang='lat' dir='ltr'>refert</span> <span class='ocrx_word' id='word_1_15' title='bbox 1467 349 1506 380; x_wconf 86' lang='lat' dir='ltr'>ad</span> <span class='ocrx_word' id='word_1_16' title='bbox 1529 349 1665 379; x_wconf 83' lang='lat' dir='ltr'>hominis</span> 
     </span>
     <span class='ocr_line' id='line_1_3' title="bbox 195 402 1664 448; baseline -0.003 -12"><span class='ocrx_word' id='word_1_17' title='bbox 195 407 303 445; x_wconf 88' lang='lat' dir='ltr'>vitam,</span> <span class='ocrx_word' id='word_1_18' title='bbox 319 413 354 438; x_wconf 90' lang='lat' dir='ltr'>ut</span> <span class='ocrx_word' id='word_1_19' title='bbox 368 407 401 438; x_wconf 91' lang='lat' dir='ltr'>in</span> <span class='ocrx_word' id='word_1_20' title='bbox 418 407 471 438; x_wconf 84' lang='lat' dir='ltr'>tall</span> <span class='ocrx_word' id='word_1_21' title='bbox 487 407 579 438; x_wconf 89' lang='lat' dir='ltr'>domo</span> <span class='ocrx_word' id='word_1_22' title='bbox 606 407 713 448; x_wconf 86' lang='lat' dir='ltr'>potius</span> <span class='ocrx_word' id='word_1_23' title='bbox 725 405 848 436; x_wconf 81' lang='lat' dir='ltr'>habitet</span> <span class='ocrx_word' id='word_1_24' title='bbox 858 415 954 447; x_wconf 78' lang='lat' dir='ltr'>qnam</span> <span class='ocrx_word' id='word_1_25' title='bbox 969 406 1002 435; x_wconf 89' lang='lat' dir='ltr'>in</span> <span class='ocrx_word' id='word_1_26' title='bbox 1033 415 1131 447; x_wconf 77' lang='lat' dir='ltr'>parvo</span> <span class='ocrx_word' id='word_1_27' title='bbox 1152 410 1184 435; x_wconf 85' lang='lat' dir='ltr'>et</span> <span class='ocrx_word' id='word_1_28' title='bbox 1211 405 1264 435; x_wconf 89' lang='lat' dir='ltr'>vili</span> <span class='ocrx_word' id='word_1_29' title='bbox 1290 404 1452 435; x_wconf 83' lang='lat' dir='ltr'>domicilio</span> <span class='ocrx_word' id='word_1_30' title='bbox 1467 415 1473 434; x_wconf 91' lang='lat'>:</span> <span class='ocrx_word' id='word_1_31' title='bbox 1499 402 1664 444; x_wconf 65' lang='lat' dir='ltr'>sapientiae</span> 
     </span>
     <span class='ocr_line' id='line_1_4' title="bbox 195 457 1665 503; baseline -0.003 -11"><span class='ocrx_word' id='word_1_32' title='bbox 195 471 269 492; x_wconf 86' lang='lat' dir='ltr'>vero</span> <span class='ocrx_word' id='word_1_33' title='bbox 284 472 359 492; x_wconf 86' lang='lat' dir='ltr'>usus</span> <span class='ocrx_word' id='word_1_34' title='bbox 374 461 481 502; x_wconf 86' lang='lat' dir='ltr'>exigui</span> <span class='ocrx_word' id='word_1_35' title='bbox 505 461 600 503; x_wconf 88' lang='lat' dir='ltr'>pretii</span> <span class='ocrx_word' id='word_1_36' title='bbox 623 467 683 496; x_wconf 90' lang='lat' dir='ltr'>est,</span> <span class='ocrx_word' id='word_1_37' title='bbox 700 465 733 491; x_wconf 92' lang='lat' dir='ltr'>et</span> <span class='ocrx_word' id='word_1_38' title='bbox 747 469 859 500; x_wconf 88' lang='lat' dir='ltr'>parum</span> <span class='ocrx_word' id='word_1_39' title='bbox 874 458 969 490; x_wconf 79' lang='lat' dir='ltr'><strong>refert</strong></span> <span class='ocrx_word' id='word_1_40' title='bbox 988 464 1024 489; x_wconf 89' lang='lat' dir='ltr'>ut</span> <span class='ocrx_word' id='word_1_41' title='bbox 1039 459 1109 500; x_wconf 85' lang='lat' dir='ltr'>quis</span> <span class='ocrx_word' id='word_1_42' title='bbox 1125 459 1163 489; x_wconf 87' lang='lat' dir='ltr'>de</span> <span class='ocrx_word' id='word_1_43' title='bbox 1178 459 1321 489; x_wconf 85' lang='lat' dir='ltr'>maximis</span> <span class='ocrx_word' id='word_1_44' title='bbox 1345 459 1437 489; x_wconf 85' lang='lat' dir='ltr'>rcbns</span> <span class='ocrx_word' id='word_1_45' title='bbox 1460 463 1514 488; x_wconf 84' lang='lat' dir='ltr'>aut</span> <span class='ocrx_word' id='word_1_46' title='bbox 1537 457 1665 498; x_wconf 74' lang='lat' dir='ltr'>sapIens</span> 
     </span>
     <span class='ocr_line' id='line_1_5' title="bbox 195 512 1663 557; baseline -0.005 -11"><span class='ocrx_word' id='word_1_47' title='bbox 195 520 252 546; x_wconf 86' lang='lat' dir='ltr'>aut</span> <span class='ocrx_word' id='word_1_48' title='bbox 265 515 429 557; x_wconf 83' lang='lat' dir='ltr'>imperitus</span> <span class='ocrx_word' id='word_1_49' title='bbox 444 515 509 546; x_wconf 86' lang='lat' dir='ltr'>sit?</span> <span class='ocrx_word' id='word_1_50' title='bbox 555 514 607 545; x_wconf 81' lang='lat' dir='ltr'>An</span> <span class='ocrx_word' id='word_1_51' title='bbox 623 514 704 544; x_wconf 76' lang='lat' dir='ltr'>lianc</span> <span class='ocrx_word' id='word_1_52' title='bbox 721 513 850 555; x_wconf 87' lang='lat' dir='ltr'>quidem</span> <span class='ocrx_word' id='word_1_53' title='bbox 875 517 1087 544; x_wconf 88' lang='lat' dir='ltr'>contemnunt</span> <span class='ocrx_word' id='word_1_54' title='bbox 1110 513 1265 549; x_wconf 88' lang='lat' dir='ltr'>homines,</span> <span class='ocrx_word' id='word_1_55' title='bbox 1289 512 1435 554; x_wconf 86' lang='lat' dir='ltr'>etipsam</span> <span class='ocrx_word' id='word_1_56' title='bbox 1448 522 1511 542; x_wconf 88' lang='lat' dir='ltr'>non</span> <span class='ocrx_word' id='word_1_57' title='bbox 1534 515 1663 542; x_wconf 89' lang='lat' dir='ltr'>emunt:</span> 
     </span>
     <span class='ocr_line' id='line_1_6' title="bbox 197 566 1663 610; baseline -0.004 -10"><span class='ocrx_word' id='word_1_58' title='bbox 197 579 346 610; x_wconf 84' lang='lat' dir='ltr'><strong>cupresso</strong></span> <span class='ocrx_word' id='word_1_59' title='bbox 359 579 434 600; x_wconf 88' lang='lat' dir='ltr'>vero</span> <span class='ocrx_word' id='word_1_60' title='bbox 449 578 520 610; x_wconf 81' lang='lat' dir='ltr'>quae</span> <span class='ocrx_word' id='word_1_61' title='bbox 537 568 633 599; x_wconf 88' lang='lat' dir='ltr'>estin</span> <span class='ocrx_word' id='word_1_62' title='bbox 648 568 754 610; x_wconf 85' lang='lat' dir='ltr'>domo,</span> <span class='ocrx_word' id='word_1_63' title='bbox 771 572 804 598; x_wconf 89' lang='lat' dir='ltr'>et</span> <span class='ocrx_word' id='word_1_64' title='bbox 827 567 1003 598; x_wconf 78' lang='lat' dir='ltr'>Pentelieis</span> <span class='ocrx_word' id='word_1_65' title='bbox 1022 567 1183 608; x_wconf 85' lang='lat' dir='ltr'>lapidibus</span> <span class='ocrx_word' id='word_1_66' title='bbox 1208 567 1301 598; x_wconf 88' lang='lat' dir='ltr'>multi</span> <span class='ocrx_word' id='word_1_67' title='bbox 1327 566 1482 607; x_wconf 85' lang='lat' dir='ltr'>indigent,</span> <span class='ocrx_word' id='word_1_68' title='bbox 1502 570 1535 595; x_wconf 92' lang='lat' dir='ltr'>et</span> <span class='ocrx_word' id='word_1_69' title='bbox 1557 574 1663 595; x_wconf 87' lang='lat' dir='ltr'>emere</span> 
     </span>
     <span class='ocr_line' id='line_1_7' title="bbox 195 619 1663 663; baseline -0.003 -10"><span class='ocrx_word' id='word_1_70' title='bbox 195 622 329 654; x_wconf 78' lang='lat' dir='ltr'>volunt?</span> <span class='ocrx_word' id='word_1_71' title='bbox 376 622 504 658; x_wconf 84' lang='lat' dir='ltr'><strong>Nonne,</strong></span> <span class='ocrx_word' id='word_1_72' title='bbox 522 623 589 653; x_wconf 85' lang='lat' dir='ltr'>sive</span> <span class='ocrx_word' id='word_1_73' title='bbox 606 622 731 663; x_wconf 84' lang='lat' dir='ltr'>sapiens</span> <span class='ocrx_word' id='word_1_74' title='bbox 747 622 816 663; x_wconf 82' lang='lat' dir='ltr'>quis</span> <span class='ocrx_word' id='word_1_75' title='bbox 832 621 928 652; x_wconf 79' lang='lat' dir='ltr'>fuerit</span> <span class='ocrx_word' id='word_1_76' title='bbox 943 621 1143 661; x_wconf 87' lang='lat' dir='ltr'>gubernator,</span> <span class='ocrx_word' id='word_1_77' title='bbox 1159 620 1227 651; x_wconf 88' lang='lat' dir='ltr'>sive</span> <span class='ocrx_word' id='word_1_78' title='bbox 1242 621 1382 651; x_wconf 79' lang='lat' dir='ltr'>medicus</span> <span class='ocrx_word' id='word_1_79' title='bbox 1398 620 1431 651; x_wconf 88' lang='lat' dir='ltr'>in</span> <span class='ocrx_word' id='word_1_80' title='bbox 1449 625 1518 650; x_wconf 88' lang='lat' dir='ltr'>arte</span> <span class='ocrx_word' id='word_1_81' title='bbox 1539 619 1663 654; x_wconf 50' lang='lat' dir='ltr'>doctum</span> 
     </span>
     <span class='ocr_line' id='line_1_8' title="bbox 196 674 1663 718; baseline -0.003 -11"><span class='ocrx_word' id='word_1_82' title='bbox 196 681 252 707; x_wconf 86' lang='lat' dir='ltr'>aut</span> <span class='ocrx_word' id='word_1_83' title='bbox 272 676 367 708; x_wconf 89' lang='lat' dir='ltr'>aliam</span> <span class='ocrx_word' id='word_1_84' title='bbox 391 677 550 718; x_wconf 86' lang='lat' dir='ltr'>quandam</span> <span class='ocrx_word' id='word_1_85' title='bbox 571 675 726 718; x_wconf 86' lang='lat' dir='ltr'>ejusmodi</span> <span class='ocrx_word' id='word_1_86' title='bbox 742 682 841 706; x_wconf 83' lang='lat' dir='ltr'>artem</span> <span class='ocrx_word' id='word_1_87' title='bbox 855 675 935 706; x_wconf 85' lang='lat' dir='ltr'>bene</span> <span class='ocrx_word' id='word_1_88' title='bbox 952 680 985 706; x_wconf 88' lang='lat' dir='ltr'>et</span> <span class='ocrx_word' id='word_1_89' title='bbox 1001 680 1088 707; x_wconf 88' lang='lat' dir='ltr'>recte</span> <span class='ocrx_word' id='word_1_90' title='bbox 1103 680 1235 706; x_wconf 88' lang='lat' dir='ltr'>tractare</span> <span class='ocrx_word' id='word_1_91' title='bbox 1251 675 1380 716; x_wconf 83' lang='lat' dir='ltr'>poterit,</span> <span class='ocrx_word' id='word_1_92' title='bbox 1390 674 1480 705; x_wconf 91' lang='lat' dir='ltr'>nullo</span> <span class='ocrx_word' id='word_1_93' title='bbox 1502 683 1566 703; x_wconf 85' lang='lat' dir='ltr'>non</span> <span class='ocrx_word' id='word_1_94' title='bbox 1583 682 1663 714; x_wconf 84' lang='lat' dir='ltr'>prae-</span> 
     </span>
     <span class='ocr_line' id='line_1_9' title="bbox 195 726 1665 773; baseline -0.003 -12"><span class='ocrx_word' id='word_1_95' title='bbox 195 730 329 762; x_wconf 74' lang='lat' dir='ltr'>stantior</span> <span class='ocrx_word' id='word_1_96' title='bbox 349 730 457 768; x_wconf 86' lang='lat' dir='ltr'>fuerit,</span> <span class='ocrx_word' id='word_1_97' title='bbox 473 741 514 762; x_wconf 87' lang='lat' dir='ltr'>ex</span> <span class='ocrx_word' id='word_1_98' title='bbox 537 731 587 761; x_wconf 88' lang='lat' dir='ltr'>his</span> <span class='ocrx_word' id='word_1_99' title='bbox 612 730 665 773; x_wconf 91' lang='lat' dir='ltr'>qui</span> <span class='ocrx_word' id='word_1_100' title='bbox 678 730 833 761; x_wconf 87' lang='lat' dir='ltr'>maximas</span> <span class='ocrx_word' id='word_1_101' title='bbox 852 740 945 770; x_wconf 85' lang='lat' dir='ltr'>opum</span> <span class='ocrx_word' id='word_1_102' title='bbox 970 729 1188 770; x_wconf 83' lang='lat' dir='ltr'>possessiones</span> <span class='ocrx_word' id='word_1_103' title='bbox 1213 728 1349 760; x_wconf 84' lang='lat' dir='ltr'>habent?</span> <span class='ocrx_word' id='word_1_104' title='bbox 1397 727 1460 765; x_wconf 84' lang='lat' dir='ltr'>Qui</span> <span class='ocrx_word' id='word_1_105' title='bbox 1484 736 1559 758; x_wconf 85' lang='lat' dir='ltr'>vero</span> <span class='ocrx_word' id='word_1_106' title='bbox 1582 726 1665 756; x_wconf 89' lang='lat' dir='ltr'>bene</span> 
     </span>
     <span class='ocr_line' id='line_1_10' title="bbox 196 782 1665 827; baseline -0.005 -11"><span class='ocrx_word' id='word_1_107' title='bbox 196 785 372 816; x_wconf 88' lang='lat' dir='ltr'>consultare</span> <span class='ocrx_word' id='word_1_108' title='bbox 388 790 505 827; x_wconf 89' lang='lat' dir='ltr'>potest,</span> <span class='ocrx_word' id='word_1_109' title='bbox 528 791 562 816; x_wconf 89' lang='lat' dir='ltr'>et</span> <span class='ocrx_word' id='word_1_110' title='bbox 575 785 643 827; x_wconf 88' lang='lat' dir='ltr'>ipse</span> <span class='ocrx_word' id='word_1_111' title='bbox 666 783 789 825; x_wconf 85' lang='lat' dir='ltr'><strong>sibiipsi</strong></span> <span class='ocrx_word' id='word_1_112' title='bbox 811 788 844 814; x_wconf 87' lang='lat' dir='ltr'>et</span> <span class='ocrx_word' id='word_1_113' title='bbox 861 783 928 820; x_wconf 89' lang='lat' dir='ltr'>alii,</span> <span class='ocrx_word' id='word_1_114' title='bbox 943 783 1102 824; x_wconf 87' lang='lat' dir='ltr'>quomodo</span> <span class='ocrx_word' id='word_1_115' title='bbox 1118 784 1238 824; x_wconf 85' lang='lat' dir='ltr'>optimo</span> <span class='ocrx_word' id='word_1_116' title='bbox 1260 792 1409 814; x_wconf 88' lang='lat' dir='ltr'>successu</span> <span class='ocrx_word' id='word_1_117' title='bbox 1426 782 1532 822; x_wconf 80' lang='lat' dir='ltr'>degat,</span> <span class='ocrx_word' id='word_1_118' title='bbox 1557 789 1665 811; x_wconf 89' lang='lat' dir='ltr'>nonne</span> 
     </span>
     <span class='ocr_line' id='line_1_11' title="bbox 195 836 1665 881; baseline -0.003 -12"><span class='ocrx_word' id='word_1_119' title='bbox 195 839 294 870; x_wconf 88' lang='lat' dir='ltr'>etiam</span> <span class='ocrx_word' id='word_1_120' title='bbox 309 839 477 880; x_wconf 86' lang='lat' dir='ltr'>disponere</span> <span class='ocrx_word' id='word_1_121' title='bbox 495 839 622 881; x_wconf 82' lang='lat' dir='ltr'>poterit,</span> <span class='ocrx_word' id='word_1_122' title='bbox 638 838 664 869; x_wconf 90' lang='lat' dir='ltr'>si</span> <span class='ocrx_word' id='word_1_123' title='bbox 680 840 738 869; x_wconf 87' lang='lat' dir='ltr'>hoc</span> <span class='ocrx_word' id='word_1_124' title='bbox 765 838 870 869; x_wconf 80' lang='lat' dir='ltr'>facere</span> <span class='ocrx_word' id='word_1_125' title='bbox 890 837 1046 867; x_wconf 83' lang='lat' dir='ltr'>voluerit?</span> <span class='ocrx_word' id='word_1_126' title='bbox 1096 836 1194 879; x_wconf 85' lang='lat'>[395]</span> <span class='ocrx_word' id='word_1_127' title='bbox 1220 837 1264 867; x_wconf 87' lang='lat' dir='ltr'>At</span> <span class='ocrx_word' id='word_1_128' title='bbox 1278 836 1422 878; x_wconf 82' lang='lat' dir='ltr'>Eryxias,</span> <span class='ocrx_word' id='word_1_129' title='bbox 1448 840 1584 876; x_wconf 82' lang='lat' dir='ltr'>excepto</span> <span class='ocrx_word' id='word_1_130' title='bbox 1601 843 1665 864; x_wconf 86' lang='lat' dir='ltr'>ser-</span> 
     </span>
     <span class='ocr_line' id='line_1_12' title="bbox 197 889 1667 934; baseline -0.004 -11"><span class='ocrx_word' id='word_1_131' title='bbox 197 903 303 929; x_wconf 87' lang='lat' dir='ltr'><strong>mone,</strong></span> <span class='ocrx_word' id='word_1_132' title='bbox 315 898 348 923; x_wconf 91' lang='lat' dir='ltr'>et</span> <span class='ocrx_word' id='word_1_133' title='bbox 362 894 494 924; x_wconf 88' lang='lat' dir='ltr'>sublatis</span> <span class='ocrx_word' id='word_1_134' title='bbox 509 893 623 930; x_wconf 87' lang='lat' dir='ltr'>oculis,</span> <span class='ocrx_word' id='word_1_135' title='bbox 635 893 726 923; x_wconf 80' lang='lat' dir='ltr'>velut</span> <span class='ocrx_word' id='word_1_136' title='bbox 740 891 852 934; x_wconf 71' lang='lat' dir='ltr'>injuria</span> <span class='ocrx_word' id='word_1_137' title='bbox 871 891 1004 922; x_wconf 82' lang='lat' dir='ltr'>affectus</span> <span class='ocrx_word' id='word_1_138' title='bbox 1017 897 1113 927; x_wconf 83' lang='lat' dir='ltr'>esset,</span> <span class='ocrx_word' id='word_1_139' title='bbox 1129 891 1177 921; x_wconf 90' lang='lat' dir='ltr'>Tu</span> <span class='ocrx_word' id='word_1_140' title='bbox 1195 891 1280 922; x_wconf 89' lang='lat' dir='ltr'>enim</span> <span class='ocrx_word' id='word_1_141' title='bbox 1298 889 1437 932; x_wconf 89' lang='lat' dir='ltr'>(inquit)</span> <span class='ocrx_word' id='word_1_142' title='bbox 1463 899 1482 920; x_wconf 96' lang='grc' dir='ltr'>ο</span> <span class='ocrx_word' id='word_1_143' title='bbox 1509 889 1667 924; x_wconf 77' lang='lat' dir='ltr'><strong>Socrates,</strong></span> 
     </span>
     <span class='ocr_line' id='line_1_13' title="bbox 196 944 1669 989; baseline -0.004 -12"><span class='ocrx_word' id='word_1_144' title='bbox 196 946 223 977; x_wconf 89' lang='lat' dir='ltr'>si</span> <span class='ocrx_word' id='word_1_145' title='bbox 240 952 271 978; x_wconf 90' lang='lat' dir='ltr'>te</span> <span class='ocrx_word' id='word_1_146' title='bbox 288 957 360 978; x_wconf 86' lang='lat' dir='ltr'>vera</span> <span class='ocrx_word' id='word_1_147' title='bbox 383 947 488 979; x_wconf 84' lang='lat' dir='ltr'>dicere</span> <span class='ocrx_word' id='word_1_148' title='bbox 507 951 676 989; x_wconf 82' lang='lat' dir='ltr'>oporteret,</span> <span class='ocrx_word' id='word_1_149' title='bbox 691 945 814 977; x_wconf 83' lang='lat' dir='ltr'>diceres</span> <span class='ocrx_word' id='word_1_150' title='bbox 837 951 870 977; x_wconf 85' lang='lat' dir='ltr'>te</span> <span class='ocrx_word' id='word_1_151' title='bbox 894 945 1008 981; x_wconf 81' lang='lat' dir='ltr'>Callia,</span> <span class='ocrx_word' id='word_1_152' title='bbox 1036 945 1211 986; x_wconf 89' lang='lat' dir='ltr'>Hipponici</span> <span class='ocrx_word' id='word_1_153' title='bbox 1237 944 1314 981; x_wconf 87' lang='lat' dir='ltr'>filio,</span> <span class='ocrx_word' id='word_1_154' title='bbox 1340 944 1488 975; x_wconf 80' lang='lat' dir='ltr'>ditiorem</span> <span class='ocrx_word' id='word_1_155' title='bbox 1517 952 1609 974; x_wconf 87' lang='lat' dir='ltr'>esse:</span> <span class='ocrx_word' id='word_1_156' title='bbox 1635 946 1669 972; x_wconf 84' lang='lat' dir='ltr'>et</span> 
     </span>
     <span class='ocr_line' id='line_1_14' title="bbox 198 995 1668 1042; baseline -0.003 -11"><span class='ocrx_word' id='word_1_157' title='bbox 198 1000 324 1042; x_wconf 88' lang='lat' dir='ltr'>quidem</span> <span class='ocrx_word' id='word_1_158' title='bbox 349 1010 413 1032; x_wconf 91' lang='lat' dir='ltr'>non</span> <span class='ocrx_word' id='word_1_159' title='bbox 429 1001 653 1042; x_wconf 88' lang='lat' dir='ltr'>imperitiorem</span> <span class='ocrx_word' id='word_1_160' title='bbox 669 1005 701 1030; x_wconf 93' lang='lat' dir='ltr'>te</span> <span class='ocrx_word' id='word_1_161' title='bbox 717 1009 785 1030; x_wconf 86' lang='lat' dir='ltr'>esse</span> <span class='ocrx_word' id='word_1_162' title='bbox 799 999 833 1030; x_wconf 91' lang='lat' dir='ltr'>in</span> <span class='ocrx_word' id='word_1_163' title='bbox 847 998 923 1029; x_wconf 90' lang='lat' dir='ltr'>ullis</span> <span class='ocrx_word' id='word_1_164' title='bbox 947 999 1093 1029; x_wconf 84' lang='lat' dir='ltr'>maximis</span> <span class='ocrx_word' id='word_1_165' title='bbox 1115 999 1208 1029; x_wconf 89' lang='lat' dir='ltr'>rebus</span> <span class='ocrx_word' id='word_1_166' title='bbox 1231 998 1437 1037; x_wconf 84' lang='lat' dir='ltr'>confitereris,</span> <span class='ocrx_word' id='word_1_167' title='bbox 1468 996 1524 1028; x_wconf 86' lang='lat' dir='ltr'>sed</span> <span class='ocrx_word' id='word_1_168' title='bbox 1538 995 1668 1038; x_wconf 87' lang='lat' dir='ltr'>sapien-</span> 
     </span>
     <span class='ocr_line' id='line_1_15' title="bbox 196 1050 1667 1096; baseline -0.004 -10"><span class='ocrx_word' id='word_1_169' title='bbox 196 1054 331 1086; x_wconf 80' lang='lat' dir='ltr'>tiorem:</span> <span class='ocrx_word' id='word_1_170' title='bbox 356 1060 388 1085; x_wconf 90' lang='lat' dir='ltr'>et</span> <span class='ocrx_word' id='word_1_171' title='bbox 400 1060 508 1086; x_wconf 89' lang='lat' dir='ltr'>tamen</span> <span class='ocrx_word' id='word_1_172' title='bbox 523 1055 624 1085; x_wconf 85' lang='lat' dir='ltr'>nihilo</span> <span class='ocrx_word' id='word_1_173' title='bbox 642 1054 741 1096; x_wconf 89' lang='lat' dir='ltr'>magis</span> <span class='ocrx_word' id='word_1_174' title='bbox 755 1058 884 1095; x_wconf 87' lang='lat' dir='ltr'>propter</span> <span class='ocrx_word' id='word_1_175' title='bbox 899 1054 958 1084; x_wconf 88' lang='lat' dir='ltr'>hoc</span> <span class='ocrx_word' id='word_1_176' title='bbox 982 1053 1078 1084; x_wconf 90' lang='lat' dir='ltr'>ditior</span> <span class='ocrx_word' id='word_1_177' title='bbox 1093 1063 1138 1086; x_wconf 81' lang='lat' dir='ltr'>es.</span> <span class='ocrx_word' id='word_1_178' title='bbox 1184 1053 1340 1084; x_wconf 74' lang='lat' dir='ltr'>Fortassis</span> <span class='ocrx_word' id='word_1_179' title='bbox 1357 1052 1505 1093; x_wconf 88' lang='lat' dir='ltr'>(inquam</span> <span class='ocrx_word' id='word_1_180' title='bbox 1526 1050 1604 1092; x_wconf 81' lang='lat' dir='ltr'>ego)</span> <span class='ocrx_word' id='word_1_181' title='bbox 1630 1054 1667 1080; x_wconf 92' lang='lat' dir='ltr'>tu</span> 
     </span>
     <span class='ocr_line' id='line_1_16' title="bbox 198 1105 1666 1151; baseline -0.003 -12"><span class='ocrx_word' id='word_1_182' title='bbox 198 1113 320 1150; x_wconf 80' lang='lat' dir='ltr'>putaso</span> <span class='ocrx_word' id='word_1_183' title='bbox 335 1109 533 1151; x_wconf 81' lang='lat' dir='ltr'>Eryxia,hos</span> <span class='ocrx_word' id='word_1_184' title='bbox 558 1119 718 1139; x_wconf 81' lang='lat' dir='ltr'>sermones</span> <span class='ocrx_word' id='word_1_185' title='bbox 734 1117 811 1150; x_wconf 85' lang='lat' dir='ltr'>quos</span> <span class='ocrx_word' id='word_1_186' title='bbox 833 1118 917 1138; x_wconf 88' lang='lat' dir='ltr'>nunc</span> <span class='ocrx_word' id='word_1_187' title='bbox 933 1107 1083 1138; x_wconf 88' lang='lat' dir='ltr'>habemus</span> <span class='ocrx_word' id='word_1_188' title='bbox 1097 1117 1167 1138; x_wconf 89' lang='lat' dir='ltr'>esse</span> <span class='ocrx_word' id='word_1_189' title='bbox 1192 1107 1312 1143; x_wconf 91' lang='lat' dir='ltr'>ludum,</span> <span class='ocrx_word' id='word_1_190' title='bbox 1329 1112 1363 1137; x_wconf 91' lang='lat' dir='ltr'>et</span> <span class='ocrx_word' id='word_1_191' title='bbox 1377 1105 1495 1147; x_wconf 77' lang='lat' dir='ltr'>alioqui</span> <span class='ocrx_word' id='word_1_192' title='bbox 1510 1115 1573 1136; x_wconf 88' lang='lat' dir='ltr'>non</span> <span class='ocrx_word' id='word_1_193' title='bbox 1590 1114 1666 1135; x_wconf 79' lang='lat' dir='ltr'>vere</span> 
     </span>
     <span class='ocr_line' id='line_1_17' title="bbox 197 1158 1670 1203; baseline -0.003 -11"><span class='ocrx_word' id='word_1_194' title='bbox 197 1162 242 1193; x_wconf 88' lang='lat' dir='ltr'>ita</span> <span class='ocrx_word' id='word_1_195' title='bbox 257 1173 290 1193; x_wconf 90' lang='lat' dir='ltr'>se</span> <span class='ocrx_word' id='word_1_196' title='bbox 306 1163 431 1199; x_wconf 87' lang='lat' dir='ltr'>habere,</span> <span class='ocrx_word' id='word_1_197' title='bbox 448 1163 503 1194; x_wconf 88' lang='lat' dir='ltr'>sed</span> <span class='ocrx_word' id='word_1_198' title='bbox 518 1173 588 1194; x_wconf 88' lang='lat' dir='ltr'>esse</span> <span class='ocrx_word' id='word_1_199' title='bbox 599 1163 690 1194; x_wconf 86' lang='lat' dir='ltr'>velut</span> <span class='ocrx_word' id='word_1_200' title='bbox 703 1162 737 1193; x_wconf 89' lang='lat' dir='ltr'>in</span> <span class='ocrx_word' id='word_1_201' title='bbox 751 1162 887 1193; x_wconf 84' lang='lat' dir='ltr'>talorum</span> <span class='ocrx_word' id='word_1_202' title='bbox 902 1161 977 1193; x_wconf 91' lang='lat' dir='ltr'>ludo</span> <span class='ocrx_word' id='word_1_203' title='bbox 987 1162 1078 1198; x_wconf 86' lang='lat' dir='ltr'>talos,</span> <span class='ocrx_word' id='word_1_204' title='bbox 1096 1172 1175 1203; x_wconf 90' lang='lat' dir='ltr'>quos</span> <span class='ocrx_word' id='word_1_205' title='bbox 1191 1161 1290 1203; x_wconf 87' lang='lat' dir='ltr'>siquis</span> <span class='ocrx_word' id='word_1_206' title='bbox 1302 1160 1409 1197; x_wconf 84' lang='lat' dir='ltr'>ducat,</span> <span class='ocrx_word' id='word_1_207' title='bbox 1426 1160 1551 1190; x_wconf 84' lang='lat' dir='ltr'>efficere</span> <span class='ocrx_word' id='word_1_208' title='bbox 1570 1158 1670 1200; x_wconf 84' lang='lat' dir='ltr'>possit</span> 
     </span>
     <span class='ocr_line' id='line_1_18' title="bbox 199 1212 1672 1258; baseline -0.003 -12"><span class='ocrx_word' id='word_1_209' title='bbox 199 1222 234 1246; x_wconf 90' lang='lat' dir='ltr'>ut</span> <span class='ocrx_word' id='word_1_210' title='bbox 249 1216 447 1248; x_wconf 72' lang='lat' dir='ltr'>colludentes</span> <span class='ocrx_word' id='word_1_211' title='bbox 461 1222 660 1258; x_wconf 75' lang='lat' dir='ltr'>superentur,</span> <span class='ocrx_word' id='word_1_212' title='bbox 687 1216 768 1247; x_wconf 85' lang='lat' dir='ltr'>adeo</span> <span class='ocrx_word' id='word_1_213' title='bbox 795 1222 831 1247; x_wconf 88' lang='lat' dir='ltr'>ut</span> <span class='ocrx_word' id='word_1_214' title='bbox 854 1226 916 1246; x_wconf 91' lang='lat' dir='ltr'>non</span> <span class='ocrx_word' id='word_1_215' title='bbox 942 1216 1081 1247; x_wconf 87' lang='lat' dir='ltr'>habeant</span> <span class='ocrx_word' id='word_1_216' title='bbox 1105 1226 1182 1257; x_wconf 83' lang='lat' dir='ltr'>quos</span> <span class='ocrx_word' id='word_1_217' title='bbox 1211 1221 1320 1246; x_wconf 87' lang='lat' dir='ltr'>contra</span> <span class='ocrx_word' id='word_1_218' title='bbox 1343 1216 1473 1247; x_wconf 81' lang='lat' dir='ltr'>ducant.</span> <span class='ocrx_word' id='word_1_219' title='bbox 1517 1212 1672 1244; x_wconf 83' lang='lat' dir='ltr'>Fortassis</span> 
     </span>
     <span class='ocr_line' id='line_1_19' title="bbox 198 1267 1669 1312; baseline -0.003 -12"><span class='ocrx_word' id='word_1_220' title='bbox 198 1269 295 1311; x_wconf 79' lang='lat' dir='ltr'>igitur</span> <span class='ocrx_word' id='word_1_221' title='bbox 310 1270 407 1301; x_wconf 87' lang='lat' dir='ltr'>etiam</span> <span class='ocrx_word' id='word_1_222' title='bbox 432 1270 473 1302; x_wconf 91' lang='lat' dir='ltr'>de</span> <span class='ocrx_word' id='word_1_223' title='bbox 494 1271 647 1301; x_wconf 79' lang='lat' dir='ltr'>divitibus</span> <span class='ocrx_word' id='word_1_224' title='bbox 662 1276 754 1312; x_wconf 82' lang='lat' dir='ltr'>putas</span> <span class='ocrx_word' id='word_1_225' title='bbox 771 1269 870 1300; x_wconf 79' lang='lat' dir='ltr'>nihilo</span> <span class='ocrx_word' id='word_1_226' title='bbox 885 1270 985 1311; x_wconf 86' lang='lat' dir='ltr'>magis</span> <span class='ocrx_word' id='word_1_227' title='bbox 999 1269 1045 1300; x_wconf 88' lang='lat' dir='ltr'>ita</span> <span class='ocrx_word' id='word_1_228' title='bbox 1068 1279 1131 1300; x_wconf 86' lang='lat' dir='ltr'>rem</span> <span class='ocrx_word' id='word_1_229' title='bbox 1159 1280 1193 1300; x_wconf 87' lang='lat' dir='ltr'>se</span> <span class='ocrx_word' id='word_1_230' title='bbox 1207 1269 1334 1305; x_wconf 88' lang='lat' dir='ltr'>habere,</span> <span class='ocrx_word' id='word_1_231' title='bbox 1348 1267 1403 1299; x_wconf 88' lang='lat' dir='ltr'>sed</span> <span class='ocrx_word' id='word_1_232' title='bbox 1419 1277 1577 1298; x_wconf 83' lang='lat' dir='ltr'>sermones</span> <span class='ocrx_word' id='word_1_233' title='bbox 1601 1276 1669 1297; x_wconf 86' lang='lat' dir='ltr'>esse</span> 
     </span>
     <span class='ocr_line' id='line_1_20' title="bbox 200 1321 1668 1367; baseline -0.003 -12"><span class='ocrx_word' id='word_1_234' title='bbox 200 1324 355 1365; x_wconf 88' lang='lat' dir='ltr'>quosdam</span> <span class='ocrx_word' id='word_1_235' title='bbox 369 1325 522 1367; x_wconf 88' lang='lat' dir='ltr'>ejusmodi</span> <span class='ocrx_word' id='word_1_236' title='bbox 543 1324 598 1366; x_wconf 89' lang='lat' dir='ltr'>qui</span> <span class='ocrx_word' id='word_1_237' title='bbox 621 1325 721 1355; x_wconf 87' lang='lat' dir='ltr'>nihilo</span> <span class='ocrx_word' id='word_1_238' title='bbox 745 1324 842 1365; x_wconf 81' lang='lat' dir='ltr'>magis</span> <span class='ocrx_word' id='word_1_239' title='bbox 864 1323 932 1354; x_wconf 84' lang='lat' dir='ltr'>veri</span> <span class='ocrx_word' id='word_1_240' title='bbox 954 1324 1018 1354; x_wconf 86' lang='lat' dir='ltr'>sint</span> <span class='ocrx_word' id='word_1_241' title='bbox 1041 1334 1138 1365; x_wconf 84' lang='lat' dir='ltr'>qnam</span> <span class='ocrx_word' id='word_1_242' title='bbox 1163 1323 1255 1354; x_wconf 84' lang='lat' dir='ltr'>falsi:</span> <span class='ocrx_word' id='word_1_243' title='bbox 1281 1323 1394 1364; x_wconf 84' lang='lat' dir='ltr'>quibus</span> <span class='ocrx_word' id='word_1_244' title='bbox 1421 1321 1554 1364; x_wconf 86' lang='lat' dir='ltr'>prolatis</span> <span class='ocrx_word' id='word_1_245' title='bbox 1575 1322 1668 1352; x_wconf 90' lang='lat' dir='ltr'>homo</span> 
     </span>
     <span class='ocr_line' id='line_1_21' title="bbox 200 1375 1673 1420; baseline -0.001 -13"><span class='ocrx_word' id='word_1_246' title='bbox 200 1378 490 1410; x_wconf 77' lang='lat' dir='ltr'>contradicentibus</span> <span class='ocrx_word' id='word_1_247' title='bbox 515 1378 657 1420; x_wconf 85' lang='lat' dir='ltr'>superior</span> <span class='ocrx_word' id='word_1_248' title='bbox 674 1379 800 1420; x_wconf 88' lang='lat' dir='ltr'>evadat,</span> <span class='ocrx_word' id='word_1_249' title='bbox 813 1378 897 1420; x_wconf 88' lang='lat' dir='ltr'>quod</span> <span class='ocrx_word' id='word_1_250' title='bbox 911 1377 1136 1419; x_wconf 87' lang='lat' dir='ltr'>sapientissimi</span> <span class='ocrx_word' id='word_1_251' title='bbox 1152 1377 1215 1407; x_wconf 76' lang='lat' dir='ltr'>sint</span> <span class='ocrx_word' id='word_1_252' title='bbox 1238 1376 1330 1408; x_wconf 90' lang='lat' dir='ltr'>nobis</span> <span class='ocrx_word' id='word_1_253' title='bbox 1344 1377 1437 1407; x_wconf 87' lang='lat' dir='ltr'>etiam</span> <span class='ocrx_word' id='word_1_254' title='bbox 1464 1375 1622 1411; x_wconf 86' lang='lat' dir='ltr'>ditissimi,</span> <span class='ocrx_word' id='word_1_255' title='bbox 1639 1380 1673 1406; x_wconf 91' lang='lat' dir='ltr'>et</span> 
     </span>
     <span class='ocr_line' id='line_1_22' title="bbox 201 1429 1672 1474; baseline -0.002 -11"><span class='ocrx_word' id='word_1_256' title='bbox 201 1432 286 1473; x_wconf 89' lang='lat' dir='ltr'>quod</span> <span class='ocrx_word' id='word_1_257' title='bbox 298 1433 354 1474; x_wconf 93' lang='lat' dir='ltr'>qui</span> <span class='ocrx_word' id='word_1_258' title='bbox 365 1433 440 1463; x_wconf 83' lang='lat' dir='ltr'>talia</span> <span class='ocrx_word' id='word_1_259' title='bbox 451 1433 531 1463; x_wconf 84' lang='lat' dir='ltr'>falsa</span> <span class='ocrx_word' id='word_1_260' title='bbox 554 1432 642 1470; x_wconf 80' lang='lat' dir='ltr'>dicit,</span> <span class='ocrx_word' id='word_1_261' title='bbox 652 1433 738 1464; x_wconf 88' lang='lat' dir='ltr'>dicat</span> <span class='ocrx_word' id='word_1_262' title='bbox 751 1443 790 1464; x_wconf 91' lang='lat' dir='ltr'>ea</span> <span class='ocrx_word' id='word_1_263' title='bbox 802 1443 872 1474; x_wconf 86' lang='lat' dir='ltr'>quae</span> <span class='ocrx_word' id='word_1_264' title='bbox 888 1438 962 1462; x_wconf 85' lang='lat' dir='ltr'>sunt</span> <span class='ocrx_word' id='word_1_265' title='bbox 973 1442 1057 1462; x_wconf 91' lang='lat' dir='ltr'>vera.</span> <span class='ocrx_word' id='word_1_266' title='bbox 1103 1431 1144 1462; x_wconf 91' lang='lat' dir='ltr'>Et</span> <span class='ocrx_word' id='word_1_267' title='bbox 1158 1432 1237 1462; x_wconf 86' lang='lat' dir='ltr'>nihil</span> <span class='ocrx_word' id='word_1_268' title='bbox 1260 1431 1399 1462; x_wconf 85' lang='lat' dir='ltr'>fortassis</span> <span class='ocrx_word' id='word_1_269' title='bbox 1413 1430 1482 1461; x_wconf 88' lang='lat' dir='ltr'>miri</span> <span class='ocrx_word' id='word_1_270' title='bbox 1497 1430 1538 1460; x_wconf 80' lang='lat' dir='ltr'>sit</span> <span class='ocrx_word' id='word_1_271' title='bbox 1551 1440 1557 1459; x_wconf 92' lang='lat'>:</span> <span class='ocrx_word' id='word_1_272' title='bbox 1583 1429 1672 1460; x_wconf 87' lang='lat' dir='ltr'>simi·</span> 
     </span>
     <span class='ocr_line' id='line_1_23' title="bbox 202 1483 1673 1522; baseline 0 -6"><span class='ocrx_word' id='word_1_273' title='bbox 202 1487 275 1517; x_wconf 85' lang='lat' dir='ltr'>liter</span> <span class='ocrx_word' id='word_1_274' title='bbox 285 1487 371 1517; x_wconf 85' lang='lat' dir='ltr'>velut</span> <span class='ocrx_word' id='word_1_275' title='bbox 385 1487 412 1517; x_wconf 91' lang='lat' dir='ltr'>si</span> <span class='ocrx_word' id='word_1_276' title='bbox 423 1487 485 1518; x_wconf 91' lang='lat' dir='ltr'>duo</span> <span class='ocrx_word' id='word_1_277' title='bbox 501 1486 645 1518; x_wconf 87' lang='lat' dir='ltr'>homines</span> <span class='ocrx_word' id='word_1_278' title='bbox 655 1488 696 1518; x_wconf 91' lang='lat' dir='ltr'>de</span> <span class='ocrx_word' id='word_1_279' title='bbox 712 1487 813 1518; x_wconf 86' lang='lat' dir='ltr'>literis</span> <span class='ocrx_word' id='word_1_280' title='bbox 823 1486 978 1522; x_wconf 88' lang='lat' dir='ltr'>dicerent,</span> <span class='ocrx_word' id='word_1_281' title='bbox 991 1492 1025 1517; x_wconf 90' lang='lat' dir='ltr'>et</span> <span class='ocrx_word' id='word_1_282' title='bbox 1040 1487 1120 1517; x_wconf 88' lang='lat' dir='ltr'>alter</span> <span class='ocrx_word' id='word_1_283' title='bbox 1131 1491 1288 1517; x_wconf 82' lang='lat' dir='ltr'>assereret</span> <span class='ocrx_word' id='word_1_284' title='bbox 1301 1486 1333 1516; x_wconf 91' lang='lat' dir='ltr'>in</span> <span class='ocrx_word' id='word_1_285' title='bbox 1347 1485 1475 1516; x_wconf 90' lang='lat' dir='ltr'>nomine</span> <span class='ocrx_word' id='word_1_286' title='bbox 1493 1483 1630 1515; x_wconf 84' lang='lat' dir='ltr'>Socratis</span> <span class='ocrx_word' id='word_1_287' title='bbox 1651 1495 1673 1516; x_wconf 88' lang='grc' dir='ltr'><em>σ</em></span> 
     </span>
     <span class='ocr_line' id='line_1_24' title="bbox 201 1540 1673 1583; baseline -0.002 -12"><span class='ocrx_word' id='word_1_288' title='bbox 201 1540 393 1582; x_wconf 87' lang='lat' dir='ltr'>principium</span> <span class='ocrx_word' id='word_1_289' title='bbox 417 1541 571 1578; x_wconf 81' lang='lat' dir='ltr'>obtinere,</span> <span class='ocrx_word' id='word_1_290' title='bbox 592 1542 680 1572; x_wconf 18' lang='lat' dir='ltr'>,alter</span> <span class='ocrx_word' id='word_1_291' title='bbox 696 1553 726 1577; x_wconf 84' lang='grc' dir='ltr'>α,</span> <span class='ocrx_word' id='word_1_292' title='bbox 741 1542 792 1572; x_wconf 90' lang='lat' dir='ltr'>hic</span> <span class='ocrx_word' id='word_1_293' title='bbox 807 1551 907 1572; x_wconf 90' lang='lat' dir='ltr'>sermo</span> <span class='ocrx_word' id='word_1_294' title='bbox 923 1541 1068 1583; x_wconf 87' lang='lat' dir='ltr'>superior</span> <span class='ocrx_word' id='word_1_295' title='bbox 1083 1540 1230 1571; x_wconf 83' lang='lat' dir='ltr'>evaderet</span> <span class='ocrx_word' id='word_1_296' title='bbox 1249 1540 1319 1582; x_wconf 89' lang='lat' dir='ltr'>ejus</span> <span class='ocrx_word' id='word_1_297' title='bbox 1334 1540 1388 1582; x_wconf 89' lang='lat' dir='ltr'>qui</span> <span class='ocrx_word' id='word_1_298' title='bbox 1411 1551 1432 1571; x_wconf 85' lang='grc' dir='ltr'>α</span> <span class='ocrx_word' id='word_1_299' title='bbox 1447 1543 1614 1575; x_wconf 87' lang='lat' dir='ltr'>assereret,</span> <span class='ocrx_word' id='word_1_300' title='bbox 1639 1543 1673 1568; x_wconf 87' lang='lat' dir='ltr'>et</span> 
     </span>
     <span class='ocr_line' id='line_1_25' title="bbox 203 1592 1670 1637; baseline -0.001 -13"><span class='ocrx_word' id='word_1_301' title='bbox 203 1603 269 1625; x_wconf 88' lang='lat' dir='ltr'>non</span> <span class='ocrx_word' id='word_1_302' title='bbox 288 1595 356 1637; x_wconf 85' lang='lat' dir='ltr'>ejus</span> <span class='ocrx_word' id='word_1_303' title='bbox 380 1595 434 1637; x_wconf 86' lang='lat' dir='ltr'>qui</span> <span class='ocrx_word' id='word_1_304' title='bbox 457 1606 480 1627; x_wconf 86' lang='grc' dir='ltr'><em>σ</em></span> <span class='ocrx_word' id='word_1_305' title='bbox 508 1595 700 1637; x_wconf 89' lang='lat' dir='ltr'>principium</span> <span class='ocrx_word' id='word_1_306' title='bbox 715 1596 833 1626; x_wconf 87' lang='lat' dir='ltr'>habere</span> <span class='ocrx_word' id='word_1_307' title='bbox 849 1595 981 1627; x_wconf 87' lang='lat' dir='ltr'>diceret.</span> <span class='ocrx_word' id='word_1_308' title='bbox 1026 1595 1073 1626; x_wconf 84' lang='lat' dir='ltr'>At</span> <span class='ocrx_word' id='word_1_309' title='bbox 1088 1594 1220 1637; x_wconf 81' lang='lat' dir='ltr'>Eryxias</span> <span class='ocrx_word' id='word_1_310' title='bbox 1237 1595 1277 1626; x_wconf 89' lang='lat' dir='ltr'>ad</span> <span class='ocrx_word' id='word_1_311' title='bbox 1293 1599 1466 1636; x_wconf 84' lang='lat' dir='ltr'>praesentes</span> <span class='ocrx_word' id='word_1_312' title='bbox 1479 1592 1670 1634; x_wconf 85' lang='lat' dir='ltr'>respiciens,</span> 
     </span>
     <span class='ocr_line' id='line_1_26' title="bbox 203 1647 1672 1691; baseline -0.001 -13"><span class='ocrx_word' id='word_1_313' title='bbox 203 1647 359 1690; x_wconf 88' lang='lat' dir='ltr'>simulque</span> <span class='ocrx_word' id='word_1_314' title='bbox 371 1649 476 1680; x_wconf 85' lang='lat' dir='ltr'>ridens</span> <span class='ocrx_word' id='word_1_315' title='bbox 491 1659 527 1681; x_wconf 89' lang='lat' dir='ltr'>ac</span> <span class='ocrx_word' id='word_1_316' title='bbox 543 1650 745 1686; x_wconf 83' lang='lat' dir='ltr'>erubescens,</span> <span class='ocrx_word' id='word_1_317' title='bbox 767 1650 857 1681; x_wconf 89' lang='lat' dir='ltr'>velut</span> <span class='ocrx_word' id='word_1_318' title='bbox 879 1660 898 1681; x_wconf 92' lang='lat' dir='ltr'>a</span> <span class='ocrx_word' id='word_1_319' title='bbox 913 1649 1059 1691; x_wconf 87' lang='lat' dir='ltr'>superius</span> <span class='ocrx_word' id='word_1_320' title='bbox 1076 1648 1169 1680; x_wconf 90' lang='lat' dir='ltr'>dictis</span> <span class='ocrx_word' id='word_1_321' title='bbox 1185 1649 1378 1685; x_wconf 85' lang='lat' dir='ltr'>vulneratus,</span> <span class='ocrx_word' id='word_1_322' title='bbox 1395 1648 1463 1689; x_wconf 84' lang='lat' dir='ltr'>Ego</span> <span class='ocrx_word' id='word_1_323' title='bbox 1478 1647 1630 1689; x_wconf 85' lang='lat' dir='ltr'>(inquit),</span> <span class='ocrx_word' id='word_1_324' title='bbox 1653 1656 1672 1677; x_wconf 96' lang='grc' dir='ltr'><strong>ο</strong></span> 
     </span>
     <span class='ocr_line' id='line_1_27' title="bbox 203 1701 1675 1746; baseline -0.001 -14"><span class='ocrx_word' id='word_1_325' title='bbox 203 1701 360 1740; x_wconf 86' lang='lat' dir='ltr'>Socrates,</span> <span class='ocrx_word' id='word_1_326' title='bbox 376 1714 441 1734; x_wconf 87' lang='lat' dir='ltr'>non</span> <span class='ocrx_word' id='word_1_327' title='bbox 457 1704 538 1735; x_wconf 89' lang='lat' dir='ltr'>tales</span> <span class='ocrx_word' id='word_1_328' title='bbox 553 1704 703 1746; x_wconf 87' lang='lat' dir='ltr'>putabam</span> <span class='ocrx_word' id='word_1_329' title='bbox 718 1715 787 1736; x_wconf 89' lang='lat' dir='ltr'>esse</span> <span class='ocrx_word' id='word_1_330' title='bbox 803 1709 946 1746; x_wconf 85' lang='lat' dir='ltr'>oportere</span> <span class='ocrx_word' id='word_1_331' title='bbox 963 1714 1136 1739; x_wconf 76' lang='lat' dir='ltr'>sermoneS,</span> <span class='ocrx_word' id='word_1_332' title='bbox 1151 1703 1266 1745; x_wconf 82' lang='lat' dir='ltr'>quibus</span> <span class='ocrx_word' id='word_1_333' title='bbox 1287 1713 1392 1744; x_wconf 90' lang='lat' dir='ltr'>neque</span> <span class='ocrx_word' id='word_1_334' title='bbox 1407 1701 1503 1733; x_wconf 88' lang='lat' dir='ltr'>alicui</span> <span class='ocrx_word' id='word_1_335' title='bbox 1531 1712 1569 1732; x_wconf 78' lang='lat' dir='ltr'>ex</span> <span class='ocrx_word' id='word_1_336' title='bbox 1593 1710 1675 1742; x_wconf 82' lang='lat' dir='ltr'>prae-</span> 
     </span>
     <span class='ocr_line' id='line_1_28' title="bbox 204 1753 1675 1800; baseline -0.001 -14"><span class='ocrx_word' id='word_1_337' title='bbox 204 1756 347 1787; x_wconf 83' lang='lat' dir='ltr'>sentibus</span> <span class='ocrx_word' id='word_1_338' title='bbox 362 1758 551 1798; x_wconf 88' lang='lat' dir='ltr'>persuadere</span> <span class='ocrx_word' id='word_1_339' title='bbox 567 1758 740 1799; x_wconf 87' lang='lat' dir='ltr'>quidpiam,</span> <span class='ocrx_word' id='word_1_340' title='bbox 756 1768 862 1800; x_wconf 90' lang='lat' dir='ltr'>neque</span> <span class='ocrx_word' id='word_1_341' title='bbox 879 1758 975 1789; x_wconf 90' lang='lat' dir='ltr'>etiam</span> <span class='ocrx_word' id='word_1_342' title='bbox 989 1758 1090 1789; x_wconf 86' lang='lat' dir='ltr'>ullam</span> <span class='ocrx_word' id='word_1_343' title='bbox 1103 1768 1143 1788; x_wconf 85' lang='lat' dir='ltr'>ex</span> <span class='ocrx_word' id='word_1_344' title='bbox 1157 1757 1236 1799; x_wconf 88' lang='lat' dir='ltr'>ipsis</span> <span class='ocrx_word' id='word_1_345' title='bbox 1265 1757 1439 1788; x_wconf 83' lang='lat' dir='ltr'>utilitatem</span> <span class='ocrx_word' id='word_1_346' title='bbox 1464 1765 1577 1797; x_wconf 87' lang='lat' dir='ltr'>capere</span> <span class='ocrx_word' id='word_1_347' title='bbox 1602 1753 1675 1797; x_wconf 89' lang='lat' dir='ltr'>quis</span> 
     </span>
     <span class='ocr_line' id='line_1_29' title="bbox 205 1808 1674 1854; baseline -0.001 -14"><span class='ocrx_word' id='word_1_348' title='bbox 205 1811 317 1852; x_wconf 85' lang='lat' dir='ltr'>possit.</span> <span class='ocrx_word' id='word_1_349' title='bbox 360 1811 442 1848; x_wconf 89' lang='lat' dir='ltr'>Quis</span> <span class='ocrx_word' id='word_1_350' title='bbox 457 1813 544 1843; x_wconf 90' lang='lat' dir='ltr'>enim</span> <span class='ocrx_word' id='word_1_351' title='bbox 561 1817 666 1843; x_wconf 88' lang='lat' dir='ltr'>mente</span> <span class='ocrx_word' id='word_1_352' title='bbox 681 1812 832 1853; x_wconf 86' lang='lat' dir='ltr'>praeditus</span> <span class='ocrx_word' id='word_1_353' title='bbox 859 1823 998 1854; x_wconf 88' lang='lat' dir='ltr'>unquam</span> <span class='ocrx_word' id='word_1_354' title='bbox 1015 1811 1195 1848; x_wconf 88' lang='lat' dir='ltr'>crediderit,</span> <span class='ocrx_word' id='word_1_355' title='bbox 1222 1811 1472 1853; x_wconf 84' lang='lat' dir='ltr'>sapientissimos</span> <span class='ocrx_word' id='word_1_356' title='bbox 1495 1808 1588 1840; x_wconf 86' lang='lat' dir='ltr'>nobis</span> <span class='ocrx_word' id='word_1_357' title='bbox 1603 1818 1674 1839; x_wconf 88' lang='lat' dir='ltr'>esse</span> 
     </span>
     <span class='ocr_line' id='line_1_30' title="bbox 206 1863 1677 1908; baseline -0.003 -12"><span class='ocrx_word' id='word_1_358' title='bbox 206 1866 304 1896; x_wconf 88' lang='lat' dir='ltr'>etiam</span> <span class='ocrx_word' id='word_1_359' title='bbox 319 1866 513 1897; x_wconf 81' lang='lat' dir='ltr'>ditissimos?</span> <span class='ocrx_word' id='word_1_360' title='bbox 561 1866 681 1898; x_wconf 89' lang='lat' dir='ltr'>Verum</span> <span class='ocrx_word' id='word_1_361' title='bbox 692 1867 796 1908; x_wconf 88' lang='lat' dir='ltr'>potius</span> <span class='ocrx_word' id='word_1_362' title='bbox 810 1867 850 1898; x_wconf 87' lang='lat' dir='ltr'>de</span> <span class='ocrx_word' id='word_1_363' title='bbox 867 1866 1053 1899; x_wconf 84' lang='lat' dir='ltr'>ditescendo</span> <span class='ocrx_word' id='word_1_364' title='bbox 1068 1867 1230 1908; x_wconf 88' lang='lat' dir='ltr'>disputare</span> <span class='ocrx_word' id='word_1_365' title='bbox 1245 1871 1402 1908; x_wconf 82' lang='lat' dir='ltr'>oportere,</span> <span class='ocrx_word' id='word_1_366' title='bbox 1412 1863 1496 1895; x_wconf 88' lang='lat' dir='ltr'>unde</span> <span class='ocrx_word' id='word_1_367' title='bbox 1508 1865 1677 1894; x_wconf 82' lang='lat' dir='ltr'>honesturn</span> 
     </span>
     <span class='ocr_line' id='line_1_31' title="bbox 206 1917 1676 1962; baseline -0.003 -12"><span class='ocrx_word' id='word_1_368' title='bbox 206 1919 249 1950; x_wconf 83' lang='lat' dir='ltr'>sit</span> <span class='ocrx_word' id='word_1_369' title='bbox 261 1919 427 1958; x_wconf 86' lang='lat' dir='ltr'>ditescere,</span> <span class='ocrx_word' id='word_1_370' title='bbox 444 1926 478 1952; x_wconf 87' lang='lat' dir='ltr'>et</span> <span class='ocrx_word' id='word_1_371' title='bbox 489 1922 576 1952; x_wconf 89' lang='lat' dir='ltr'>unde</span> <span class='ocrx_word' id='word_1_372' title='bbox 592 1926 684 1962; x_wconf 90' lang='lat' dir='ltr'>turpe</span> <span class='ocrx_word' id='word_1_373' title='bbox 698 1932 704 1950; x_wconf 92' lang='lat'>:</span> <span class='ocrx_word' id='word_1_374' title='bbox 729 1926 763 1951; x_wconf 90' lang='lat' dir='ltr'>et</span> <span class='ocrx_word' id='word_1_375' title='bbox 778 1922 836 1952; x_wconf 88' lang='lat' dir='ltr'>hoc</span> <span class='ocrx_word' id='word_1_376' title='bbox 853 1921 968 1962; x_wconf 76' lang='lat' dir='ltr'>ipsum,</span> <span class='ocrx_word' id='word_1_377' title='bbox 981 1920 1115 1951; x_wconf 86' lang='lat' dir='ltr'>divitem</span> <span class='ocrx_word' id='word_1_378' title='bbox 1130 1929 1200 1951; x_wconf 90' lang='lat' dir='ltr'>esse</span> <span class='ocrx_word' id='word_1_379' title='bbox 1214 1919 1384 1955; x_wconf 86' lang='lat' dir='ltr'>hominem,</span> <span class='ocrx_word' id='word_1_380' title='bbox 1401 1917 1477 1959; x_wconf 87' lang='lat' dir='ltr'>quid</span> <span class='ocrx_word' id='word_1_381' title='bbox 1493 1917 1550 1948; x_wconf 87' lang='lat' dir='ltr'>sit:</span> <span class='ocrx_word' id='word_1_382' title='bbox 1570 1921 1676 1947; x_wconf 84' lang='lat' dir='ltr'>utrum</span> 
     </span>
     <span class='ocr_line' id='line_1_32' title="bbox 207 1970 1679 2018; baseline -0.003 -14"><span class='ocrx_word' id='word_1_383' title='bbox 207 1974 327 2005; x_wconf 90' lang='lat' dir='ltr'>bonum</span> <span class='ocrx_word' id='word_1_384' title='bbox 346 1985 386 2005; x_wconf 88' lang='lat' dir='ltr'>an</span> <span class='ocrx_word' id='word_1_385' title='bbox 408 1975 537 2006; x_wconf 88' lang='lat' dir='ltr'>malum.</span> <span class='ocrx_word' id='word_1_386' title='bbox 582 1975 630 2006; x_wconf 86' lang='lat' dir='ltr'>Sit</span> <span class='ocrx_word' id='word_1_387' title='bbox 643 1976 689 2006; x_wconf 89' lang='lat' dir='ltr'>ita.</span> <span class='ocrx_word' id='word_1_388' title='bbox 714 1974 858 2017; x_wconf 89' lang='lat' dir='ltr'>(inquam</span> <span class='ocrx_word' id='word_1_389' title='bbox 881 1975 958 2018; x_wconf 91' lang='lat' dir='ltr'>ego)</span> <span class='ocrx_word' id='word_1_390' title='bbox 983 1975 1114 2016; x_wconf 87' lang='lat' dir='ltr'>proinde</span> <span class='ocrx_word' id='word_1_391' title='bbox 1137 1975 1178 2006; x_wconf 91' lang='lat' dir='ltr'>de</span> <span class='ocrx_word' id='word_1_392' title='bbox 1201 1979 1316 2005; x_wconf 82' lang='lat' dir='ltr'>caetero</span> <span class='ocrx_word' id='word_1_393' title='bbox 1342 1973 1402 2004; x_wconf 88' lang='lat' dir='ltr'>hoc</span> <span class='ocrx_word' id='word_1_394' title='bbox 1426 1970 1679 2002; x_wconf 80' lang='lat' dir='ltr'>observabimus.</span> 
     </span>
     <span class='ocr_line' id='line_1_33' title="bbox 210 2010 1676 2070; baseline -0.003 -11"><span class='ocrx_word' id='word_1_395' title='bbox 210 2027 315 2059; x_wconf 84' lang='lat' dir='ltr'>Recte</span> <span class='ocrx_word' id='word_1_396' title='bbox 329 2039 405 2060; x_wconf 84' lang='lat' dir='ltr'>vero</span> <span class='ocrx_word' id='word_1_397' title='bbox 419 2029 518 2060; x_wconf 87' lang='lat' dir='ltr'>etiam</span> <span class='ocrx_word' id='word_1_398' title='bbox 542 2035 575 2060; x_wconf 86' lang='lat' dir='ltr'>tu</span> <span class='ocrx_word' id='word_1_399' title='bbox 604 2029 683 2060; x_wconf 83' lang='lat' dir='ltr'>facis</span> <span class='ocrx_word' id='word_1_400' title='bbox 711 2030 794 2070; x_wconf 89' lang='lat' dir='ltr'>quod</span> <span class='ocrx_word' id='word_1_401' title='bbox 825 2029 988 2061; x_wconf 87' lang='lat' dir='ltr'>admones.</span> <span class='ocrx_word' id='word_1_402' title='bbox 1034 2028 1099 2060; x_wconf 89' lang='lat' dir='ltr'>Sed</span> <span class='ocrx_word' id='word_1_403' title='bbox 1128 2039 1185 2060; x_wconf 87' lang='lat' dir='ltr'>cur</span> <span class='ocrx_word' id='word_1_404' title='bbox 1211 2010 1277 2059; x_wconf 55' lang='lat' dir='ltr'>zion</span> <span class='ocrx_word' id='word_1_405' title='bbox 1306 2027 1386 2068; x_wconf 86' lang='lat' dir='ltr'>ipse,</span> <span class='ocrx_word' id='word_1_406' title='bbox 1417 2024 1676 2068; x_wconf 81' lang='lat' dir='ltr'>quandoquidem</span> 
     </span>
     <span class='ocr_line' id='line_1_34' title="bbox 209 2079 1680 2124; baseline -0.003 -11"><span class='ocrx_word' id='word_1_407' title='bbox 209 2091 383 2114; x_wconf 87' lang='lat' dir='ltr'>sermonem</span> <span class='ocrx_word' id='word_1_408' title='bbox 399 2083 561 2120; x_wconf 84' lang='lat' dir='ltr'>induxisti,</span> <span class='ocrx_word' id='word_1_409' title='bbox 576 2083 682 2114; x_wconf 87' lang='lat' dir='ltr'>dicere</span> <span class='ocrx_word' id='word_1_410' title='bbox 697 2093 863 2124; x_wconf 81' lang='lat' dir='ltr'>aggressus</span> <span class='ocrx_word' id='word_1_411' title='bbox 875 2094 909 2114; x_wconf 90' lang='lat' dir='ltr'>es</span> <span class='ocrx_word' id='word_1_412' title='bbox 924 2089 1031 2114; x_wconf 88' lang='lat' dir='ltr'>utrum</span> <span class='ocrx_word' id='word_1_413' title='bbox 1053 2083 1174 2114; x_wconf 88' lang='lat' dir='ltr'>bonum</span> <span class='ocrx_word' id='word_1_414' title='bbox 1195 2092 1235 2114; x_wconf 86' lang='lat' dir='ltr'>an</span> <span class='ocrx_word' id='word_1_415' title='bbox 1251 2081 1367 2112; x_wconf 86' lang='lat' dir='ltr'>malum</span> <span class='ocrx_word' id='word_1_416' title='bbox 1379 2081 1438 2112; x_wconf 87' lang='lat' dir='ltr'>tibi</span> <span class='ocrx_word' id='word_1_417' title='bbox 1453 2090 1521 2111; x_wconf 89' lang='lat' dir='ltr'>esse</span> <span class='ocrx_word' id='word_1_418' title='bbox 1537 2079 1680 2110; x_wconf 86' lang='lat' dir='ltr'>videatur</span> 
     </span>
     <span class='ocr_line' id='line_1_35' title="bbox 208 2132 1679 2179; baseline -0.002 -13"><span class='ocrx_word' id='word_1_419' title='bbox 208 2136 338 2167; x_wconf 88' lang='lat' dir='ltr'>divitem</span> <span class='ocrx_word' id='word_1_420' title='bbox 353 2146 422 2168; x_wconf 81' lang='lat' dir='ltr'>esse</span> <span class='ocrx_word' id='word_1_421' title='bbox 435 2137 446 2167; x_wconf 88' lang='lat'>?</span> <span class='ocrx_word' id='word_1_422' title='bbox 470 2137 727 2179; x_wconf 85' lang='lat' dir='ltr'>quandoquidem</span> <span class='ocrx_word' id='word_1_423' title='bbox 742 2147 817 2167; x_wconf 87' lang='lat' dir='ltr'>sane</span> <span class='ocrx_word' id='word_1_424' title='bbox 830 2138 1008 2179; x_wconf 69' lang='lat' dir='ltr'>superiores</span> <span class='ocrx_word' id='word_1_425' title='bbox 1019 2146 1181 2168; x_wconf 88' lang='lat' dir='ltr'>sermones</span> <span class='ocrx_word' id='word_1_426' title='bbox 1194 2145 1258 2167; x_wconf 91' lang='lat' dir='ltr'>non</span> <span class='ocrx_word' id='word_1_427' title='bbox 1273 2135 1313 2166; x_wconf 87' lang='lat' dir='ltr'>de</span> <span class='ocrx_word' id='word_1_428' title='bbox 1340 2136 1398 2166; x_wconf 84' lang='lat' dir='ltr'>hoc</span> <span class='ocrx_word' id='word_1_429' title='bbox 1423 2133 1500 2165; x_wconf 88' lang='lat' dir='ltr'>dicti</span> <span class='ocrx_word' id='word_1_430' title='bbox 1523 2143 1593 2164; x_wconf 87' lang='lat' dir='ltr'>esse</span> <span class='ocrx_word' id='word_1_431' title='bbox 1618 2132 1679 2163; x_wconf 87' lang='lat' dir='ltr'>tibi</span> 
     </span>
     <span class='ocr_line' id='line_1_36' title="bbox 208 2187 1677 2233; baseline -0.001 -13"><span class='ocrx_word' id='word_1_432' title='bbox 208 2190 368 2223; x_wconf 89' lang='lat' dir='ltr'>videntur.</span> <span class='ocrx_word' id='word_1_433' title='bbox 385 2191 468 2222; x_wconf 90' lang='lat' dir='ltr'>Mihi</span> <span class='ocrx_word' id='word_1_434' title='bbox 482 2191 591 2233; x_wconf 89' lang='lat' dir='ltr'>itaque</span> <span class='ocrx_word' id='word_1_435' title='bbox 601 2192 736 2229; x_wconf 84' lang='lat' dir='ltr'>videtur,</span> <span class='ocrx_word' id='word_1_436' title='bbox 750 2192 865 2232; x_wconf 87' lang='lat' dir='ltr'>inquit,</span> <span class='ocrx_word' id='word_1_437' title='bbox 872 2191 992 2222; x_wconf 89' lang='lat' dir='ltr'>bonum</span> <span class='ocrx_word' id='word_1_438' title='bbox 1003 2201 1083 2227; x_wconf 87' lang='lat' dir='ltr'>esse,</span> <span class='ocrx_word' id='word_1_439' title='bbox 1093 2190 1226 2222; x_wconf 83' lang='lat' dir='ltr'>divitem</span> <span class='ocrx_word' id='word_1_440' title='bbox 1233 2200 1316 2221; x_wconf 91' lang='lat' dir='ltr'>esse.</span> <span class='ocrx_word' id='word_1_441' title='bbox 1337 2189 1378 2220; x_wconf 78' lang='lat' dir='ltr'>Et</span> <span class='ocrx_word' id='word_1_442' title='bbox 1389 2199 1484 2230; x_wconf 88' lang='lat' dir='ltr'>quum</span> <span class='ocrx_word' id='word_1_443' title='bbox 1496 2188 1563 2230; x_wconf 91' lang='lat' dir='ltr'>ipse</span> <span class='ocrx_word' id='word_1_444' title='bbox 1574 2187 1677 2219; x_wconf 88' lang='lat' dir='ltr'>adhuc</span> 
     </span>
     <span class='ocr_line' id='line_1_37' title="bbox 209 2241 1679 2285; baseline -0.003 -10"><span class='ocrx_word' id='word_1_445' title='bbox 209 2244 285 2285; x_wconf 89' lang='lat' dir='ltr'>quid</span> <span class='ocrx_word' id='word_1_446' title='bbox 302 2244 409 2276; x_wconf 87' lang='lat' dir='ltr'>dicere</span> <span class='ocrx_word' id='word_1_447' title='bbox 431 2246 540 2283; x_wconf 87' lang='lat' dir='ltr'>vellet,</span> <span class='ocrx_word' id='word_1_448' title='bbox 557 2246 681 2277; x_wconf 89' lang='lat' dir='ltr'>obstitit</span> <span class='ocrx_word' id='word_1_449' title='bbox 696 2245 824 2282; x_wconf 79' lang='lat' dir='ltr'>Critias,</span> <span class='ocrx_word' id='word_1_450' title='bbox 839 2250 882 2282; x_wconf 87' lang='lat' dir='ltr'>et,</span> <span class='ocrx_word' id='word_1_451' title='bbox 894 2245 944 2277; x_wconf 89' lang='lat' dir='ltr'>Tu</span> <span class='ocrx_word' id='word_1_452' title='bbox 959 2255 1034 2276; x_wconf 86' lang='lat' dir='ltr'>vero</span> <span class='ocrx_word' id='word_1_453' title='bbox 1048 2245 1099 2276; x_wconf 86' lang='lat' dir='ltr'>dic</span> <span class='ocrx_word' id='word_1_454' title='bbox 1121 2245 1212 2282; x_wconf 90' lang='lat' dir='ltr'>mihi,</span> <span class='ocrx_word' id='word_1_455' title='bbox 1234 2244 1351 2285; x_wconf 88' lang='lat' dir='ltr'>inquit,</span> <span class='ocrx_word' id='word_1_456' title='bbox 1377 2252 1396 2273; x_wconf 95' lang='grc' dir='ltr'>ο</span> <span class='ocrx_word' id='word_1_457' title='bbox 1413 2241 1540 2284; x_wconf 83' lang='lat' dir='ltr'>Eryxia,</span> <span class='ocrx_word' id='word_1_458' title='bbox 1559 2241 1679 2272; x_wconf 91' lang='lat' dir='ltr'>bonum</span> 
     </span>
     <span class='ocr_line' id='line_1_38' title="bbox 209 2296 1679 2342; baseline -0.001 -14"><span class='ocrx_word' id='word_1_459' title='bbox 209 2308 280 2329; x_wconf 87' lang='lat' dir='ltr'>esse</span> <span class='ocrx_word' id='word_1_460' title='bbox 292 2303 383 2338; x_wconf 82' lang='lat' dir='ltr'>putas</span> <span class='ocrx_word' id='word_1_461' title='bbox 396 2299 528 2331; x_wconf 86' lang='lat' dir='ltr'>divitem</span> <span class='ocrx_word' id='word_1_462' title='bbox 540 2310 611 2331; x_wconf 84' lang='lat' dir='ltr'>esse</span> <span class='ocrx_word' id='word_1_463' title='bbox 623 2300 634 2330; x_wconf 86' lang='lat'>?</span> <span class='ocrx_word' id='word_1_464' title='bbox 662 2300 730 2342; x_wconf 83' lang='lat' dir='ltr'>Ego</span> <span class='ocrx_word' id='word_1_465' title='bbox 738 2301 892 2342; x_wconf 81' lang='lat' dir='ltr'>profecto,</span> <span class='ocrx_word' id='word_1_466' title='bbox 909 2309 967 2341; x_wconf 92' lang='lat' dir='ltr'>per</span> <span class='ocrx_word' id='word_1_467' title='bbox 981 2299 1001 2331; x_wconf 90' lang='lat' dir='ltr'>J</span> <span class='ocrx_word' id='word_1_468' title='bbox 1004 2310 1105 2330; x_wconf 81' lang='lat' dir='ltr'>ovem.</span> <span class='ocrx_word' id='word_1_469' title='bbox 1121 2298 1242 2339; x_wconf 86' lang='lat' dir='ltr'>alioqui</span> <span class='ocrx_word' id='word_1_470' title='bbox 1256 2298 1342 2328; x_wconf 90' lang='lat' dir='ltr'>enim</span> <span class='ocrx_word' id='word_1_471' title='bbox 1356 2296 1528 2328; x_wconf 83' lang='lat' dir='ltr'>insanirem</span> <span class='ocrx_word' id='word_1_472' title='bbox 1543 2307 1550 2325; x_wconf 88' lang='lat'>:</span> <span class='ocrx_word' id='word_1_473' title='bbox 1573 2300 1607 2327; x_wconf 83' lang='lat' dir='ltr'>et</span> <span class='ocrx_word' id='word_1_474' title='bbox 1620 2305 1679 2326; x_wconf 90' lang='lat' dir='ltr'>ne-</span> 
     </span>
     <span class='ocr_line' id='line_1_39' title="bbox 208 2351 1678 2395; baseline -0.002 -13"><span class='ocrx_word' id='word_1_475' title='bbox 208 2352 327 2383; x_wconf 84' lang='lat' dir='ltr'>minem</span> <span class='ocrx_word' id='word_1_476' title='bbox 339 2362 406 2384; x_wconf 78' lang='lat' dir='ltr'>esse</span> <span class='ocrx_word' id='word_1_477' title='bbox 418 2358 496 2394; x_wconf 89' lang='lat' dir='ltr'>puto</span> <span class='ocrx_word' id='word_1_478' title='bbox 512 2355 642 2395; x_wconf 77' lang='lat' dir='ltr'>quinon</span> <span class='ocrx_word' id='word_1_479' title='bbox 656 2355 716 2386; x_wconf 92' lang='lat' dir='ltr'>hoc</span> <span class='ocrx_word' id='word_1_480' title='bbox 730 2355 930 2386; x_wconf 83' lang='lat' dir='ltr'>confiteatur.</span> <span class='ocrx_word' id='word_1_481' title='bbox 954 2353 1067 2394; x_wconf 89' lang='lat' dir='ltr'>Atqui,</span> <span class='ocrx_word' id='word_1_482' title='bbox 1078 2353 1182 2394; x_wconf 89' lang='lat' dir='ltr'>inquit</span> <span class='ocrx_word' id='word_1_483' title='bbox 1197 2353 1289 2390; x_wconf 91' lang='lat' dir='ltr'>alter,</span> <span class='ocrx_word' id='word_1_484' title='bbox 1305 2357 1338 2383; x_wconf 86' lang='lat' dir='ltr'>et</span> <span class='ocrx_word' id='word_1_485' title='bbox 1353 2361 1412 2393; x_wconf 83' lang='lat' dir='ltr'>ego</span> <span class='ocrx_word' id='word_1_486' title='bbox 1428 2351 1590 2381; x_wconf 87' lang='lat' dir='ltr'>neminem</span> <span class='ocrx_word' id='word_1_487' title='bbox 1605 2359 1678 2380; x_wconf 87' lang='lat' dir='ltr'>esse</span> 
     </span>
     <span class='ocr_line' id='line_1_40' title="bbox 210 2404 1680 2449; baseline -0.001 -13"><span class='ocrx_word' id='word_1_488' title='bbox 210 2406 341 2437; x_wconf 89' lang='lat' dir='ltr'>arbitror</span> <span class='ocrx_word' id='word_1_489' title='bbox 353 2417 449 2448; x_wconf 91' lang='lat' dir='ltr'>qnem</span> <span class='ocrx_word' id='word_1_490' title='bbox 464 2418 528 2438; x_wconf 91' lang='lat' dir='ltr'>non</span> <span class='ocrx_word' id='word_1_491' title='bbox 543 2407 678 2439; x_wconf 83' lang='lat' dir='ltr'>efficiam</span> <span class='ocrx_word' id='word_1_492' title='bbox 693 2413 730 2439; x_wconf 89' lang='lat' dir='ltr'>ut</span> <span class='ocrx_word' id='word_1_493' title='bbox 745 2418 867 2439; x_wconf 88' lang='lat' dir='ltr'>mecum</span> <span class='ocrx_word' id='word_1_494' title='bbox 883 2408 1072 2444; x_wconf 84' lang='lat' dir='ltr'>consentiat,</span> <span class='ocrx_word' id='word_1_495' title='bbox 1088 2407 1246 2449; x_wconf 87' lang='lat' dir='ltr'>aliquibus</span> <span class='ocrx_word' id='word_1_496' title='bbox 1259 2405 1438 2437; x_wconf 86' lang='lat' dir='ltr'>hominibus</span> <span class='ocrx_word' id='word_1_497' title='bbox 1451 2405 1548 2446; x_wconf 84' lang='lat'>[396]</span> <span class='ocrx_word' id='word_1_498' title='bbox 1562 2404 1680 2435; x_wconf 86' lang='lat' dir='ltr'>malum</span> 
     </span>
     <span class='ocr_line' id='line_1_41' title="bbox 211 2458 1679 2503; baseline -0.001 -12"><span class='ocrx_word' id='word_1_499' title='bbox 211 2471 280 2492; x_wconf 87' lang='lat' dir='ltr'>esse</span> <span class='ocrx_word' id='word_1_500' title='bbox 295 2460 460 2492; x_wconf 83' lang='lat' dir='ltr'>ditescere.</span> <span class='ocrx_word' id='word_1_501' title='bbox 505 2461 537 2492; x_wconf 91' lang='lat' dir='ltr'>Si</span> <span class='ocrx_word' id='word_1_502' title='bbox 552 2462 636 2493; x_wconf 88' lang='lat' dir='ltr'>enim</span> <span class='ocrx_word' id='word_1_503' title='bbox 651 2462 770 2493; x_wconf 86' lang='lat' dir='ltr'>bonum</span> <span class='ocrx_word' id='word_1_504' title='bbox 786 2467 881 2498; x_wconf 88' lang='lat' dir='ltr'>esset,</span> <span class='ocrx_word' id='word_1_505' title='bbox 897 2471 962 2492; x_wconf 90' lang='lat' dir='ltr'>non</span> <span class='ocrx_word' id='word_1_506' title='bbox 977 2462 1087 2503; x_wconf 89' lang='lat' dir='ltr'>utique</span> <span class='ocrx_word' id='word_1_507' title='bbox 1110 2462 1229 2492; x_wconf 87' lang='lat' dir='ltr'>malum</span> <span class='ocrx_word' id='word_1_508' title='bbox 1253 2459 1442 2502; x_wconf 83' lang='lat' dir='ltr'>quibusdam</span> <span class='ocrx_word' id='word_1_509' title='bbox 1468 2464 1610 2490; x_wconf 86' lang='lat' dir='ltr'>nostrum</span> <span class='ocrx_word' id='word_1_510' title='bbox 1633 2458 1679 2489; x_wconf 88' lang='lat' dir='ltr'>vi-</span> 
     </span>
     <span class='ocr_line' id='line_1_42' title="bbox 213 2515 1680 2558; baseline -0.002 -13"><span class='ocrx_word' id='word_1_511' title='bbox 213 2515 352 2547; x_wconf 88' lang='lat' dir='ltr'>deretur.</span> <span class='ocrx_word' id='word_1_512' title='bbox 395 2515 551 2547; x_wconf 87' lang='lat' dir='ltr'>Dicebam</span> <span class='ocrx_word' id='word_1_513' title='bbox 568 2516 662 2558; x_wconf 87' lang='lat' dir='ltr'>igitur</span> <span class='ocrx_word' id='word_1_514' title='bbox 674 2516 715 2547; x_wconf 89' lang='lat' dir='ltr'>ad</span> <span class='ocrx_word' id='word_1_515' title='bbox 730 2517 827 2558; x_wconf 90' lang='lat' dir='ltr'>ipsos,</span> <span class='ocrx_word' id='word_1_516' title='bbox 850 2516 1006 2557; x_wconf 86' lang='lat' dir='ltr'>Equidem</span> <span class='ocrx_word' id='word_1_517' title='bbox 1021 2517 1048 2548; x_wconf 86' lang='lat' dir='ltr'>si</span> <span class='ocrx_word' id='word_1_518' title='bbox 1059 2516 1168 2547; x_wconf 89' lang='lat' dir='ltr'>dehoc</span> <span class='ocrx_word' id='word_1_519' title='bbox 1185 2515 1432 2551; x_wconf 83' lang='lat' dir='ltr'>contenderetis,</span> <span class='ocrx_word' id='word_1_520' title='bbox 1451 2521 1520 2545; x_wconf 90' lang='lat' dir='ltr'>uter</span> <span class='ocrx_word' id='word_1_521' title='bbox 1540 2518 1680 2543; x_wconf 79' lang='lat' dir='ltr'>vestrum</span> 
     </span>
     <span class='ocr_line' id='line_1_43' title="bbox 214 2557 1680 2613; baseline -0.001 -14"><span class='ocrx_word' id='word_1_522' title='bbox 214 2569 335 2600; x_wconf 86' lang='lat' dir='ltr'>veriora</span> <span class='ocrx_word' id='word_1_523' title='bbox 359 2569 445 2601; x_wconf 81' lang='lat' dir='ltr'>dicat</span> <span class='ocrx_word' id='word_1_524' title='bbox 469 2570 508 2601; x_wconf 91' lang='lat' dir='ltr'>de</span> <span class='ocrx_word' id='word_1_525' title='bbox 533 2571 740 2612; x_wconf 82' lang='lat' dir='ltr'>equitatione,</span> <span class='ocrx_word' id='word_1_526' title='bbox 756 2570 916 2613; x_wconf 91' lang='lat' dir='ltr'>quomodo</span> <span class='ocrx_word' id='word_1_527' title='bbox 936 2570 1007 2612; x_wconf 82' lang='lat' dir='ltr'>quis</span> <span class='ocrx_word' id='word_1_528' title='bbox 1035 2557 1155 2612; x_wconf 79' lang='lat' dir='ltr'>optime</span> <span class='ocrx_word' id='word_1_529' title='bbox 1172 2570 1281 2611; x_wconf 88' lang='lat' dir='ltr'>equita</span> <span class='ocrx_word' id='word_1_530' title='bbox 1303 2580 1337 2600; x_wconf 86' lang='lat' dir='ltr'>re</span> <span class='ocrx_word' id='word_1_531' title='bbox 1364 2568 1474 2610; x_wconf 87' lang='lat' dir='ltr'>possit,</span> <span class='ocrx_word' id='word_1_532' title='bbox 1499 2568 1526 2599; x_wconf 90' lang='lat' dir='ltr'>si</span> <span class='ocrx_word' id='word_1_533' title='bbox 1553 2566 1680 2608; x_wconf 87' lang='lat' dir='ltr'>quidem</span> 
     </span>
     <span class='ocr_line' id='line_1_44' title="bbox 214 2621 1681 2667; baseline -0.002 -14"><span class='ocrx_word' id='word_1_534' title='bbox 214 2624 282 2664; x_wconf 87' lang='lat' dir='ltr'>ipse</span> <span class='ocrx_word' id='word_1_535' title='bbox 307 2633 406 2665; x_wconf 87' lang='lat' dir='ltr'>eques</span> <span class='ocrx_word' id='word_1_536' title='bbox 436 2634 550 2662; x_wconf 85' lang='lat' dir='ltr'>essem,</span> <span class='ocrx_word' id='word_1_537' title='bbox 577 2625 646 2667; x_wconf 89' lang='lat' dir='ltr'>ipse</span> <span class='ocrx_word' id='word_1_538' title='bbox 671 2625 906 2657; x_wconf 85' lang='lat' dir='ltr'>contentionem</span> <span class='ocrx_word' id='word_1_539' title='bbox 939 2625 1022 2656; x_wconf 86' lang='lat' dir='ltr'>inter</span> <span class='ocrx_word' id='word_1_540' title='bbox 1043 2635 1100 2656; x_wconf 88' lang='lat' dir='ltr'>vos</span> <span class='ocrx_word' id='word_1_541' title='bbox 1130 2623 1277 2655; x_wconf 87' lang='lat' dir='ltr'>dirimere</span> <span class='ocrx_word' id='word_1_542' title='bbox 1305 2633 1444 2655; x_wconf 86' lang='lat' dir='ltr'>conarer.</span> <span class='ocrx_word' id='word_1_543' title='bbox 1489 2621 1681 2652; x_wconf 83' lang='lat' dir='ltr'>Erubescere</span> 
     </span>
     <span class='ocr_line' id='line_1_45' title="bbox 214 2675 1684 2721; baseline -0.003 -13"><span class='ocrx_word' id='word_1_544' title='bbox 214 2678 298 2709; x_wconf 88' lang='lat' dir='ltr'>enim</span> <span class='ocrx_word' id='word_1_545' title='bbox 325 2678 353 2709; x_wconf 93' lang='lat' dir='ltr'>si</span> <span class='ocrx_word' id='word_1_546' title='bbox 366 2688 430 2709; x_wconf 92' lang='lat' dir='ltr'>non</span> <span class='ocrx_word' id='word_1_547' title='bbox 452 2684 604 2720; x_wconf 87' lang='lat' dir='ltr'>qnantum</span> <span class='ocrx_word' id='word_1_548' title='bbox 627 2689 753 2721; x_wconf 89' lang='lat' dir='ltr'>possem</span> <span class='ocrx_word' id='word_1_549' title='bbox 776 2689 918 2721; x_wconf 75' lang='lat' dir='ltr'>praesens</span> <span class='ocrx_word' id='word_1_550' title='bbox 939 2679 1171 2710; x_wconf 87' lang='lat' dir='ltr'>dissensionem</span> <span class='ocrx_word' id='word_1_551' title='bbox 1189 2678 1395 2720; x_wconf 85' lang='lat' dir='ltr'>impedirem:</span> <span class='ocrx_word' id='word_1_552' title='bbox 1421 2682 1476 2708; x_wconf 84' lang='lat' dir='ltr'>aut</span> <span class='ocrx_word' id='word_1_553' title='bbox 1505 2676 1529 2706; x_wconf 88' lang='lat' dir='ltr'>si</span> <span class='ocrx_word' id='word_1_554' title='bbox 1553 2675 1592 2706; x_wconf 86' lang='lat' dir='ltr'>de</span> <span class='ocrx_word' id='word_1_555' title='bbox 1621 2675 1684 2705; x_wconf 83' lang='lat' dir='ltr'>alia</span> 
     </span>
     <span class='ocr_line' id='line_1_46' title="bbox 214 2729 1684 2773; baseline -0.003 -10"><span class='ocrx_word' id='word_1_556' title='bbox 214 2742 403 2773; x_wconf 88' lang='lat' dir='ltr'>quacunque</span> <span class='ocrx_word' id='word_1_557' title='bbox 428 2742 461 2762; x_wconf 92' lang='lat' dir='ltr'>re</span> <span class='ocrx_word' id='word_1_558' title='bbox 474 2732 718 2770; x_wconf 85' lang='lat' dir='ltr'>contenderetis,</span> <span class='ocrx_word' id='word_1_559' title='bbox 729 2739 762 2764; x_wconf 91' lang='lat' dir='ltr'>et</span> <span class='ocrx_word' id='word_1_560' title='bbox 777 2734 816 2763; x_wconf 84' lang='lat' dir='ltr'>de</span> <span class='ocrx_word' id='word_1_561' title='bbox 833 2743 872 2765; x_wconf 88' lang='lat' dir='ltr'>ea</span> <span class='ocrx_word' id='word_1_562' title='bbox 891 2742 956 2763; x_wconf 92' lang='lat' dir='ltr'>non</span> <span class='ocrx_word' id='word_1_563' title='bbox 973 2732 1205 2768; x_wconf 85' lang='lat' dir='ltr'>consentiretis,</span> <span class='ocrx_word' id='word_1_564' title='bbox 1227 2732 1327 2762; x_wconf 87' lang='lat' dir='ltr'>nihilo</span> <span class='ocrx_word' id='word_1_565' title='bbox 1356 2731 1454 2772; x_wconf 84' lang='lat' dir='ltr'>magis</span> <span class='ocrx_word' id='word_1_566' title='bbox 1482 2729 1603 2760; x_wconf 89' lang='lat' dir='ltr'>inimici</span> <span class='ocrx_word' id='word_1_567' title='bbox 1628 2737 1684 2769; x_wconf 88' lang='lat' dir='ltr'>pro</span> 
     </span>
     <span class='ocr_line' id='line_1_47' title="bbox 217 2784 1684 2828; baseline -0.003 -12"><span class='ocrx_word' id='word_1_568' title='bbox 217 2786 326 2817; x_wconf 81' lang='lat' dir='ltr'>amicis</span> <span class='ocrx_word' id='word_1_569' title='bbox 341 2786 510 2817; x_wconf 81' lang='lat' dir='ltr'>discessuri</span> <span class='ocrx_word' id='word_1_570' title='bbox 526 2788 649 2817; x_wconf 76' lang='lat' dir='ltr'>essetis.</span> <span class='ocrx_word' id='word_1_571' title='bbox 695 2787 789 2818; x_wconf 86' lang='lat' dir='ltr'>Nunc</span> <span class='ocrx_word' id='word_1_572' title='bbox 804 2793 910 2818; x_wconf 88' lang='lat' dir='ltr'>autem</span> <span class='ocrx_word' id='word_1_573' title='bbox 927 2797 996 2818; x_wconf 87' lang='lat' dir='ltr'>curu</span> <span class='ocrx_word' id='word_1_574' title='bbox 1011 2786 1050 2817; x_wconf 92' lang='lat' dir='ltr'>de</span> <span class='ocrx_word' id='word_1_575' title='bbox 1067 2785 1224 2828; x_wconf 84' lang='lat' dir='ltr'>ejusmodi</span> <span class='ocrx_word' id='word_1_576' title='bbox 1240 2796 1272 2816; x_wconf 90' lang='lat' dir='ltr'>re</span> <span class='ocrx_word' id='word_1_577' title='bbox 1299 2784 1511 2819; x_wconf 83' lang='lat' dir='ltr'>contendatis,</span> <span class='ocrx_word' id='word_1_578' title='bbox 1541 2792 1603 2823; x_wconf 88' lang='lat' dir='ltr'>qua</span> <span class='ocrx_word' id='word_1_579' title='bbox 1628 2791 1684 2823; x_wconf 86' lang='lat' dir='ltr'>per</span> 
     </span>
     <span class='ocr_line' id='line_1_48' title="bbox 219 2836 1685 2884; baseline -0.002 -15"><span class='ocrx_word' id='word_1_580' title='bbox 219 2845 317 2870; x_wconf 88' lang='lat' dir='ltr'>totam</span> <span class='ocrx_word' id='word_1_581' title='bbox 330 2841 427 2871; x_wconf 87' lang='lat' dir='ltr'>vitam</span> <span class='ocrx_word' id='word_1_582' title='bbox 442 2840 488 2871; x_wconf 91' lang='lat' dir='ltr'>uti</span> <span class='ocrx_word' id='word_1_583' title='bbox 504 2851 636 2872; x_wconf 85' lang='lat' dir='ltr'>necesse</span> <span class='ocrx_word' id='word_1_584' title='bbox 651 2847 713 2884; x_wconf 83' lang='lat' dir='ltr'>cst,</span> <span class='ocrx_word' id='word_1_585' title='bbox 729 2847 762 2872; x_wconf 89' lang='lat' dir='ltr'>et</span> <span class='ocrx_word' id='word_1_586' title='bbox 776 2842 911 2872; x_wconf 89' lang='lat' dir='ltr'>multum</span> <span class='ocrx_word' id='word_1_587' title='bbox 926 2841 1042 2872; x_wconf 84' lang='lat' dir='ltr'>referat</span> <span class='ocrx_word' id='word_1_588' title='bbox 1056 2846 1159 2871; x_wconf 89' lang='lat' dir='ltr'>utrum</span> <span class='ocrx_word' id='word_1_589' title='bbox 1174 2839 1242 2880; x_wconf 78' lang='lat' dir='ltr'>ejus</span> <span class='ocrx_word' id='word_1_590' title='bbox 1256 2849 1329 2870; x_wconf 85' lang='lat' dir='ltr'>cura</span> <span class='ocrx_word' id='word_1_591' title='bbox 1344 2837 1489 2869; x_wconf 78' lang='lat' dir='ltr'>habenda</span> <span class='ocrx_word' id='word_1_592' title='bbox 1512 2837 1565 2871; x_wconf 89' lang='lat' dir='ltr'>sit,</span> <span class='ocrx_word' id='word_1_593' title='bbox 1595 2836 1685 2867; x_wconf 76' lang='lat' dir='ltr'>velut</span> 
     </span>
     <span class='ocr_line' id='line_1_49' title="bbox 217 2890 1683 2931; baseline -0.001 -8"><span class='ocrx_word' id='word_1_594' title='bbox 217 2894 263 2924; x_wconf 84' lang='lat' dir='ltr'>rei</span> <span class='ocrx_word' id='word_1_595' title='bbox 279 2893 380 2930; x_wconf 78' lang='lat' dir='ltr'>utilis,</span> <span class='ocrx_word' id='word_1_596' title='bbox 395 2905 433 2924; x_wconf 94' lang='lat' dir='ltr'>an</span> <span class='ocrx_word' id='word_1_597' title='bbox 449 2905 553 2931; x_wconf 84' lang='lat' dir='ltr'>secus,</span> <span class='ocrx_word' id='word_1_598' title='bbox 570 2900 602 2926; x_wconf 84' lang='lat' dir='ltr'>ct</span> <span class='ocrx_word' id='word_1_599' title='bbox 617 2896 677 2926; x_wconf 88' lang='lat' dir='ltr'>hoc</span> <span class='ocrx_word' id='word_1_600' title='bbox 693 2906 765 2927; x_wconf 87' lang='lat' dir='ltr'>curn</span> <span class='ocrx_word' id='word_1_601' title='bbox 781 2905 845 2926; x_wconf 87' lang='lat' dir='ltr'>non</span> <span class='ocrx_word' id='word_1_602' title='bbox 862 2895 937 2925; x_wconf 83' lang='lat' dir='ltr'>vilia</span> <span class='ocrx_word' id='word_1_603' title='bbox 950 2896 1029 2930; x_wconf 80' lang='lat' dir='ltr'>lraec,</span> <span class='ocrx_word' id='word_1_604' title='bbox 1047 2895 1102 2924; x_wconf 83' lang='lat' dir='ltr'>sed</span> <span class='ocrx_word' id='word_1_605' title='bbox 1119 2894 1258 2924; x_wconf 82' lang='lat' dir='ltr'>maxima</span> <span class='ocrx_word' id='word_1_606' title='bbox 1272 2892 1394 2924; x_wconf 72' lang='lat' dir='ltr'>Graecis</span> <span class='ocrx_word' id='word_1_607' title='bbox 1410 2901 1479 2921; x_wconf 84' lang='lat' dir='ltr'>csse</span> <span class='ocrx_word' id='word_1_608' title='bbox 1504 2890 1683 2921; x_wconf 82' lang='lat' dir='ltr'>videantur.</span> 
     </span>
    </p>
   </div>
   <div class='ocr_carea' id='block_1_3' title="bbox 218 2943 1683 3034">
    <p class='ocr_par' dir='ltr' id='par_1_3' title="bbox 218 2943 1683 3034">
     <span class='ocr_line' id='line_1_50' title="bbox 218 2943 1683 2992; baseline -0.003 -14"><span class='ocrx_word' id='word_1_609' title='bbox 218 2947 376 2989; x_wconf 86' lang='lat' dir='ltr'>Equidem</span> <span class='ocrx_word' id='word_1_610' title='bbox 391 2957 497 2989; x_wconf 82' lang='lat' dir='ltr'>patres</span> <span class='ocrx_word' id='word_1_611' title='bbox 511 2949 549 2981; x_wconf 84' lang='lat' dir='ltr'>de</span> <span class='ocrx_word' id='word_1_612' title='bbox 565 2950 623 2981; x_wconf 88' lang='lat' dir='ltr'>hoc</span> <span class='ocrx_word' id='word_1_613' title='bbox 639 2949 772 2992; x_wconf 84' lang='lat' dir='ltr'>primum</span> <span class='ocrx_word' id='word_1_614' title='bbox 789 2949 870 2981; x_wconf 81' lang='lat' dir='ltr'>filios</span> <span class='ocrx_word' id='word_1_615' title='bbox 887 2960 959 2981; x_wconf 77' lang='lat' dir='ltr'>suos</span> <span class='ocrx_word' id='word_1_616' title='bbox 976 2948 1160 2984; x_wconf 81' lang='lat' dir='ltr'>admonent,</span> <span class='ocrx_word' id='word_1_617' title='bbox 1174 2952 1207 2979; x_wconf 89' lang='lat' dir='ltr'>ut</span> <span class='ocrx_word' id='word_1_618' title='bbox 1221 2947 1275 2979; x_wconf 88' lang='lat' dir='ltr'>ubi</span> <span class='ocrx_word' id='word_1_619' title='bbox 1292 2947 1329 2977; x_wconf 79' lang='lat' dir='ltr'>ad</span> <span class='ocrx_word' id='word_1_620' title='bbox 1345 2951 1469 2976; x_wconf 78' lang='lat' dir='ltr'>aetatcru</span> <span class='ocrx_word' id='word_1_621' title='bbox 1481 2943 1683 2986; x_wconf 83' lang='lat' dir='ltr'>pervenerint</span> 
     </span>
     <span class='ocr_line' id='line_1_51' title="bbox 314 2997 1598 3034; baseline -0.003 0"><span class='ocrx_word' id='word_1_622' title='bbox 314 3003 402 3034; x_wconf 65' lang='lat' dir='ltr'>Prae.</span> <span class='ocrx_word' id='word_1_623' title='bbox 423 3003 477 3033; x_wconf 90' lang='lat' dir='ltr'>Tr.</span> <span class='ocrx_word' id='word_1_624' title='bbox 958 3003 1002 3034; x_wconf 83' lang='lat'>11.</span> <span class='ocrx_word' id='word_1_625' title='bbox 1534 3001 1552 3030; x_wconf 86' lang='lat'><strong>3</strong></span> <span class='ocrx_word' id='word_1_626' title='bbox 1570 2997 1598 3030; x_wconf 79' lang='lat' dir='ltr'>U</span> 
     </span>
    </p>
   </div>
  </div>
 </body>
</html>
