1840 3225
239 193 333 243 378]
511 194 584 232 DE
613 193 862 241 VIRTUTE,
891 194 966 231 AN
997 192 1205 232 DOCERI
1235 192 1436 247 POSSIT.
1606 194 1682 231 511

235 294 366 330 apparet
381 300 418 320 ex
435 290 493 321 hac
507 291 641 322 ratione.
686 290 848 321 Audivisti
866 290 962 330 igitur
975 289 1000 319 T
1004 289 1178 320 hemistocli
1195 289 1289 320 fuisse
1304 290 1403 320 filium
1430 289 1662 331 Cleophantum
1676 290 1686 319 ,²

238 341 366 373 Audivi.
411 343 527 375 Nonne
541 354 643 385 neque
658 345 722 375 filio
736 343 900 374 invidisset
920 343 1148 373 Themistocles
1165 348 1198 373 ut
1211 343 1347 384 optimus
1374 344 1475 374 faetus
1502 344 1602 373 esset?
1632 343 1685 383 qni

235 406 311 427 sane
327 398 406 428 nulli
422 398 475 428 alii
489 398 661 433 invidebat,
690 398 718 427 si
744 397 873 438 quidem
896 397 997 426 bonus
1020 401 1097 426 erat.
1119 402 1187 426 erat
1207 402 1326 432 autem,
1350 403 1385 427 ut
1412 397 1558 428 diximus.
1604 396 1688 426 Erat.

235 449 329 481 Nosti
344 450 437 492 igitur
461 451 545 492 quod
559 451 789 482 Themistocles
805 450 906 480 filium
925 459 1015 480 suum
1030 450 1146 484 docuit,
1163 450 1299 490 equitem
1316 451 1491 491 sapientem
1512 461 1548 481 ac
1570 450 1687 481 bonum

235 513 305 534 esse
321 516 327 534 :
344 510 379 535 ut
393 504 523 545 quidem
538 514 712 536 conscenso
723 514 805 545 equo
821 507 944 534 erectus
959 503 992 533 in
1003 513 1040 533 eo
1053 507 1151 533 staret
1161 503 1227 539 ille,
1244 508 1276 533 et
1289 504 1326 534 ab
1338 505 1427 544 equis
1437 504 1688 546 erectusjacula-

234 562 328 594 retur,
345 563 378 588 et
391 557 452 588 alia
463 559 563 588 multa
577 569 614 588 ac
626 557 806 588 admiranda
821 556 939 588 faceret
954 568 960 586 :
974 556 1029 587 sed
1043 561 1078 587 et
1093 556 1155 586 alia
1169 556 1380 597 multaipsum
1395 558 1536 593 edocuit,
1551 568 1587 588 ac
1603 557 1686 598 sapi-

234 616 339 642 entem
364 611 449 648 fecit,
464 612 497 642 in
512 611 624 653 quibus
636 611 856 653 praestantibus
874 611 1026 652 magistris
1039 610 1222 641 inhaerebat.
1246 621 1284 640 an
1302 611 1370 641 haec
1385 622 1422 642 ex
1438 611 1610 642 senioribus
1621 621 1686 641 non

235 664 404 695 audivisti?
451 664 584 696 Audivi.
627 665 703 696 Non
723 675 799 705 ergo
826 671 968 695 naturam
989 664 1045 694 filii
1073 664 1174 706 ipsius
1195 673 1341 695 accusare
1357 665 1425 705 quis
1441 666 1558 705 poterit
1574 665 1686 695 malam

233 717 339 749 fuisse.
384 719 459 749 Non
474 719 620 760 equidem
631 718 732 760 juste,
748 730 785 749 ex
800 719 849 749 his
863 730 933 759 quae
959 724 992 749 tu
1010 718 1100 750 dicis.
1146 718 1240 754 Quod
1254 728 1328 749 vero
1353 719 1580 759 Cleophantus,
1603 719 1686 748 The-

234 772 386 802 mistoclis
401 773 494 809 filius,
516 773 564 803 vir
584 774 686 804 bonus
697 779 729 804 et
744 774 871 814 sapiens
892 773 985 804 fuerit
1004 773 1037 803 in
1059 773 1107 803 his
1127 773 1160 803 in
1183 772 1296 813 quibus
1326 777 1415 813 pater
1436 772 1534 813 ipsius
1562 773 1688 812 sapiens

232 831 311 862 erat,
329 826 429 857 hocne
439 827 502 868 jam
521 837 539 856 a
549 826 674 868 juniore
685 833 740 858 aut
754 828 874 858 seniore
891 828 996 867 aliquo
1011 826 1160 858 audivisti
1175 826 1185 856 ?
1232 825 1307 856 Non
1323 826 1440 857 audivi.
1484 826 1568 856 Num
1593 826 1688 867 igitur

233 879 300 910 haec
311 880 438 920 quidem
449 886 592 922 putamus
605 880 711 921 ipsum
726 881 862 912 voluisse
876 881 975 911 filium
990 891 1079 910 suurn
1093 881 1207 912 docere
1220 892 1227 910 :
1244 879 1277 909 in
1291 891 1353 922 qua
1364 891 1436 911 vero
1448 879 1604 920 sapientia
1618 879 1687 919 ipse

232 933 359 974 sapiens
374 939 452 970 erat,
468 934 567 964 nihilo
582 934 744 965 meliorem
759 935 863 975 ipsum
890 934 955 964 ullo
981 934 1085 964 vicino
1112 934 1227 971 facere,
1253 936 1280 965 si
1303 934 1432 976 quidem
1457 933 1563 964 doceri
1590 933 1688 963 virtus

234 988 360 1027 posset?
405 987 614 1028 Nequaquam
641 987 810 1018 verisimile
826 993 885 1018 est.
930 987 992 1018 Hic
1008 987 1113 1028 itaque
1129 988 1202 1018 talis
1217 989 1277 1019 tibi
1298 987 1420 1019 virtutis
1436 987 1544 1018 doctor
1563 991 1622 1022 est,
1647 986 1687 1017 de

233 1050 295 1081 quo
311 1041 426 1072 dixisti,
451 1042 548 1072 alium
564 1052 635 1072 vero
652 1041 883 1072 consideremus
892 1041 1078 1077 Aristidem,
1094 1041 1148 1081 qui
1158 1042 1302 1072 educavit
1315 1042 1444 1083 quidem
1455 1041 1688 1082 Lysimachum,

232 1098 266 1124 et
280 1095 417 1126 erudivit
430 1096 548 1136 optime
564 1095 701 1126 omnium
716 1094 971 1131 Atheniensium,
988 1095 1021 1125 in
1044 1095 1091 1125 his
1107 1095 1220 1136 quibus
1235 1096 1392 1137 magistris
1408 1095 1587 1126 adhaerebat
1601 1106 1608 1124 τ
1634 1095 1689 1125 sed

232 1148 334 1179 virum
348 1149 437 1180 nullo
452 1149 615 1180 meliorem
626 1149 714 1180 fecit.
756 1149 852 1179 Hunc
868 1149 950 1179 enim
966 1154 1000 1179 et
1009 1153 1044 1178 tu
1059 1153 1091 1179 et
1105 1159 1165 1189 ego
1179 1149 1327 1185 vidimus,
1344 1155 1376 1180 et
1391 1160 1462 1181 cum
1477 1150 1546 1189 ipso
1559 1159 1687 1180 conver-

231 1202 291 1231 sati
306 1212 423 1233 sumus.
466 1202 584 1234 Etiam.
628 1202 723 1233 Nosti
736 1202 832 1243 igitur
850 1202 935 1243 quod
952 1201 1089 1232 Pericles
1100 1212 1206 1232 rursus
1222 1202 1369 1234 educavit
1384 1202 1528 1233 Paralum
1544 1207 1576 1233 et
1599 1202 1687 1233 Xan-

232 1255 396 1296 thippum:
435 1267 568 1297 quorum
593 1257 728 1287 alterum
756 1263 789 1287 tu
818 1257 911 1287 etiam
939 1266 1059 1286 amasse
1088 1256 1166 1286 mihi
1187 1255 1317 1287 videris.
1360 1256 1430 1288 Hos
1459 1262 1575 1292 tamen,
1603 1256 1690 1287 velut

232 1309 329 1340 etiam
340 1315 375 1340 tu
390 1311 484 1346 nosti,
501 1311 607 1342 docuit
623 1311 748 1352 quidem
766 1315 801 1341 ut
821 1310 945 1352 equites
975 1315 1080 1340 essent
1109 1310 1197 1340 nullo
1223 1310 1466 1341 Atheniensium
1490 1310 1662 1341 deteriores
1677 1321 1685 1340 :

230 1362 265 1393 in
279 1363 396 1395 musica
411 1375 536 1406 quoque
551 1375 587 1396 ac
599 1365 722 1406 reliqua
738 1365 892 1406 palaestra,
909 1365 1040 1405 aliisque
1057 1363 1171 1395 studiis
1191 1374 1262 1405 quae
1274 1369 1339 1394 arte
1366 1365 1519 1395 docentur
1540 1364 1688 1401 erudivit,

232 1422 268 1448 ut
283 1418 369 1448 nullo
386 1418 556 1450 deteriores
571 1424 695 1450 essent:
721 1420 820 1450 bonos
839 1424 942 1450 autem
969 1418 1050 1449 viros
1071 1418 1175 1449 faeere
1199 1428 1262 1448 non
1289 1418 1437 1449 volebat?
1483 1417 1527 1449 At
1547 1418 1688 1448 fortassis

231 1471 308 1502 facti
335 1478 451 1509 essent,
468 1484 487 1504 ο
514 1474 667 1510 Socrates,
696 1473 722 1504 si
752 1484 815 1505 non
834 1473 969 1514 juvenes
983 1472 1099 1503 mortui
1118 1477 1234 1502 essent.
1278 1472 1327 1503 Tu
1345 1472 1472 1513 quidem
1487 1472 1600 1502 merito
1618 1471 1686 1512 opi-

230 1526 342 1557 tularis
358 1533 460 1558 amato
476 1527 534 1558 tibi
549 1538 555 1556 ε
574 1528 714 1559 Pen'cles
729 1533 835 1559 autem
854 1528 936 1564 illos,
952 1527 976 1557 si
991 1527 1052 1557 virt
1067 1526 1174 1557 doceri
1189 1531 1305 1567 posset,
1330 1533 1362 1557 et
1376 1526 1473 1557 bonos
1487 1526 1572 1567 ipsos
1583 1525 1687 1556 facere

232 1580 400 1620 potuisset,
414 1581 512 1612 multo
528 1583 614 1622 prius
629 1582 662 1612 in
674 1592 732 1613 sua
743 1582 858 1613 virtute
874 1581 1033 1623 sapientes
1050 1581 1178 1611 fecisset
1192 1591 1286 1621 quam
1298 1580 1331 1610 in
1342 1580 1465 1610 musica
1477 1584 1510 1610 et
1533 1579 1690 1619 palaestra.

232 1633 289 1664 sed
304 1633 410 1665 doceri
423 1645 487 1665 non
494 1641 631 1676 poterat.
661 1635 759 1677 [378]
791 1636 875 1667 Nam
883 1635 1085 1677 Thucydides
1111 1644 1237 1676 quoque
1252 1644 1356 1664 rursus
1384 1644 1419 1664 os
1433 1633 1516 1663 filios
1531 1632 1691 1672 educavit,

233 1686 404 1719 Melesiam
418 1694 452 1720 et·
467 1690 672 1730 Stephanum,
687 1691 727 1721 de
740 1691 853 1731 quibus
869 1695 902 1721 tu
915 1689 1019 1720 dicere
1033 1699 1099 1719 non
1113 1693 1204 1729 potes
1229 1699 1266 1719 ea
1292 1698 1362 1729 quae
1384 1687 1424 1718 de
1454 1687 1585 1719 Periclis
1614 1686 1689 1716 filiis

233 1740 354 1773 dixisti.
398 1742 519 1774 Horum
533 1744 617 1774 enim
629 1744 759 1775 alterurn
776 1744 872 1774 etiam
884 1749 920 1774 tu
941 1743 1025 1774 nosti
1036 1743 1076 1773 ad
1096 1747 1257 1773 senectam
1266 1752 1363 1783 usque
1389 1741 1515 1781 vixisse,
1543 1741 1690 1777 alterum,

236 1795 403 1827 admodum
420 1797 485 1828 diu.
531 1797 594 1828 Sed
607 1803 640 1828 et
655 1798 712 1828 hos
723 1802 813 1839 pater
827 1798 860 1828 in
875 1798 945 1828 aliis
961 1797 1056 1838 probe
1070 1796 1217 1832 erudivit,
1234 1800 1267 1827 et
1289 1795 1400 1838 optimi
1431 1794 1571 1826 omnium
1587 1794 1689 1825 Athe-

233 1850 389 1882 niensium
401 1852 572 1882 luctatores
583 1851 722 1885 fuerunt.
747 1853 878 1883 alterum
904 1851 988 1882 enirn
1004 1850 1151 1881 Xanthiae
1166 1850 1308 1886 tradidit,
1324 1851 1456 1880 alterum
1484 1849 1629 1879 Eudoro:
1654 1847 1688 1878 hi

233 1914 307 1935 vero
321 1910 397 1936 tunc
412 1906 550 1937 omnium
564 1906 682 1947 optime
699 1906 810 1937 luctari
824 1905 1028 1948 putabantur.
1053 1905 1168 1936 Etiam.
1194 1904 1308 1935 Nonne
1324 1904 1375 1935 hic
1390 1912 1549 1944 nunquam
1563 1902 1690 1933 fecisset

233 1962 268 1987 ut
282 1958 348 1988 haec
361 1958 487 2000 quidem
501 1959 582 1990 filios
597 1971 667 1991 suos
680 1960 851 1996 docuisset,
863 1960 896 1990 in
911 1970 979 2001 quae
991 1963 1151 2000 sumptum
1168 1958 1208 1989 ad
1233 1958 1412 1989 docendum
1435 1957 1538 1987 facere
1563 1961 1687 1997 oporte-

233 2010 289 2042 bat
301 2012 313 2041 ?
338 2012 371 2042 in
383 2013 467 2053 quod
481 2024 553 2044 vero
566 2013 643 2044 nihil
661 2019 840 2055 sumptuum
853 2014 954 2044 facere
972 2012 1146 2053 oportebat,
1161 2017 1197 2043 ut
1209 2012 1319 2049 bonos,
1331 2011 1498 2053 praeclaros
1511 2016 1543 2040 et
1565 2009 1687 2040 eximiae

233 2065 408 2105 prudentiae
423 2066 566 2097 homines
580 2073 614 2098 et
629 2068 710 2098 viros
722 2069 851 2104 faceret,
865 2069 923 2098 hoc
940 2078 1003 2098 non
1016 2066 1186 2102 docuisset,
1203 2065 1228 2096 si
1245 2065 1352 2096 doceri
1367 2064 1544 2106 potuisset?
1570 2063 1688 2095 Verisi-

233 2118 308 2149 mile
326 2124 386 2150 est.
431 2119 478 2151 At
492 2120 630 2151 fortassis
645 2120 849 2163 ThucydIdes
864 2121 935 2151 vilis
949 2120 1038 2151 erat?
1084 2119 1130 2150 At
1142 2130 1246 2150 nonne
1262 2119 1398 2149 habebat
1413 2117 1528 2149 amicos
1543 2117 1690 2159 plurimos

234 2171 459 2209 Athenienses,
476 2179 508 2205 et
524 2174 564 2205 de
574 2175 760 2211 auxiliariis,
787 2179 820 2206 et
830 2179 895 2206 erat
907 2185 947 2205 ex
970 2183 1085 2214 magna
1099 2173 1229 2209 familia,
1239 2177 1272 2203 et
1282 2182 1402 2213 magnae
1415 2171 1565 2213 potentiae
1579 2175 1643 2201 tum
1657 2170 1690 2200 in

233 2225 372 2262 civitate,
385 2232 453 2259 tum
467 2228 551 2258 inter
565 2228 642 2259 alios
658 2228 787 2259 Graecos
800 2229 810 2258 ?
836 2229 941 2265 Quare
954 2228 981 2258 si
993 2228 1053 2258 hoc
1071 2227 1178 2258 doceri
1192 2226 1355 2267 potuisset,
1370 2226 1539 2266 reperisset
1552 2224 1690 2265 aliquem

234 2280 286 2321 qui
298 2281 360 2321 ipsi
374 2281 455 2312 filios
469 2282 566 2313 bonos
582 2283 750 2318 effecisset,
766 2287 820 2313 aut
835 2293 874 2313 ex
888 2281 1057 2323 indigeniS,
1074 2285 1128 2310 aut
1145 2280 1185 2310 de
1200 2280 1349 2319 externis,
1369 2279 1395 2310 si
1410 2280 1479 2320 ipse
1503 2279 1602 2309 otium
1625 2287 1691 2308 nou

233 2334 369 2365 babebat
379 2335 418 2365 ob
433 2336 614 2376 reipublicae
630 2347 745 2367 curam.
790 2335 933 2373 Atenim‚
950 2346 969 2366 ο
984 2335 1097 2370 amice,
1112 2335 1210 2364 virtus
1234 2333 1341 2364 doceri
1356 2343 1419 2363 non
1436 2337 1571 2374 poterat.
1616 2330 1691 2361 Non

234 2387 385 2418 fortassis.
430 2389 476 2420 At
491 2399 564 2420 vero
577 2390 603 2420 si
623 2390 730 2421 doceri
745 2401 809 2421 non
837 2395 954 2432 potest,
979 2399 1056 2419 num
1082 2393 1196 2418 natura
1218 2387 1405 2429 proveniunt
1429 2386 1525 2417 boni?
1548 2390 1581 2416 et
1602 2384 1690 2415 istud

234 2442 297 2473 hoc
316 2442 408 2474 modo
430 2443 667 2475 considerantes
691 2444 831 2474 fortassis
854 2443 1060 2484 reperiemus-
1105 2441 1176 2482 Age
1203 2441 1298 2472 enim.
1343 2441 1424 2471 Sunt
1452 2439 1543 2471 nobis
1569 2445 1691 2469 naturae

236 2506 388 2537 equorum
402 2497 584 2528 bonorum?
630 2489 731 2528 Sunt.'
764 2497 880 2528 Nonne
897 2502 969 2527 sunt
985 2496 1127 2526 homines
1142 2496 1268 2536 quidam
1284 2495 1339 2536 qui
1353 2501 1451 2525 artem
1481 2497 1602 2529 tenent,
1628 2502 1691 2532 qua

234 2551 385 2581 bonorum
400 2561 552 2592 equorum
565 2556 693 2582 naturas
707 2555 912 2592 cognoscunt,
927 2555 961 2581 et
974 2551 1149 2581 secundum
1170 2559 1284 2590 corpus
1299 2550 1341 2579 ad
1358 2557 1493 2583 cursum,
1522 2552 1555 2577 et
1581 2556 1692 2577 secun-

235 2604 310 2635 dum
327 2605 474 2642 animam,
492 2611 558 2636 tum
570 2606 624 2646 qui
640 2605 734 2636 animi
750 2605 911 2641 concitati,
924 2610 989 2635 tum
1000 2604 1054 2645 qui
1070 2603 1189 2644 dejecti
1205 2608 1277 2635 sunt
1293 2603 1386 2634 animi
1401 2603 1412 2632 ?
1458 2602 1572 2633 Etiam.
1612 2601 1691 2636 Quae

234 2659 331 2701 igitur
347 2660 412 2690 haec
428 2670 478 2689 ars
493 2664 541 2689 est
555 2660 567 2689 ?
583 2660 667 2700 quod
677 2665 725 2690 est
749 2660 798 2690 illi
822 2659 960 2689 nomen?
1005 2658 1181 2699 Equestris.
1226 2657 1342 2688 Nonne
1366 2657 1459 2687 etiarn
1487 2655 1570 2685 circa
1599 2662 1692 2683 canes

235 2713 344 2745 eodem
360 2714 452 2743 modo
469 2713 614 2754 quaedam
629 2723 679 2743 ars
694 2719 741 2744 est
756 2723 818 2754 qua
834 2714 929 2744 bonas
944 2718 977 2743 et
991 2712 1090 2742 malas
1105 2722 1216 2742 canum
1233 2717 1359 2741 naturas
1375 2708 1581 2740 discernunt?
1625 2705 1693 2735 Est.

235 2767 317 2805 Quae
329 2769 395 2798 haec
412 2768 422 2798 ?
447 2767 630 2798 venatoria.
644 2766 745 2808 Atqui
760 2772 792 2797 et
807 2767 890 2797 circa
905 2776 1012 2797 aurum
1027 2772 1060 2796 et
1074 2771 1242 2805 argentum
1257 2770 1332 2796 sunt
1340 2764 1432 2795 nobis
1454 2761 1692 2794 examinatores,

235 2821 345 2862 quiex
359 2826 488 2863 aspectu
497 2821 642 2862 judicant
656 2825 689 2852 et
715 2821 798 2862 quod
812 2821 922 2852 melius
937 2824 986 2850 est
1011 2825 1043 2850 et
1072 2818 1158 2860 quod
1183 2818 1343 2849 deteriusv.
1387 2818 1478 2848 Sunt.
1522 2812 1689 2850 Quomodo

232 2875 328 2917 igitur
343 2876 399 2906 hos
411 2876 522 2907 vocas?
569 2874 786 2917 Argentarius.
809 2875 873 2906 Sed
889 2879 921 2905 et
937 2873 1116 2916 paedotribae
1133 2871 1304 2914 spectando
1320 2873 1511 2913 cognoscunt
1527 2875 1691 2909 corporum
