1840 3225
178 224 269 276 108]
712 223 1037 263 ALCIBIADES
1070 223 1099 263 I.
1596 227 1647 263 43

169 328 383 360 Athenienses
409 330 449 360 de
477 328 583 369 aliquo
610 327 782 358 deliberare
811 327 1053 362 constituerunt,
1086 326 1241 357 surrexisti
1273 331 1304 358 et
1330 332 1362 358 tn
1392 326 1642 358 deliberaturus:

169 387 272 413 utrum
289 384 328 414 de
345 384 381 414 iis
397 394 468 425 quae
484 388 515 413 tu
533 382 655 422 molins,
672 391 765 422 quam
783 380 846 420 isti,
858 379 978 411 calles?
995 380 1072 420 quid
1086 381 1289 421 responderes
1301 382 1338 411 ad
1352 381 1443 412 ha‘c?
1488 381 1553 411 AL.
1578 381 1644 411 Re-

170 437 356 478 sponderem
373 448 459 476 sane,
474 438 514 467 de
531 436 569 467 iis
584 446 654 477 quae
680 435 788 465 melius
812 445 948 465 nossem.
994 434 1050 465 So.
1076 435 1157 471 Qnae
1185 435 1280 476 igitur
1297 437 1390 472 nosti,
1408 437 1448 466 de
1464 436 1502 466 iis
1516 446 1642 476 quoque

167 500 201 520 es
216 491 377 522 consultor
391 491 512 521 bonus?
558 489 622 520 AL.
648 488 773 526 Quidni
789 489 800 518 ?
845 488 900 520 So.
926 488 1041 519 Nonne
1068 489 1135 519 haec
1151 490 1218 519 sola
1241 490 1418 530 cognosciS,
1435 500 1505 530 qnae
1521 490 1559 520 ab
1574 490 1643 521 aliis

166 544 303 575 didicisti
322 545 368 576 vel
396 544 463 586 ipse
489 554 544 585 per
570 549 601 574 te
628 542 799 573 invenisti?
847 541 913 573 AL.
939 542 1092 579 Quaenam
1120 543 1207 573 alia?
1254 544 1310 574 So.
1333 544 1390 574 Est
1411 544 1530 586 aliquid
1553 545 1640 586 quod

167 599 358 638 quandoque
374 597 519 629 didiceris
536 597 583 627 vel
600 597 767 636 inveneris,
782 607 853 626 curn
870 595 970 626 nolles
986 596 1126 627 invenire
1141 597 1188 627 vel
1206 597 1325 628 discere
1340 598 1351 628 ?
1397 598 1460 629 AL.
1484 598 1559 629 Non
1583 604 1642 629 est.

167 651 223 682 So.
246 650 400 692 Nunquid
415 650 539 682 voluisti
564 660 699 691 unquam
716 650 873 691 inquirere
897 649 963 680 sive
979 650 1112 689 discere,
1129 661 1199 691 qnae
1227 655 1256 681 te
1275 650 1351 681 scire
1370 653 1500 692 putabas
1516 653 1526 681 ?
1573 652 1639 683 Ar..

165 703 348 745 Nunquam.
393 704 447 736 So.
472 705 554 741 Quae
585 714 669 735 nunc
697 704 769 739 scis,
800 703 861 734 fuit
890 703 1082 744 quandoque
1111 709 1248 744 tempus,
1280 705 1409 745 quando
1441 711 1471 736 te
1501 706 1641 746 ignorare

163 759 320 799 putabas?
352 759 415 789 At..
438 758 578 790 Necesse
595 763 654 789 est.
678 758 733 788 So.
759 757 861 798 Atqui
878 768 948 798 quae
964 758 1113 794 didicisti,
1128 758 1224 788 ferme
1237 763 1268 788 et
1281 758 1347 799 ipse
1361 759 1506 800 cognovi.
1517 760 1603 799 quod
1615 759 1640 788 si

163 812 242 853 quid
261 823 308 843 ine
319 812 552 854 sugerit,dicas.
570 811 710 843 didicisti
722 813 866 848 enim,.ut
876 810 1294 848 memini,litera8,citharam
1309 812 1441 853 pulsare,
1451 813 1639 854 palaestram.

162 876 237 896 narn
255 866 363 898 inflare
384 867 482 898 «tibias
499 866 638 897 noluisti.
662 866 729 896 haec
754 871 838 902 sunt,
855 876 986 907 quorum
1004 871 1036 895 tu
1061 866 1223 896 scientiam
1241 867 1335 897 habes
1353 878 1359 895 :
1387 866 1443 897 nisi
1461 868 1535 908 quid
1554 867 1640 898 clan-

163 920 268 952 culum
281 920 364 951 forte
378 921 534 952 didiceris.
561 926 637 962 puto
654 925 770 957 autern,
786 930 844 951 nec
857 925 952 950 noctu
967 930 1069 961 neque
1082 920 1136 950 diu
1150 920 1248 951 exisse
1262 926 1292 951 te
1305 921 1398 951 domo
1413 932 1468 950 nos
1480 921 1640 951 latentem.

161 974 226 1006 AL.
250 974 376 1012 Nullos,
391 981 593 1017 praeterquam
608 975 715 1004 horum
732 975 836 1014 trium,
850 975 1185 1016 praeceptoresaudivi.
1211 974 1308 1017 [107]
1334 976 1389 1006 So.
1416 974 1480 1012 An,
1494 975 1641 1017 quotiens

163 1028 377 1059 Athenienses
393 1029 433 1059 de
450 1029 546 1059 literis
557 1029 793 1064 consultabunt,
805 1039 867 1070 quo
880 1032 973 1070 pacto
989 1028 1081 1059 scribi
1093 1029 1243 1065 debeant,
1257 1029 1295 1059 ad
1306 1029 1468 1060 consilium
1483 1029 1615 1060 accedes
1628 1029 1639 1058 ?

162 1082 228 1113 AL.
252 1082 327 1113 Non
344 1093 398 1124 per
423 1083 547 1116 Jovem.
593 1083 649 1114 So.
673 1082 718 1113 At
741 1093 812 1113 cum
838 1083 878 1114 de
894 1083 961 1125 lyra
986 1083 1166 1124 pulsanda?
1211 1083 1276 1115 AL.
1303 1083 1401 1114 Nullo
1427 1084 1534 1115 rnodo.
1580 1083 1637 1114 So.

160 1136 277 1178 Neque
292 1138 333 1168 de
349 1138 499 1178 palaestris
515 1138 606 1168 etiam
624 1138 655 1168 in
672 1137 825 1169 concione
842 1138 1018 1179 disceptare
1035 1143 1274 1168 consueverunt.
1310 1137 1375 1169 AL.
1400 1138 1547 1170 Minime.
1582 1138 1637 1168 So.

158 1191 302 1227 Quando
318 1190 413 1232 igitur
429 1196 537 1232 etqua
552 1192 592 1222 de
609 1202 639 1222 re
655 1191 929 1222 consultantibus?
948 1202 1011 1221 non
1028 1191 1112 1221 enim
1125 1202 1195 1222 cum
1209 1192 1249 1222 de
1262 1191 1426 1222 aedificiis?
1473 1191 1537 1223 AL.
1562 1191 1638 1222 Non

158 1249 255 1276 certe.
301 1245 357 1276 So.
382 1246 570 1278 AEdificator
596 1246 679 1276 enim
706 1245 829 1285 melius,
856 1255 949 1286 quam
979 1250 1024 1280 tu,
1049 1245 1202 1276 consulet.
1248 1245 1312 1276 Ar..
1336 1245 1398 1278 Ita.
1444 1244 1497 1277 So.
1522 1245 1637 1286 Neque

159 1303 262 1329 tamen
278 1309 348 1330 cuin
364 1300 404 1331 de
420 1300 566 1331 vaticinio
584 1299 830 1340 disceptabunt?
871 1298 937 1330 AL.
964 1299 1186 1341 Nequaquam.
1222 1300 1278 1330 So.
1303 1299 1462 1330 Fatidicus
1473 1300 1556 1329 enim
1570 1300 1635 1330 haee

160 1352 270 1383 melius
286 1363 378 1394 quam
395 1358 439 1385 tu.
486 1353 552 1383 AL.
576 1353 705 1384 Melius.
752 1353 809 1384 So.
833 1352 894 1383 Scn
919 1363 1032 1394 parvus
1056 1353 1120 1384 sive
1147 1363 1303 1394 magnus3
1325 1364 1377 1385 seu
1403 1353 1555 1383 formosus
1571 1354 1636 1384 sive

157 1404 306 1436 deformis
320 1418 328 1445 3
357 1407 402 1437 vel
416 1417 584 1448 generosus
598 1407 646 1438 vel
661 1407 818 1448 ignobilis.
865 1407 928 1438 AL.
954 1407 1058 1438 Certe.
1103 1408 1159 1438 So.
1183 1407 1318 1443 Scientis
1329 1407 1412 1438 enim
1426 1407 1561 1438 officium
1576 1413 1636 1444 est,

159 1470 224 1491 non
248 1461 367 1502 divitiS,
392 1462 432 1492 de
455 1472 647 1503 unoquoque
665 1462 847 1493 consulere.
894 1461 959 1493 AL.
985 1461 1133 1499 Quidni?
1178 1462 1232 1493 So.
1255 1460 1363 1502 Atque
1389 1461 1462 1492 ideo
1477 1472 1532 1491 seu
1547 1461 1636 1491 dives

157 1514 199 1544 sit
215 1514 278 1545 sive
294 1525 414 1557 pauper
429 1515 494 1553 ille,
510 1516 564 1558 qui
590 1521 710 1558 monet,
727 1516 803 1546 nihil
820 1516 962 1548 intererit
986 1516 1070 1557 apud
1086 1515 1312 1553 Athenienses,
1328 1515 1456 1557 quando
1479 1514 1634 1545 delibera-

151 1569 248 1606 bunt,
264 1580 328 1610 qua
341 1570 459 1601 ratione
475 1570 559 1602 cives
575 1576 657 1602 recte
673 1571 798 1602 valeant
812 1583 818 1601 :
846 1571 900 1601 sed
917 1576 1056 1612 quaerent
1081 1571 1236 1601 duntaxat
1250 1574 1286 1600 ut
1301 1569 1441 1601 medicus
1456 1569 1496 1599 sit
1508 1568 1636 1600 consul-

155 1628 214 1653 tor.
261 1623 325 1655 Ax..
350 1623 392 1654 Et
408 1625 529 1656 merito.
575 1625 630 1657 So.
656 1625 795 1662 Quando
813 1624 920 1666 igitur,
935 1629 967 1655 et
983 1624 1014 1654 in
1038 1634 1100 1665 qna
1116 1634 1209 1655 causa
1223 1623 1358 1655 idoneus
1375 1622 1534 1654 consultor
1550 1622 1631 1653 eris?

157 1676 220 1708 AL.
237 1678 382 1715 Quando
409 1680 449 1710 de
466 1680 600 1721 negotiis
616 1690 722 1711 eorum
740 1680 968 1711 deliberabunt.
1007 1679 1070 1710 So.
1093 1679 1145 1710 An
1169 1689 1239 1710 cnm
1256 1678 1296 1709 de
1313 1689 1343 1709 re
1359 1677 1463 1708 navali
1479 1680 1635 1718 quaerent,

152 1732 268 1773 quales
282 1737 407 1774 oportet
430 1744 525 1765 naves
550 1733 724 1771 fabricare?
769 1733 837 1766 AL.
861 1733 948 1770 Non,
974 1744 992 1764 0
1014 1733 1168 1765 Socrates.
1216 1733 1271 1764 So.
1295 1731 1401 1763 Naves
1415 1731 1499 1763 enim
1515 1735 1634 1761 struere

153 1786 266 1817 nescis.
290 1791 378 1818 estne
403 1788 470 1819 haec
496 1799 602 1825 causa,
627 1799 667 1819 an
695 1788 780 1819 aliud
808 1788 984 1831 quiddam?
1030 1788 1095 1820 AL.
1120 1787 1177 1819 Nil
1205 1787 1303 1818 aliud.
1349 1786 1407 1817 So.
1433 1785 1479 1815 At
1503 1795 1573 1814 vcro
1591 1785 1631 1815 de

150 1839 265 1881 quibus
279 1851 384 1871 eorum
399 1842 534 1882 negotiis
559 1842 685 1874 dicebas
699 1843 710 1873 ?
760 1842 822 1874 AL.
847 1843 928 1875 Cum
945 1843 985 1874 de
1001 1842 1099 1878 bello,
1127 1853 1145 1873 ο
1161 1841 1316 1878 Socrates,
1333 1840 1380 1871 vel
1399 1849 1476 1881 pace
1493 1844 1548 1869 aut
1563 1838 1626 1868 alio

150 1894 300 1936 quopiam
316 1895 450 1926 civitatis
466 1896 606 1938 negotio.
653 1897 709 1928 So.
733 1896 820 1928 Num
836 1898 914 1929 dicis
931 1908 1002 1930 cum
1017 1896 1240 1938 disputabunt,
1257 1895 1445 1935 quibuscum
1464 1903 1524 1934 pax
1548 1898 1629 1923 trac·

141 1950 255 1980 ‘tanda
269 1950 309 1980 sit
324 1954 356 1980 et
371 1951 518 1982 adversus
544 1962 622 1993 quos
638 1951 755 1988 bellurn
779 1953 962 1993 gerendum,
986 1956 1019 1982 et
1035 1962 1097 1993 quo
1114 1950 1232 1991 pacto?
1277 1949 1342 1981 AL.
1366 1947 1524 1979 Profecto.
1571 1947 1631 1978 So.

157 2002 293 2044 Oportet
306 2009 423 2040 autem,
438 2005 551 2045 quibus
577 2016 680 2047 operae
696 2006 830 2047 pretium
847 2011 894 2036 est
910 2006 978 2037 haec
994 2005 1157 2036 indicere?
1204 2003 1270 2036 AL.
1294 2003 1354 2033 His
1379 2002 1466 2043 ipsis.
1510 2001 1565 2032 So.
1588 2000 1631 2030 Et

155 2062 231 2088 tunc
248 2057 347 2087 solum
363 2059 492 2098 quando
510 2059 643 2090 molius?
688 2060 752 2091 AL.
777 2060 930 2091 Omnino.
954 2065 1048 2101 atque
1076 2058 1208 2098 tamdiu,
1224 2056 1372 2099 quamdiu
1390 2060 1516 2097 praestat
1530 2059 1626 2086 certe.

153 2112 210 2142 So.
235 2111 267 2142 Si
292 2122 364 2152 ergo
380 2118 554 2153 quaererent
571 2113 793 2152 Athenienses,
817 2115 964 2145 adversus
987 2124 1065 2155 quos
1081 2114 1225 2155 palaestra
1252 2112 1300 2142 vel
1317 2111 1431 2152 pugnis
1446 2109 1628 2141 certandum

151 2165 193 2196 sit
207 2170 239 2196 et
254 2166 425 2207 quomodo,
440 2167 507 2208 ipse
525 2167 635 2198 melius
652 2179 744 2210 quain
774 2168 931 2210 gymnasii
956 2168 1101 2209 magister
1123 2165 1325 2198 consuleres?
1372 2164 1439 2195 AL.
1463 2162 1631 2205 Gymnasii

153 2220 299 2261 magister
314 2220 436 2253 melius.
482 2222 539 2253 So.
563 2222 661 2253 Potes
677 2223 795 2263 dicere,
820 2224 860 2254 ad
877 2223 952 2265 quid
976 2222 1030 2254 ille
1048 2221 1217 2263 respiciens
1232 2218 1427 2259 admonebit,
1443 2218 1630 2259 quibuscum

144 2274 335 2306 -tuctandum
351 2275 391 2305 sit
408 2274 554 2316 palaestra
571 2277 619 2307 vel
635 2287 711 2312 non,
728 2282 761 2308 et
776 2277 904 2318 quando
919 2282 951 2308 et
966 2287 1029 2318 quo
1047 2281 1139 2317 pacto
1153 2276 1163 2306 ?
1186 2275 1262 2306 Tale
1279 2273 1399 2315 aliquid
1413 2273 1500 2312 dico,
1513 2271 1630 2302 Nonne

151 2338 223 2359 cum
239 2328 276 2359 iis
298 2330 495 2371 certandum,
518 2330 704 2372 quibuscum
733 2342 838 2372 operae
862 2331 996 2373 pretium
1019 2331 1091 2362 est?
1137 2329 1203 2360 AL·
1226 2328 1307 2361 Cum
1332 2328 1368 2358 iis
1384 2326 1504 2368 utique.
1529 2326 1627 2368 [108]

152 2382 208 2414 So.
231 2382 273 2412 Et
301 2388 454 2424 quantum
485 2385 636 2426 praestat?
683 2385 750 2418 AL.
775 2385 817 2416 Et
846 2394 999 2427 quantum
1041 2389 1180 2427 praestat.
1226 2384 1283 2414 So.
1305 2382 1348 2412 Et
1378 2386 1464 2417 tunc,
1501 2380 1630 2421 quando

152 2436 284 2467 melius?
330 2437 394 2468 Ar..
417 2438 558 2471 Prorsus.
605 2439 661 2471 So.
686 2439 774 2477 Quin
801 2440 895 2471 etiam
923 2445 1081 2471 cantorem
1113 2443 1238 2480 oportet
1268 2436 1393 2478 pulsare
1419 2434 1567 2465 citharam
1597 2438 1632 2464 et

149 2490 260 2521 saltare
275 2491 315 2522 ad
345 2492 509 2523 cantilenae
536 2492 635 2535 ipsius
664 2493 846 2535 exemplar?
894 2494 962 2527 AL.
985 2493 1131 2536 Oportet.
1177 2492 1233 2523 So.
1256 2490 1374 2522 Nonne
1391 2494 1477 2523 tunc,
1501 2487 1630 2528 qnando

149 2545 283 2576 melius?
329 2544 395 2576 AL.
418 2546 507 2578 Tunc
538 2553 634 2579 certe.
678 2548 732 2579 So.
757 2549 798 2579 Et
829 2554 964 2586 tantum,
996 2553 1148 2590 quantum
1180 2545 1292 2576 melius
1308 2544 1318 2575 ἓ
1364 2542 1429 2574 AL.
1453 2541 1629 2573 Confiteor.

148 2599 205 2630 SO·
229 2599 316 2636 Quid
333 2600 433 2640 ergo?
457 2604 623 2642 postquam
638 2601 741 2643 ipsum
767 2603 880 2634 melius
906 2603 940 2633 in
968 2602 1108 2643 utrisque
1133 2598 1314 2634 nominasti,
1338 2602 1369 2628 et
1394 2597 1426 2626 in
1450 2595 1630 2638 pulsatione

147 2653 276 2683 citharae
292 2653 464 2684 secundum
480 2655 682 2693 cantilenam,
699 2657 779 2688 etin
797 2657 962 2699 palaestra:
989 2657 1066 2699 quid
1084 2665 1177 2686 vocas
1193 2655 1226 2684 in
1241 2658 1325 2684 recto
1343 2652 1382 2682 ad
1401 2655 1527 2682 cantum
1550 2660 1628 2682 sono

147 2706 258 2737 melius
278 2706 289 2737 ?
312 2708 579 2748 quemadmodum
596 2720 655 2750 ego
681 2711 713 2741 in
731 2712 876 2753 palaestra
898 2722 977 2743 voco
1002 2709 1243 2753 gymnasticum.
1269 2712 1302 2738 tu
1326 2712 1430 2737 autern
1456 2704 1533 2746 quid
1549 2703 1627 2734 illud

148 2760 313 2801 appellas?
357 2761 419 2793 AL.
444 2762 540 2793 Haud
555 2763 710 2806 intelligo.
755 2766 813 2798 So.
836 2766 899 2796 Sed
916 2776 1030 2796 conare
1056 2775 1106 2795 me
1122 2763 1248 2794 imitari.
1273 2760 1419 2803 equidem
1443 2758 1546 2800 ipsum
1563 2767 1628 2787 rne-

150 2813 209 2844 lius
225 2815 444 2856 responderem
471 2817 502 2847 id
518 2818 604 2859 quod
632 2829 688 2860 per
701 2820 807 2850 omnia
830 2825 913 2851 recte
930 2831 962 2851 se
987 2820 1092 2850 habet.
1141 2817 1243 2849 Recte
1261 2826 1331 2846 vcro
1357 2825 1390 2845 se
1413 2814 1518 2849 habet,
1542 2811 1627 2852 quod

151 2868 322 2900 secundum
338 2875 433 2904 artem
449 2871 495 2904 fit.
520 2873 647 2904 nonne?
694 2873 758 2906 Ax..
781 2874 819 2906 Id
843 2875 960 2917 ipsum.
1006 2873 1060 2906 So.
1083 2872 1201 2904 Nonne
1225 2881 1273 2902 ars
1291 2865 1511 2912 gymnastica?
1558 2863 1625 2894 Ar.
