1840 3225
135 215 233 267 639]
607 219 680 258 DE
710 218 938 257 memus
969 205 1069 259 Lrss'.
1100 220 1131 259 1.
1510 218 1589 259 293

131 318 196 350 isti.
219 319 318 364 [638]
342 321 441 355 Miro.
464 322 528 355 Sed
542 332 650 355 ornnes
673 323 750 354 istos
771 332 830 353 nos
845 326 921 358 tum,
936 332 1008 353 cum
1030 332 1115 354 arma
1130 321 1312 365 ceperimus,
1327 321 1484 354 fundimus
1499 325 1594 362 atque

131 372 289 414 fugamus.
331 377 470 410 ΑΤΗΕΝ.
494 377 570 408 Noli
585 378 663 413 haec,
687 387 705 407 ο
721 377 769 407 vir
791 377 923 418 optime,
945 375 1060 407 dicere.
1083 377 1227 417 permulti
1245 388 1378 419 namque
1402 381 1435 407 et
1449 376 1597 417 fugarunt

137 427 214 459 alios
228 434 261 459 et
283 429 322 460 ab
345 431 415 462 aliis
436 431 536 472 fugati
556 435 638 467 sunt,
652 431 692 462 de
719 430 830 472 quibus
850 437 936 461 certa
962 430 1118 472 quaepiam
1139 431 1290 473 ejusmodi
1310 441 1404 462 causa
1427 430 1515 461 reddi
1531 438 1596 460 non

136 487 251 523 potest.
273 494 368 525 quare
383 495 447 516 non
461 490 590 521 certum,
607 484 665 515 sed
680 485 856 525 ambiguum
873 490 1089 525 argumentum
1110 484 1294 526 signumque
1317 486 1357 516 de
1372 484 1512 515 honestis
1528 483 1596 525 offi-

136 535 194 567 ciis
206 542 239 568 et
254 538 413 569 contrariis
426 539 460 568 in
483 539 548 569 vita
573 549 742 575 sumemus,
759 539 785 569 si
805 539 845 569 ad
866 538 1025 569 victoriam
1052 538 1130 569 belli
1153 538 1322 580 fugamque
1346 538 1595 579 respexerimus:

135 592 306 631 praesertim
321 603 391 623 cum
416 592 549 624 minores
576 593 720 625 civitates
734 603 754 623 a.
768 592 934 635 majoribus
947 592 982 623 in
997 592 1178 623 servitutem
1203 592 1374 634 pugnando
1396 592 1574 633 redigantur
1589 601 1597 621 :

136 649 202 675 uta
223 645 423 687 Syracusanis
452 647 639 684 Locrenses,
655 647 708 689 qui
731 647 859 689 optimis
883 647 966 677 inter
986 657 1039 678 eas
1061 651 1173 688 gentes
1194 647 1316 688 legibus
1330 647 1378 677 usi
1390 652 1463 676 sunt
1480 657 1488 684 ;
1512 651 1545 676 et
1559 646 1599 676 ab

136 697 385 731 Atheniensibus
411 699 493 739 Cei3
516 702 691 743 similiaque
713 701 892 743 hujusmodi
920 701 1018 732 multa
1040 701 1135 732 liceat
1149 700 1274 732 intueri.
1296 700 1391 742 igitur
1417 699 1547 730 victoria
1567 704 1601 730 et

139 751 312 785 offensione
324 754 400 785 belli
415 756 631 796 praetermissa,
647 766 794 787 conemur
817 757 857 786 de
876 765 1067 797 unoquoque
1090 755 1193 787 officio
1209 755 1383 786 secundum
1406 765 1440 785 se
1455 753 1600 784 conside·

135 811 252 844 rames,
269 808 354 849 quod
368 809 401 839 in
427 821 552 852 quoque
571 821 677 841 verum
693 816 752 846 est,
767 810 859 840 nobis
877 809 1078 851 persuadere.
1100 809 1242 840 dicamus
1266 815 1383 846 autem,
1398 807 1604 850 quemadmo-

140 859 216 891 dum
228 861 286 893 hoc
302 862 427 904 quidem
455 865 520 896 tale
543 864 663 896 bonum
686 869 756 895 est:
780 863 861 894 illud
885 870 988 894 autem
1004 864 1067 895 tale
1080 874 1144 894 non
1158 863 1288 895 bonum.
1308 863 1365 894 sed
1389 862 1538 904 imprimis
1551 872 1604 893 me

139 913 288 953 audiatis,
303 917 460 958 quomodo
474 919 507 949 in
523 918 737 960 hujuscemodi
751 918 842 949 rebus
857 918 973 949 bonum
986 919 1166 960 malumque
1179 916 1370 949 considerari
1385 916 1491 947 debet.
1508 916 1608 946 Μεσ.

143 969 216 1006 Quo
233 975 327 1011 pacto
341 971 374 1002 id
391 972 458 1003 ais?
490 972 629 1003 ΑΤΗΕΝ.
657 972 846 1013 Quicunque
860 983 924 1003 rem
942 971 1078 1014 aliquam
1093 973 1198 1003 statim
1212 972 1246 1003 in
1261 971 1473 1013 disputatione
1488 980 1605 1012 propo-

140 1023 232 1055 sitam
247 1025 426 1067 vituperant
441 1032 496 1057 aut
518 1028 661 1063 laudant,
677 1028 860 1068 delinquere
889 1026 963 1057 mihi
987 1026 1144 1062 videntur,
1159 1026 1308 1067 idemque
1328 1025 1431 1056 facere
1444 1035 1479 1056 ac
1496 1025 1521 1054 si
1536 1023 1608 1065 quis

141 1078 296 1109 cerealem
312 1079 427 1116 cibum,
444 1081 483 1112 ab
509 1081 616 1122 aliquo
643 1080 806 1112 laudatum
820 1086 856 1112 ut
875 1081 1003 1117 bonum,
1021 1081 1126 1111 statim
1152 1080 1319 1122 vituperet,
1335 1080 1516 1121 priusquam
1538 1079 1606 1120 ejus

140 1131 271 1163 effectus
292 1134 458 1176 percipiat,
473 1140 506 1165 et
529 1146 591 1176 qua
615 1136 750 1172 ratione,
762 1135 886 1176 quibus,
914 1145 985 1166 cum
1015 1134 1139 1176 quibus,
1153 1133 1310 1175 quomodo
1336 1138 1558 1175 praeparanteS,
1573 1139 1606 1163 et

141 1186 297 1227 quomodo
324 1188 445 1218 affectis
466 1190 644 1230 corporibus
664 1189 770 1219 offerri
793 1189 918 1219 debeat.
941 1190 1026 1230 quod
1043 1199 1101 1219 nos
1122 1188 1214 1219 modo
1237 1189 1340 1219 facere
1362 1188 1396 1218 in
1413 1185 1604 1229 disputando

143 1239 296 1272 videmur.
318 1242 382 1282 qui,
396 1252 466 1273 cum
488 1243 620 1283 primum
636 1243 793 1273 ebrietatis
808 1243 891 1274 facta
906 1243 1025 1273 mentio
1047 1248 1106 1279 est,
1127 1242 1230 1273 statim
1245 1243 1297 1272 alii
1315 1242 1538 1282 vituperamus,
1551 1240 1606 1271 alii

140 1303 216 1325 vero
233 1295 398 1326 laudamus
413 1300 446 1326 et
459 1297 552 1326 valde
575 1294 704 1337 quidem
727 1296 759 1326 id
777 1296 920 1327 absurde.
945 1297 1076 1327 testibus
1092 1297 1175 1327 enim
1202 1295 1465 1337 assertoribusque
1480 1300 1607 1326 utentes

139 1347 173 1378 id
186 1347 328 1380 facimus.
352 1354 385 1379 et
398 1349 462 1385 alii,
479 1350 553 1390 quia
572 1350 677 1392 plures
692 1350 854 1386 habemus,
871 1350 989 1391 aliquid
1006 1349 1067 1380 fide
1081 1350 1208 1391 dignum
1227 1350 1337 1380 afferre
1352 1355 1496 1391 putamus
1511 1360 1519 1388 3
1542 1349 1608 1386 alii,

139 1401 215 1443 quia
230 1403 302 1433 vino
318 1403 511 1434 abstinentes
525 1403 654 1434 vincant
675 1404 709 1434 in
726 1414 832 1445 pugna
849 1415 855 1433 :
881 1404 965 1445 quod
979 1409 1085 1435 tamen
1100 1404 1279 1445 ambiguum
1300 1404 1390 1435 nobis
1407 1409 1466 1435 est.
1489 1404 1514 1434 si
1531 1414 1606 1445 ergo

139 1456 200 1487 hoc
215 1456 309 1488 modo
323 1457 421 1488 etiam
437 1458 469 1488 in
484 1458 555 1488 aliis
567 1458 782 1499 procedemus,
795 1459 875 1489 nihil
889 1469 955 1489 mea
971 1459 1129 1489 sententia
1143 1459 1305 1490 faciemus.
1327 1458 1485 1500 quomodo
1500 1464 1605 1489 autem

142 1510 220 1541 mihi
233 1511 358 1552 quidem
374 1511 509 1548 videtur,
526 1512 661 1542 conabor
677 1512 776 1553 ipsius
803 1513 962 1543 ebrietatis
987 1514 1132 1554 exemplo
1159 1513 1243 1543 viam
1267 1513 1356 1544 nobis
1369 1524 1424 1554 pro
1438 1513 1554 1543 viribus
1568 1523 1607 1544 ac

138 1565 292 1597 rationem
308 1572 425 1597 rectam
439 1567 473 1597 in
488 1566 664 1608 hujusmodi
691 1567 834 1598 omnibus
857 1567 977 1608 aperire
993 1579 999 1596 :
1024 1568 1196 1608 praesertim
1221 1578 1292 1598 cum
1308 1573 1417 1608 gentes
1429 1567 1607 1598 innumera-

141 1620 232 1656 biles,
248 1620 288 1651 de
311 1620 433 1651 eisdem
457 1620 648 1657 dubitantes,
664 1621 787 1652 duabus
813 1632 882 1653 cum
912 1622 1094 1652 civitatibus
1120 1621 1230 1652 vestris
1258 1622 1464 1652 contendant.
1510 1621 1609 1652 MEG-

143 1674 350 1705 Audiendum
371 1681 419 1706 est
432 1675 569 1712 omnino,
587 1676 610 1706 si
625 1685 687 1717 qua
702 1675 741 1706 de
761 1677 811 1706 his
826 1681 911 1707 recta
930 1675 1140 1707 consideratio
1154 1676 1324 1706 invenitur.
1348 1677 1444 1718 [639]
1469 1676 1609 1706 Arnim.

143 1729 385 1761 Consideremus
400 1730 507 1771 itaque
533 1730 590 1761 sic.
612 1729 639 1761 si
653 1729 723 1771 quis
751 1740 911 1771 caprarum
937 1731 1057 1761 cultum
1082 1736 1114 1761 et
1139 1740 1238 1772 genus
1253 1731 1284 1761 id
1302 1730 1469 1761 animantis
1485 1730 1603 1760 haben-

142 1784 220 1814 dum
236 1794 273 1815 ac
294 1784 520 1825 possidendum
544 1785 656 1826 probet
673 1794 682 1822 3
706 1784 784 1814 alius
809 1795 883 1816 vero
907 1785 1072 1826 vituperet,
1087 1796 1158 1816 curn
1187 1785 1305 1826 absque
1334 1789 1457 1825 pastore
1475 1794 1528 1814 eas
1548 1794 1606 1825 per

141 1844 212 1869 sata
226 1838 313 1879 pasci
339 1839 551 1880 damnumque
567 1839 669 1870 facere
694 1839 818 1875 viderit,
833 1844 866 1869 et
891 1849 983 1869 omne
1009 1840 1089 1870 adeo
1105 1849 1214 1880 pecus,
1229 1849 1299 1869 cum
1316 1839 1366 1869 vel
1393 1839 1458 1868 sine
1482 1843 1606 1880 pastore

143 1893 193 1923 vel
209 1893 301 1923 malis
315 1894 490 1935 pastoribus
504 1893 708 1935 gubernatum
732 1894 932 1934 conspexerit
947 1905 953 1922 :
976 1893 1122 1934 nunquid
1132 1893 1248 1934 justam
1264 1893 1331 1935 ejus
1344 1892 1606 1934 vituperationem

144 1948 338 1979 censebimus
361 1948 372 1978 ἕ
417 1947 513 1978 Mne.
536 1947 635 1978 Nullo
667 1948 770 1978 modo.
813 1947 953 1977 ATHEN.
976 1947 1175 1978 Gubernator
1210 1957 1282 1977 vero
1304 1951 1409 1978 utrum
1431 1947 1607 1988 gubernan-

145 2000 195 2031 dae
217 2002 307 2032 navis
329 2001 446 2042 probus
473 2002 533 2032 erit
562 2002 722 2043 princeps,
753 2002 779 2032 si
807 2001 1003 2043 gubernandi
1037 2001 1231 2032 solummodo
1267 2006 1365 2032 artem
1390 2001 1515 2038 habeat,
1537 2001 1606 2032 sive

146 2064 265 2085 nausea
290 2055 461 2096 exagitetur
480 2055 545 2086 sive
561 2066 637 2092 non,
653 2057 703 2087 vel
729 2067 792 2097 quo
817 2055 912 2086 modo
938 2056 1027 2087 aliter
1042 2055 1199 2087 dicimus?
1223 2055 1322 2086 Mm.
1346 2055 1566 2098 Nequaquam,
1580 2056 1609 2087 si

144 2108 186 2139 ad
201 2114 295 2139 artem
310 2110 376 2141 haec
391 2109 514 2141 accedit
534 2110 679 2142 turbatio.
714 2110 855 2141 Anum.
877 2110 963 2147 Quid
978 2115 1085 2140 autem
1107 2109 1217 2140 ductor
1232 2109 1387 2141 exercitus
1401 2111 1412 2141 ?
1427 2111 1452 2141 si
1465 2110 1607 2142 bellandi

144 2163 241 2204 probe
257 2169 364 2195 teneat
379 2169 488 2200 artem,
504 2166 644 2206 nunquid
662 2175 699 2195 ex
722 2165 780 2196 hoc
808 2165 963 2196 sufficiens
988 2164 1047 2195 dux
1074 2164 1232 2206 putandus
1256 2170 1314 2201 est,
1330 2165 1452 2195 etiamsi
1479 2164 1608 2196 timidus

142 2217 183 2249 sit
196 2222 229 2248 et
242 2218 273 2248 in
285 2218 433 2260 periculis
446 2218 594 2249 ebrietate
609 2219 744 2260 quadam
765 2225 865 2250 metus
881 2219 979 2260 ipsius
1004 2219 1159 2250 nauseet?
1194 2219 1292 2249 Mne.
1315 2220 1460 2256 Quonam
1487 2220 1607 2251 modo?

145 2271 283 2304 Arnen.
308 2273 393 2310 Quid
409 2284 512 2314 porr0,
534 2273 561 2304 si
581 2284 685 2315 neque
709 2278 806 2304 eutem
832 2273 947 2304 habeat
969 2279 1002 2304 et
1025 2273 1067 2303 sit
1090 2272 1242 2303 timidus?
1287 2273 1384 2305 Mne.
1408 2274 1560 2315 Ignavum
1573 2280 1608 2305 et

141 2325 286 2357 inutilem
299 2337 404 2357 narras
417 2327 555 2364 omnino,
569 2338 673 2369 neque
687 2328 820 2358 virorum
836 2328 891 2358 sed
909 2327 1015 2357 vilium
1031 2327 1225 2369 quarundam
1240 2327 1406 2358 mulierum
1420 2329 1608 2370 principem.

145 2379 284 2411 Arum«.
305 2380 370 2417 Qui
385 2391 458 2412 vero
474 2381 582 2412 laudat
610 2387 663 2412 aut
678 2382 835 2423 vituperat
860 2382 1044 2412 societatem
1065 2381 1214 2423 aliquam,
1230 2381 1317 2423 cujus
1330 2392 1399 2412 esse
1415 2381 1475 2413 dux
1492 2383 1607 2424 aliquis

147 2435 258 2476 possit,
280 2434 382 2476 sitque
405 2435 489 2465 utilis
517 2436 664 2472 societas,
688 2436 832 2476 quotiens
857 2446 948 2466 suum
974 2441 1069 2466 nacta
1092 2440 1140 2466 est
1169 2435 1404 2476 gubematorem
1422 2447 1431 2473 ;
1454 2436 1509 2467 ille
1535 2447 1609 2468 vero

147 2499 308 2530 nunquam
333 2498 404 2520 eam
418 2493 502 2519 recte
518 2488 633 2519 viderit
655 2490 868 2530 gubernatam,
892 2490 948 2520 sed
974 2499 1099 2531 semper
1114 2493 1169 2520 aut
1191 2489 1308 2529 absque
1334 2489 1530 2531 principibus
1555 2495 1610 2522 aut

147 2554 220 2574 cum
234 2543 402 2584 improbis:
427 2543 571 2584 nunquid
593 2549 677 2574 recte
694 2554 833 2585 unquam
854 2545 1032 2585 vituperare
1049 2553 1117 2573 eam
1139 2547 1192 2573 aut
1209 2541 1334 2573 laudare
1350 2544 1490 2584 poterit?
1513 2545 1614 2577 Meo.

147 2598 222 2635 Quo
235 2603 329 2639 pacto
342 2596 374 2627 id
388 2597 494 2633 saciet,
507 2597 562 2638 qui
572 2608 734 2638 nunquam
746 2599 927 2630 societatem
939 2604 1025 2629 recte
1038 2598 1241 2639 gubernatam
1252 2598 1462 2638 prospexerit?
1473 2597 1612 2631 Arum«.

147 2651 229 2694 Age,
234 2652 299 2694 jam
312 2651 475 2683 attendite.
490 2656 719 2693 compotatores
732 2653 1047 2694 compotationesque
1059 2661 1163 2683 nonne
1173 2650 1213 2682 de
1225 2650 1333 2681 multis
1341 2652 1611 2684 communionibus

149 2717 243 2737 unam
256 2707 427 2748 ponemus?
442 2706 540 2737 Mne.
553 2706 768 2747 Summopere.
792 2707 930 2738 Amen.
947 2707 1041 2737 Hanc
1054 2716 1125 2737 vero
1143 2705 1286 2746 nunquid
1300 2716 1439 2747 unquam
1453 2712 1540 2738 recte
1553 2719 1611 2748 gu-

152 2759 310 2791 bernatam
320 2761 441 2802 aspexit
453 2760 617 2802 quisquam
629 2761 640 2791 ?
651 2760 707 2791 sed
716 2761 804 2792 vobis
811 2761 1001 2803 respondere
1014 2760 1209 2795 facillimum,
1217 2770 1380 2801 nunquam
1393 2760 1424 2790 id
1436 2761 1608 2802 perspexis-

151 2823 202 2844 se:
216 2824 319 2855 neque
332 2815 417 2845 enirn
427 2814 460 2845 id
472 2815 560 2846 vobis
571 2825 611 2846 ex
620 2815 728 2857 patriis
744 2815 864 2856 legibus
873 2821 1071 2847 consuetum:
1088 2825 1147 2854 ego
1159 2819 1263 2844 autem
1271 2814 1378 2845 multis
1387 2814 1502 2856 passim
1512 2815 1609 2845 inter-

153 2867 211 2903 fui,
219 2867 450 2912 diligenterque
460 2869 500 2901 de
509 2870 663 2906 omnibus,
674 2869 850 2900 utbreviter
864 2870 978 2906 dicam,
987 2867 1131 2910 quaesivi:
1144 2868 1327 2909 nullamque
1338 2868 1434 2899 ferme
1444 2873 1528 2899 recte
1539 2868 1607 2898 uni-

154 2931 274 2955 versam
283 2922 489 2959 administrari
507 2930 561 2958 aut
572 2924 638 2958 vidi
656 2934 793 2968 unquam
807 2929 860 2958 aut
874 2924 997 2966 audivi5
1008 2923 1064 2956 sed
1075 2922 1245 2967 particulas
1260 2922 1609 2965 quodmumodoparvas
