1840 3225
204 229 283 266 430
787 225 1051 266 PLATONIS
1560 229 1655 282 [928

204 331 332 361 credere
347 326 473 366 debent,
488 328 550 360 nisi
566 329 694 360 omnino
715 329 876 361 dementes
891 330 964 360 sint.
987 340 1059 361 cum
1074 339 1147 359 vero
1169 329 1235 361 liaec
1253 329 1296 360 ita
1310 335 1420 361 natura
1435 329 1509 367 sint,
1524 331 1656 372 primunt

202 384 294 415 Deos
317 384 452 414 maxime
477 393 607 424 superos
631 383 773 420 timeant,
793 383 846 424 qui
873 383 912 414 de
938 394 1101 424 puerorum
1117 383 1314 415 desolatione
1331 391 1517 426 procurant:
1541 384 1659 416 deinde

200 438 297 468 etiam
308 443 496 468 mortuorum
511 447 630 473 manes,
645 437 757 478 quibus
771 444 882 468 natura
900 438 994 472 inest,
1021 443 1056 467 ut
1073 436 1232 478 praecipua
1245 438 1367 468 illorum
1384 448 1460 469 cura
1481 430 1662 473 teneantur,

202 492 256 532 qui
282 491 320 522 ab
345 492 391 522 eis
415 491 514 532 geniti
532 495 615 526 sunt,
637 490 717 521 adeo
741 496 776 522 ut
796 492 1018 522 honorantibus
1034 501 1087 521 eos
1105 491 1242 532 propitii,
1259 493 1532 523 contemnentibus
1547 492 1662 524 infensi

201 546 274 576 sint.
296 551 446 586 praeterea
460 545 615 576 seniomm
630 545 801 577 viventium
818 546 950 582 animos,
967 547 1019 587 qui
1040 546 1186 576 maximis
1200 546 1232 576 in
1249 546 1376 577 civitate
1391 546 1477 578 felici
1491 540 1662 588 funguntur

200 600 388 630 honoribus:
413 609 492 641 quos
515 599 571 630 filii
597 607 794 641 nepotesque
819 600 891 631 dum
912 601 1031 637 colunt,
1051 600 1280 642 jucundissime
1296 601 1416 631 vivunt.
1439 600 1472 631 hi
1486 606 1577 632 acute
1593 600 1662 631 haec

201 654 332 685 audiunt
346 659 378 684 et
392 659 482 685 acute
498 653 710 694 perspiciunt:
735 654 855 696 eisque,
872 655 926 696 qui
943 655 1027 696 juste
1051 655 1208 696 orphanos
1233 660 1380 691 tractant,
1408 652 1662 695 benevoli'sunt·

200 709 265 739 illis
281 713 386 739 autem
400 708 532 738 maxime
548 707 759 749 indignantur,
770 708 823 749 qui
836 708 1032 739 contumeliis
1045 709 1228 750 parentibus
1238 708 1328 739 orbos
1341 708 1492 740 afficiunt.
1507 704 1664 750 or'phanos

201 763 319 804 quippe
330 762 497 792 maximum
512 762 814 803 sacratissimumque
830 761 1006 803 depositum
1023 767 1144 803 putant.
1169 762 1216 793 his
1231 753 1474 793 omnibus'tutor
1496 768 1530 793 et
1547 761 1662 803 magis-

201 822 301 847 tratus
313 816 522 847 commonitus
537 820 683 853 mentem,
699 816 727 846 si
743 825 836 857 quam
851 817 956 852 habet,
971 816 1011 846 ad
1023 816 1102 847 hanc
1114 826 1179 847 rem
1192 816 1355 847 adhibebit
1368 828 1374 846 :
1391 825 1428 848 ac
1439 816 1479 847 de
1493 814 1663 857 disciplina

202 870 451 911 educationeque
476 871 685 911 orphanorum
715 870 761 900 ita
783 869 963 911 providebit
986 879 1044 911 pro
1072 870 1201 905 viribus,
1225 875 1261 900 ut
1286 870 1346 900 sibi
1367 875 1400 901 et
1422 870 1486 901 suis
1499 868 1665 912 providere

201 924 357 955 videatur.
380 924 560 965 quicunque
590 924 650 954 hoc
680 929 754 954 ante
782 924 885 965 legem
915 923 1043 954 exordio
1070 933 1234 964 persuasus
1264 923 1302 953 ab
1331 923 1417 954 omni
1446 924 1479 954 in
1507 923 1664 964 orphanos

202 978 395 1009 contumelia
410 988 444 1008 se
459 977 645 1013 continebit,
656 977 850 1018 iramlegum
865 977 1008 1018 effugiet.
1031 983 1064 1008 at
1076 977 1131 1019 qui
1143 977 1358 1019 praefationem
1373 978 1455 1009 hanc
1465 974 1664 1018 aspernatus,

202 1034 339 1074 aliquem
363 1037 449 1073 patre
476 1036 530 1062 aut
550 1036 651 1062 matre
670 1031 824 1073 privatum
848 1031 968 1074 injuriis
984 1031 1090 1068 afficit,
1106 1032 1254 1062 damnum
1271 1030 1402 1072 duplum
1418 1030 1570 1067 restituat,
1585 1039 1622 1061 ac
1639 1029 1666 1060 si

204 1097 297 1128 quem
307 1092 454 1128 parentes
468 1086 575 1116 ambos
590 1086 759 1116 habentem
774 1085 901 1117 laeserit.
923 1086 979 1117 sed
993 1086 1092 1128 leges,
1103 1095 1173 1127 quae
1186 1090 1369 1127 sequuntur,
1380 1084 1537 1116 tutoribus
1548 1095 1557 1123 ;
1573 1089 1667 1125 prout

203 1151 275 1182 erga
288 1141 442 1182 orphanos
456 1150 489 1170 se
506 1144 625 1181 gerant,
639 1140 882 1181 magistratibus,
898 1145 990 1181 prout
1004 1141 1043 1171 de
1059 1151 1132 1171 cura
1147 1145 1284 1171 tutorum
1306 1139 1485 1181 inquirant,
1495 1137 1669 1170 conscribi-⁴

202 1206 283 1226 mus.
307 1195 332 1225 si
361 1205 436 1235 ergo
457 1194 656 1225 educationis
683 1194 850 1225 liberorum
877 1194 936 1235 ipsi
962 1195 1087 1236 propria
1114 1199 1146 1225 et
1173 1193 1323 1224 distincta
1343 1192 1489 1234 quaedam
1513 1191 1665 1223 habereut

203 1249 357 1290 exempla,
380 1259 416 1279 ac
444 1248 531 1290 ipsos
551 1247 724 1279 educantes
747 1248 788 1280 de
810 1248 900 1279 rebus
929 1249 995 1279 suis
1019 1249 1109 1279 aliter
1138 1248 1350 1290 providerent,
1372 1246 1522 1288 legesque
1543 1246 1584 1276 de
1595 1245 1668 1276 istis

203 1303 401 1334 mediocriter
425 1302 592 1333 distinctas
613 1303 782 1333 haberent:
808 1313 871 1334 non
886 1303 1003 1344 absque
1019 1313 1114 1333 causa
1130 1302 1238 1333 tutoris
1253 1302 1352 1343 leges,
1368 1300 1517 1342 quoniam
1531 1299 1667 1330 multum

204 1357 243 1388 ab
270 1357 333 1387 illis
359 1356 530 1392 differrent,
557 1366 695 1387 seorsum
724 1356 899 1393 ederemus,
930 1357 1000 1387 aliis
1028 1356 1142 1387 studiis
1168 1356 1377 1396 orphanorum
1391 1354 1500 1391 vitam,
1517 1353 1588 1384 aliis
1600 1354 1665 1399 non

204 1412 414 1451 orphanorum
429 1410 617 1439 munientes.
633 1421 716 1437 nunc
734 1420 804 1437 vero
814 1411 852 1437 ad
867 1412 934 1438 haec
949 1412 1091 1439 universa
1103 1410 1220 1439 orbitas
1229 1408 1360 1448 ejusque
1372 1418 1444 1439 cura
1456 1417 1520 1437 non
1529 1407 1664 1437 multum

204 1464 322 1499 differt,
338 1466 489 1504 quantum
503 1461 545 1491 ad
558 1462 645 1502 leges
660 1461 784 1496 attinet,
811 1470 829 1490 a
842 1461 1069 1500 gubernatione
1084 1467 1215 1500 paterna
1229 1471 1235 1488 :
1261 1458 1319 1489 sed
1332 1460 1461 1495 honore,
1474 1462 1668 1500 contemptu,

205 1529 279 1550 cura
293 1516 446 1558 exaequari
458 1514 586 1545 minime
603 1515 695 1544 solet.
720 1513 816 1555 [928]
841 1518 1033 1555 quapropter
1047 1514 1096 1544 lex
1111 1512 1303 1543 consolando
1317 1513 1532 1553 minandoque
1550 1512 1668 1553 orpha·

204 1582 314 1602 norum
330 1580 412 1601 curae
424 1568 540 1600 studet.
561 1578 666 1609 neque
682 1568 720 1598 ab
735 1578 768 1598 re
780 1567 886 1603 fuerit,
901 1567 925 1597 si
940 1567 1024 1597 hunc
1036 1566 1069 1597 in
1080 1565 1203 1597 modum
1215 1566 1370 1597 minemur
1384 1578 1391 1596 ε
1438 1565 1502 1602 Qui
1516 1565 1669 1597 feminam

205 1635 363 1657 maremve
388 1628 518 1660 tutatur,
548 1627 581 1653 et
604 1622 658 1664 qui
683 1622 724 1653 de
750 1621 852 1663 legum
878 1621 1058 1652 custodibus
1073 1626 1207 1651 tutorem
1228 1620 1392 1651 observare
1408 1619 1595 1652 constitutus
1610 1622 1671 1656 est,

205 1690 269 1710 non
295 1677 591 1718 minus'orplianos,
618 1687 713 1717 quam
735 1675 760 1706 si
783 1675 946 1716 genuisset
975 1686 1040 1712 eos,
1071 1674 1201 1715 diligat5
1225 1684 1327 1716 neque
1352 1684 1403 1705 res
1428 1674 1551 1705 illorum
1580 1674 1672 1716 pejus

206 1744 299 1776 quam
323 1742 395 1763 suas
419 1731 582 1773 gubernet,
607 1731 702 1761 immo
730 1730 826 1761 etiam
852 1730 969 1761 affectu
994 1730 1090 1760 animi
1113 1729 1237 1760 melius.
1259 1738 1355 1759 unam
1379 1738 1453 1759 vero
1470 1728 1551 1759 hanc
1567 1727 1669 1769 legem

206 1798 329 1829 semper
344 1788 375 1817 in
392 1786 495 1817 animo
509 1785 672 1822 habentes,
688 1786 820 1815 tutelam
836 1789 998 1826 peragant.
1019 1784 1045 1815 si
1072 1783 1142 1826 quis
1163 1783 1236 1815 huic
1262 1782 1328 1824 legi
1351 1781 1559 1824 derogaverit,
1587 1785 1672 1812 tutor

207 1841 348 1883 quidem'
362 1851 382 1871 a
404 1841 588 1881 magIstratu
612 1841 856 1871 condemnetur:
881 1839 1081 1881 magistratus
1099 1833 1216 1875 autem,
1232 1836 1273 1868 ad
1287 1837 1460 1868 electorum
1481 1835 1636 1877 judicium
1651 1845 1672 1866 a

207 1901 308 1928 tutore
334 1901 473 1927 vocatus,
500 1895 598 1936 duplo
622 1895 737 1925 damno
754 1894 916 1925 afficiatur.
938 1893 972 1924 id
989 1892 1138 1924 damnum
1154 1891 1311 1923 sententia
1329 1890 1474 1933 judicum
1489 1890 1672 1921 aestimetur.

208 1950 294 1992 quod
316 1950 343 1980 si
361 1954 444 1980 tutor
457 1950 618 1990 negligere
635 1955 689 1980 aut
702 1949 860 1980 malitiose
877 1959 970 1990 agere
985 1947 1168 1990 propinquis
1188 1951 1242 1977 aut
1255 1951 1427 1978 ceterorum
1441 1944 1558 1976 civium
1573 1944 1672 1975 alicui

207 2004 375 2040 videbitur,
405 2004 439 2034 in
463 2003 559 2034 idem:
574 2003 732 2045 judicium
752 2003 922 2044 adductus,
949 2002 1160 2045 quadruplum
1182 2000 1289 2032 damni
1303 2000 1469 2031 restituat:
1494 1993 1672 2040 cujus'pars

209 2058 308 2089 altera
322 2068 431 2098 puero,
449 2058 621 2088 accusatori
636 2059 735 2088 altera
751 2057 919 2090 deseratur.
943 2062 1108 2098 postquam
1133 2065 1207 2086 vero
1231 2054 1272 2085 ad
1298 2054 1493 2096 pubertatem
1510 2053 1678 2094 orphanus

209 2112 307 2148 vonit,
333 2112 358 2142 si
387 2112 467 2142 male
492 2121 597 2142 secum
621 2112 722 2153 egisse
747 2117 878 2143 tutorem
903 2111 1037 2146 duxerit,
1057 2111 1097 2141 ad
1123 2109 1377 2151 quinquennium
1390 2117 1489 2148 usque-
1503 2107 1543 2138 ab
1558 2100 1671 2137 exacta

208 2165 308 2198 tutela
330 2165 364 2196 in
387 2170 522 2196 tutorem
546 2165 605 2195 sibi
631 2175 724 2206 agere
740 2166 844 2198 liceat.
867 2171 901 2196 et
915 2165 941 2195 si
957 2170 1041 2195 tutor
1055 2163 1211 2205 quispiam
1223 2161 1495 2196 condemnabitur,
1509 2160 1585 2202 quid
1602 2160 1672 2201 pati

209 2220 325 2250 dareve
352 2218 476 2255 debeat,
499 2229 516 2249 a
533 2218 693 2260 judicibus
719 2218 914 2250 decernatur.
938 2219 965 2248 si
990 2218 1228 2259 magistratuum
1242 2216 1355 2257 aliquis
1371 2225 1427 2256 per
1441 2213 1670 2255 negligentiam

209 2273 344 2304 obfuisse
371 2273 510 2314 orphano
537 2272 695 2303 videatur:
720 2272 797 2314 quid
822 2273 883 2314 ipsi
905 2272 1132 2303 restituendum
1147 2270 1199 2305 sit,
1218 2269 1345 2310 judices
1360 2273 1510 2299 statuant.
1534 2267 1582 2297 sin
1598 2275 1669 2296 vero

210 2328 304 2358 etiam
328 2337 383 2368 per
407 2327 561 2369 injuriam,
579 2337 643 2357 non
667 2327 768 2358 solum
795 2327 944 2357 damnum
973 2326 1127 2359 restituat,
1152 2334 1258 2354 verum
1283 2322 1377 2353 etiam
1395 2322 1575 2362 magistratu
1592 2320 1673 2362 legis

210 2381 373 2413 custodum
398 2381 545 2422 privetur,
572 2387 605 2411 et
619 2381 699 2412 alius
714 2391 770 2422 pro
786 2391 824 2411 eo
840 2380 961 2411 civitati
977 2379 1159 2420 regioniquc
1177 2389 1192 2407 a
1209 2377 1327 2419 populo
1344 2376 1511 2407 confestim
1537 2379 1673 2406 creetur.

210 2437 312 2468 solent
336 2442 457 2477 patrum
487 2435 634 2466 adversus
657 2435 736 2466 filios
759 2435 891 2476 querelae
917 2435 993 2469 sieri,
1020 2433 1153 2463 tiliorum
1179 2441 1303 2473 quoque
1320 2430 1351 2460 in
1369 2435 1526 2471 parentes,
1538 2428 1673 2470 majores

211 2501 303 2532 quam
318 2490 429 2520 deceat
446 2502 452 2520 ι
478 2500 608 2530 quarum
621 2500 717 2520 causa
729 2496 836 2531 patres
848 2489 942 2520 scribi
957 2493 1101 2529 oportere
1117 2497 1136 2517 a
1150 2486 1329 2527 legislatore
1344 2484 1423 2515 sorte
1438 2488 1562 2525 putent,
1578 2481 1674 2513 liccat

209 2545 281 2580 sibi,
297 2544 324 2574 si
338 2544 448 2580 velint,
465 2544 593 2585 publico
607 2544 765 2585 praeconio
782 2543 879 2574 filium
894 2541 1049 2578 abdicare,
1065 2551 1106 2572 ne
1131 2540 1266 2581 amplius
1279 2538 1453 2570 secundum
1470 2538 1572 2579 legem
1587 2535 1672 2566 filius

209 2598 269 2628 sit:
296 2603 328 2627 et
355 2598 426 2628 filiis
452 2604 600 2639 parentes
625 2598 739 2628 morbis
766 2597 815 2628 vel
842 2596 928 2627 senio
948 2595 1078 2636 turpiter
1094 2594 1223 2625 affectos
1241 2593 1336 2624 liceat
1350 2590 1496 2622 amentiae
1510 2597 1672 2620 accusare.

210 2653 277 2682 liaec
307 2651 421 2686 onmia,
449 2651 500 2681 ubi
525 2651 652 2692 pessimi
679 2651 806 2682 omnino
831 2660 931 2681 mores
957 2648 1117 2679 homiuum
1141 2652 1224 2682 sunt,
1248 2643 1390 2676 accidere
1416 2643 1528 2674 solent.
1552 2650 1626 2671 nam
1641 2640 1669 2670 si

210 2705 373 2736 dimidium
386 2705 486 2735 solum
502 2711 585 2735 esset
600 2705 726 2741 iiialum,
743 2710 778 2736 ut
793 2705 819 2735 si
834 2708 979 2745 parentes
988 2702 1064 2733 mali
1080 2702 1129 2732 vel
1141 2701 1197 2731 filii
1209 2699 1312 2731 solum
1321 2703 1438 2732 essent,
1450 2704 1516 2726 tam
1526 2694 1670 2736 gravium

210 2758 441 2790 inimicitiarum
457 2759 653 2790 calamitates
669 2769 733 2790 uon
748 2759 922 2790 evenirent.
940 2756 1079 2798 profecto
1093 2755 1126 2786 in
1141 2755 1203 2785 alia
1216 2753 1326 2795 quavis
1334 2750 1496 2793 republica
1506 2747 1673 2780 abdicatus

210 2813 293 2844 filius
309 2823 371 2843 non
384 2813 562 2843 necessario
575 2814 700 2844 civitate
716 2813 876 2854 privatur:
901 2811 933 2842 in
958 2821 994 2841 ea
1017 2820 1100 2845 vero,
1127 2819 1197 2850 quas
1215 2807 1263 2837 his
1287 2805 1408 2847 legibus
1432 2801 1666 2845 gubernabitur,

210 2867 272 2898 alio
285 2867 369 2898 abire
384 2872 472 2908 patre
490 2867 640 2907 privatum
656 2877 785 2898 necesse
801 2872 849 2898 cst
866 2877 872 2896 :
900 2864 996 2906 [929]
1021 2863 1137 2905 quippe-
1162 2871 1234 2893 cum
1249 2860 1288 2891 ad
1305 2857 1513 2901 quadraginta
1527 2861 1559 2886 et
1573 2855 1668 2897 quin-

209 2921 298 2962 quies
314 2920 397 2952 millc
414 2921 519 2952 domos
536 2921 620 2952 nulla
636 2922 734 2962 possit
749 2920 908 2956 accedere,
924 2923 1110 2960 quapropter
1121 2921 1240 2957 oportet
1255 2914 1350 2945 filium
1363 2912 1431 2954 jure
1441 2908 1664 2945 abdicandum,
