1840 3225
227 244 275 280 33
839 235 1107 274 PLAT0N1s
1599 239 1697 293 [134

225 347 296 378 ticae
312 355 375 376 non
392 346 484 375 modo
499 343 663 385 pulchrum
689 352 768 378 esse,
784 343 837 373 sed
855 342 946 373 etiam
970 343 1107 373 bonum?
1154 342 1243 373 Tunc
1259 342 1311 373 ille
1327 347 1359 373 et
1383 343 1472 374 valde
1488 343 1605 375 ironice
1627 343 1692 375 duo

225 400 346 432 diversa
359 399 488 441 protulit
502 411 509 429 :
528 399 688 429 Adversus
701 398 799 438 hunc,
816 397 929 438 inquit,
945 397 1079 436 dicatur,
1093 397 1179 438 quod
1197 401 1340 427 neutrum
1352 396 1412 435 sit;
1428 397 1575 428 adversus
1585 402 1689 428 autem

226 459 268 491 te,
296 464 314 483 o
342 454 496 494 Socrates,
519 456 552 483 et
575 451 737 493 pulchrum
764 455 796 482 et
821 451 940 481 bonum
965 450 1056 480 simul
1072 460 1138 481 esse
1153 449 1316 482 confiteor.
1362 450 1446 492 Ergo
1462 450 1494 481 in
1519 450 1691 493 gymnasiis

224 507 356 537 multum
372 506 508 537 laborem
524 505 681 537 existimas
703 515 771 536 esse
787 504 992 546 gymnasticae
1013 504 1170 535 studium?
1220 504 1263 534 Et
1277 504 1410 536 maxime
1424 504 1565 546 quidem,
1587 504 1691 546 inquit

222 561 288 597 ille,
304 560 568 601 quemadmodum
580 560 610 590 in
625 558 879 600 philosophando
897 557 994 588 multa
1007 558 1125 589 discere
1141 557 1372 599 philosophiam
1384 563 1474 600 puto.
1497 558 1604 599 Atque
1616 568 1690 600 ego,

223 613 364 645 credisne
379 613 583 655 gymnasticae
599 611 756 643 studiosos
771 611 890 653 aliquid
908 611 993 642 aliud
1006 617 1169 652 appetere,
1184 622 1277 652 quam
1294 617 1330 642 ut
1344 622 1449 643 eorum
1465 622 1595 653 corpora
1610 612 1692 643 bene

221 677 254 697 se
270 667 428 698 habeant?
475 667 513 697 Id
539 667 654 707 ipsum,
680 665 794 706 inquit.
839 664 923 695 Num
949 665 1036 695 multi
1054 665 1173 696 labores
1191 666 1301 696 bonam
1318 665 1455 707 corporis
1470 665 1686 696 habitudinem

222 720 384 751 efficiunt?
430 720 526 762 [134]
559 720 705 756 Quonam
735 723 840 758 paeto,
879 718 982 759 inquit
1019 718 1083 758 ille,
1119 730 1154 749 ex
1194 719 1302 760 paucis
1337 719 1493 750 laboribus
1526 718 1686 750 robustum

223 784 337 815 corpus
360 774 426 805 fieri
453 773 581 815 potest?
629 772 675 802 At
697 772 848 813 deinceps
874 770 948 801 mihi
974 772 1056 802 visus
1085 777 1134 803 est
1157 772 1369 813 gymnasticus
1392 772 1446 803 ille
1468 772 1688 814 provocandus

222 837 300 863 esse,
316 831 351 857 ut
368 826 443 857 mihi
457 838 495 857 ex
511 826 623 868 peritia
639 825 843 867 gymnasticae
859 825 1007 856 auxilium
1025 825 1127 856 ferret.
1150 824 1238 856 illurn
1254 826 1369 857 deinde
1394 830 1594 868 percontatus
1609 836 1689 863 sum,

221 879 309 917 Quid
335 884 440 911 autem
465 886 499 910 tu
527 885 622 916 taces,
648 890 667 909 o
692 879 736 909 vir
762 879 892 920 optime,
920 879 987 910 haec
1012 879 1071 909 isto
1098 879 1268 921 loquente?
1299 890 1374 910 num
1401 885 1434 911 et
1458 879 1516 911 tibi
1542 879 1690 910 videntur

218 934 361 964 homines
386 945 424 965 ex
451 933 554 964 multis
577 933 747 970 labor-ibus,
775 943 815 963 an
843 933 1021 974 temperatis
1049 933 1141 963 robur
1167 934 1353 975 acquirere?
1399 933 1567 974 Equidem,
1591 943 1610 963 o
1626 934 1685 964 So-

218 992 330 1024 crates,
353 997 486 1018 asserere
509 987 606 1017 ausim
632 998 668 1018 ex
695 986 862 1018 moderatis
884 997 998 1027 corpus
1023 988 1101 1018 bene
1132 997 1200 1018 sese
1227 988 1353 1019 habere.
1399 987 1505 1024 Unde,
1535 987 1686 1029 inquam?

218 1051 282 1071 non
300 1041 395 1071 virum
411 1040 591 1082 vigilantem
609 1040 681 1071 dico
697 1045 728 1070 et
743 1041 930 1071 esurientem
943 1045 975 1070 et
985 1040 1138 1071 insuetam
1149 1041 1270 1081 spinam
1283 1041 1448 1072 habentem
1460 1046 1491 1071 et
1503 1040 1585 1072 curis
1600 1045 1685 1071 exte-

218 1094 371 1124 nuatum?
417 1094 460 1124 Et
483 1104 552 1124 curn
567 1094 634 1124 haec
651 1093 792 1130 dixisset,
816 1094 964 1124 delectati
980 1094 1197 1125 adolescentes
1213 1095 1388 1126 arriserunt.
1412 1095 1490 1125 alter
1510 1099 1614 1125 autem
1629 1094 1685 1125 ille

216 1146 350 1177 erubuit.
395 1146 485 1178 Tunc
501 1158 571 1188 ego,
587 1147 673 1185 Quid
690 1153 722 1178 tu
738 1147 856 1188 igitur?
883 1149 1086 1184 concedisne,
1102 1159 1160 1180 nec
1175 1159 1288 1190 parvos
1304 1159 1407 1191 neque
1421 1159 1550 1190 magnos
1566 1149 1686 1180 labores

216 1200 433 1231 habitudinem
449 1202 563 1231 bonam
578 1201 714 1243 corporis
729 1201 862 1238 efficere,
879 1202 935 1232 sed
952 1202 1150 1233 moderatos?
1174 1213 1212 1233 an
1229 1213 1383 1244 repugnas
1407 1203 1510 1243 nobis,
1524 1213 1595 1234 cum
1620 1202 1685 1233 duo

221 1253 316 1284 simus
340 1254 373 1284 in
397 1254 610 1296 disputatione
626 1256 820 1286 concordes?
868 1255 1015 1287 Libenter
1045 1256 1186 1298 quidem,
1213 1257 1328 1298 inquit,
1358 1257 1431 1288 huic
1459 1266 1663 1298 repugnarem
1679 1269 1686 1288 z

220 1312 316 1348 atque
332 1309 478 1339 adversus
493 1320 563 1340 eum
581 1309 711 1341 valerem
728 1311 771 1347 id,
788 1311 872 1352 quod
891 1311 1050 1352 proposui,
1067 1311 1248 1348 defendere,
1264 1311 1386 1343 etiamsi
1402 1321 1526 1343 causam
1542 1299 1686 1343 haberem

221 1361 325 1392 minus
352 1362 498 1394 validam.
523 1364 639 1394 nullius
653 1364 736 1394 enim
752 1365 842 1405 pretii
859 1370 916 1396 est.
964 1365 1080 1395 Verum
1105 1371 1206 1396 tecum
1231 1366 1306 1396 nihil
1322 1366 1415 1397 decet
1436 1370 1549 1406 praeter
1562 1365 1687 1407 opinio-

221 1425 293 1446 nem
309 1417 540 1448 contendere«:'
548 1418 601 1448 sed
617 1418 779 1454 confiteor,
795 1429 858 1449 non
875 1418 999 1458 multas,
1013 1419 1106 1449 immo
1119 1424 1305 1461 temperatas
1317 1419 1553 1451 exercitationes
1568 1420 1684 1450 bonum

222 1470 360 1510 corporis
377 1470 517 1501 habitum
540 1471 718 1502 hominibus
740 1477 897 1513 praestare.
945 1472 1018 1503 Cibi
1045 1478 1160 1510 autern,
1177 1473 1317 1514 inquam,
1338 1473 1438 1510 multi,
1454 1483 1494 1504 an
1509 1473 1687 1504 moderati?

222 1522 265 1553 Et
279 1524 352 1559 cibi,
369 1525 423 1555 ait.
469 1525 624 1556 Praeterea
637 1526 775 1568 compuli
790 1537 874 1563 eum,
890 1531 924 1556 ut
939 1527 1127 1558 concederet
1141 1527 1260 1568 reliqua
1274 1527 1390 1564 omnia,
1402 1537 1472 1569 quae
1483 1527 1564 1558 circa
1575 1537 1688 1569 corpus

221 1582 394 1617 versantur,
409 1583 580 1621 temperata
602 1580 727 1621 quidem
752 1581 900 1622 prodesse
923 1581 1195 1622 quamplurimum,
1212 1592 1313 1622 pauca
1335 1592 1407 1612 vero
1423 1581 1472 1612 vel
1493 1581 1590 1612 nimia
1604 1592 1686 1612 nun-

223 1641 329 1672 quam.
375 1631 417 1663 Et
432 1633 484 1664 ille
501 1634 658 1664 moderata
669 1634 780 1676 juvare
804 1635 964 1666 confessus
980 1640 1037 1666 est.
1083 1635 1128 1666 At
1142 1646 1212 1676 quae
1228 1636 1266 1666 ad
1284 1636 1418 1666 animam
1435 1639 1593 1676 spectant,
1613 1640 1685 1667 cum

220 1685 380 1716 moderata
396 1687 594 1724 adhibentur,
617 1689 810 1725 conducunt,
827 1699 866 1719 an
893 1689 998 1730 potius
1022 1689 1248 1720 immoderata?
1273 1689 1451 1720 Moderata.
1498 1688 1687 1730 Disciplina:

219 1744 323 1770 autem
350 1751 455 1771 nonne
481 1752 517 1772 ex
542 1742 579 1772 iis
606 1748 689 1780 sunt,
705 1753 776 1783 quae
798 1741 909 1773 animae
933 1743 1120 1774 adhibentur
1134 1748 1166 1773 et
1180 1742 1368 1774 conserunt?
1413 1742 1593 1775 Consensit.
1637 1741 1685 1773 Ex

217 1793 392 1834 disciplinis
406 1795 512 1836 itaque
527 1806 597 1836 quae
612 1801 791 1837 temperatae
807 1803 890 1833 sunt,
906 1808 969 1828 non
986 1807 1056 1839 quae
1073 1798 1190 1834 multae,
1214 1797 1380 1827 utilitatem
1395 1796 1554 1827 afferunt?
1599 1796 1684 1827 Con-

217 1848 323 1878 cessit.
367 1848 470 1884 Quem
494 1859 569 1891 ergo
592 1850 781 1892 interrogare
807 1852 916 1882 merito
940 1851 1133 1888 conveniret,
1159 1851 1267 1893 quales
1291 1856 1363 1881 sunt
1379 1850 1498 1880 labores
1514 1855 1608 1890 atque
1623 1850 1688 1881 cibi

220 1901 373 1932 moderati
388 1902 427 1932 ad
443 1903 578 1944 corpus?
623 1903 661 1933 ln
677 1904 738 1934 hoc
753 1908 814 1935 tres
841 1915 903 1935 una
927 1905 1140 1941 convenimus,
1166 1905 1320 1936 medicum
1344 1903 1491 1935 videlicet
1512 1903 1561 1935 vel
1577 1904 1686 1945 paedo-

220 1955 343 1993 trivem,
358 1956 392 1986 id
409 1960 457 1986 est
470 1957 701 1988 exercitationis
718 1958 909 1999 magistrum,
925 1959 1189 2000 interrogandum.
1235 1959 1338 1996 Quem
1361 1969 1433 1989 vero
1448 1958 1488 1988 de
1504 1957 1687 1998 spargendis

220 2009 403 2045 seminibus,
417 2015 494 2051 quot
511 2011 670 2041 moderata
683 2012 767 2042 sint?
799 2012 1029 2053 Agricultorem
1045 2013 1182 2044 confessi
1199 2023 1314 2044 sumuS.
1340 2012 1386 2043 At
1401 2021 1474 2043 vero
1490 2011 1531 2041 de
1546 2015 1687 2042 semente

218 2067 250 2093 et
266 2062 462 2104 plantatione
476 2063 712 2105 disciplinarum
727 2065 759 2095 in
775 2066 891 2106 anima,
907 2076 1072 2107 quemnam
1090 2067 1200 2098 merito
1217 2065 1479 2109 percontabimur,
1502 2064 1611 2107 quales
1634 2064 1685 2096 vel

219 2121 345 2157 quantae
360 2121 540 2158 temperatae
556 2117 630 2149 sint.
676 2118 793 2150 Verum
809 2119 958 2161 deinceps
980 2131 1051 2151 cum
1077 2120 1287 2162 ambiguitatis
1310 2119 1395 2161 pleni
1411 2128 1562 2155 essemus,
1586 2117 1685 2159 [135]

219 2180 278 2211 ego
289 2169 402 2210 jocans
426 2170 565 2212 inquam,
590 2171 751 2211 Voltisne,
774 2178 940 2215 postquam
965 2184 1021 2204 nos
1039 2174 1069 2204 in
1097 2175 1156 2205 hoc
1171 2174 1309 2215 ambigui
1323 2183 1441 2213 sumus,
1456 2173 1496 2203 ab
1510 2172 1547 2202 iis
1563 2171 1687 2202 adoles·

219 2224 363 2255 centibus
389 2224 420 2254 id
447 2226 643 2265 quaeramus?
666 2236 705 2257 an
730 2227 859 2258 forsitan
885 2228 1107 2264 erubescimus»,
1133 2226 1398 2269 quemadmodum
1428 2235 1541 2268 procos
1563 2223 1687 2256 inducit

221 2278 389 2315 Homerus,
413 2278 555 2310 nolentes
569 2280 662 2311 aliurn
680 2281 859 2323 quempiam
884 2287 994 2323 praeter
1017 2293 1050 2313 se
1067 2293 1170 2313 arcum
1187 2283 1361 2314 intendere.
1407 2280 1469 2312 Sed
1486 2289 1558 2311 cum
1573 2278 1690 2310 oratio-

219 2343 289 2363 nem
314 2343 414 2364 meam
438 2333 570 2374 graviter
590 2334 667 2366 serre
693 2335 882 2374 viderentur,
905 2336 966 2367 alia
990 2337 1125 2378 quadam
1158 2336 1207 2367 via
1234 2337 1266 2367 id
1298 2335 1484 2376 investigare
1512 2343 1685 2375 aggressus,

218 2387 358 2427 inquam,
381 2385 495 2423 Qualia
518 2398 585 2418 esse
609 2388 721 2420 debere
746 2390 963 2431 conjiciemus,
992 2401 1062 2432 quae
1078 2395 1202 2432 oportet
1218 2389 1438 2432 philosophum
1455 2388 1587 2424 discere,
1609 2397 1682 2418 cum

217 2450 320 2481 neque
335 2440 440 2470 omnia
454 2451 556 2482 neque
571 2442 669 2473 multa
679 2443 765 2485 sequi
781 2444 894 2475 debeat
907 2444 917 2474 ?
963 2444 1142 2485 Suscipiens
1158 2455 1230 2475 vero
1247 2453 1419 2474 sermonem
1434 2441 1605 2483 sapientior
1619 2439 1684 2478 ille,

216 2494 261 2525 ait
277 2494 495 2535 pulcherrimas
508 2500 602 2537 atque
620 2497 753 2528 maxime
768 2508 921 2539 congruas
937 2498 1040 2528 animo
1056 2499 1238 2539 disciplinas
1251 2508 1329 2534 esse,
1339 2507 1376 2528 ex
1390 2496 1506 2538 quibus
1517 2494 1680 2526 maximam

216 2548 285 2589 quis
311 2548 439 2588 gloriam
466 2549 498 2579 in
525 2550 724 2592 philosophia
748 2552 970 2592 consequitur:
998 2552 1160 2583 maximam
1187 2563 1259 2583 vero
1286 2551 1415 2593 gloriam
1439 2549 1642 2590 adipiscetur,
1656 2547 1685 2581 si

217 2601 406 2642 singularum
433 2602 542 2633 artium
572 2604 687 2644 peritus
712 2615 778 2636 esse
797 2605 957 2636 videatur:
984 2605 1009 2636 si
1036 2606 1138 2637 minus
1165 2605 1316 2644 omnium,
1344 2603 1545 2646 plurimarum
1561 2600 1684 2636 saltem,

217 2664 384 2695 earumque
408 2657 586 2696 praesertim,
612 2669 682 2699 quae
708 2658 915 2690 aestimatione
943 2664 1015 2690 sunt
1039 2659 1163 2701 dignae:
1189 2670 1225 2691 ea
1250 2669 1313 2701 prae
1329 2657 1439 2690 ceteris
1453 2656 1589 2691 discens,
1611 2663 1684 2696 quae

217 2708 328 2739 liberos
344 2708 484 2739 homines
499 2710 624 2749 decent,
638 2723 747 2753 quaeve
771 2713 986 2754 intelligentiae
1002 2713 1134 2750 ratione,
1150 2724 1213 2744 non
1230 2722 1376 2744 manuum
1392 2709 1577 2749 ministerio,
1590 2707 1684 2750 perfi-

218 2762 351 2793 ciuntur.
396 2761 476 2792 Tum
493 2773 564 2804 ego,
580 2765 634 2802 sic,
651 2766 791 2807 inquam,
807 2767 898 2804 dicis,
914 2767 1178 2809 quemadmodum
1193 2768 1223 2798 in
1240 2766 1358 2798 fabrica
1373 2763 1553 2805 contingit?
1575 2762 1607 2792 in
1619 2771 1684 2802 qua

215 2817 334 2847 fabrum
348 2816 475 2858 quidem
491 2817 662 2849 ministrum
680 2821 728 2852 vel
752 2822 790 2851 ad
808 2831 959 2852 summum
974 2821 1112 2863 quinque
1137 2827 1191 2853 aut
1207 2832 1258 2852 sex
1275 2820 1364 2851 minis
1388 2827 1516 2854 emeres,
1531 2814 1684 2846 architec-

217 2877 281 2901 tum
295 2881 366 2901 vero
381 2881 482 2912 neque
499 2872 709 2922 drachmarum
725 2875 834 2906 decem
852 2876 987 2906 millibus
1003 2888 1008 2905 :
1037 2886 1108 2907 nam
1126 2887 1179 2918 per
1195 2885 1318 2907 omnem
1335 2872 1491 2905 Graeciam
1509 2869 1565 2900 rari
1575 2869 1685 2900 admo·

217 2926 290 2957 (hun
314 2924 517 2967 reperiuntur.
543 2927 685 2968 nunquid
715 2929 774 2960 tale
798 2929 916 2971 aliquid
941 2930 1008 2961 ais?
1054 2930 1113 2962 Illc
1142 2941 1189 2962 mc
1206 2929 1350 2972 audiens,
1366 2928 1396 2959 id
1413 2926 1514 2969 ipsum
1533 2933 1565 2955 se
1580 2922 1684 2956 dicere
