1840 3225
197 257 279 294 484
749 256 1012 295 EPISTOLA
1041 258 1132 295 VII.
1568 263 1668 312 [334

202 358 330 401 poribus
346 359 431 390 Dion
441 359 570 390 rediens
586 359 723 397 domum,
739 361 850 392 fratres
866 361 944 392 duos
957 361 1173 393 Athenienses
1190 372 1295 393 secum
1312 363 1412 401 duxit,
1428 373 1491 394 non
1507 373 1545 394 ex
1567 364 1672 406 philo-

200 413 313 455 sophia
328 413 371 444 sic
387 413 516 450 amicos,
541 414 597 444 sed
615 424 652 445 ex
667 415 726 446 hac
750 416 910 446 communi
925 416 1108 457 vulgarique
1133 416 1359 454 familiaritate,
1372 428 1442 459 quae
1455 419 1671 460 hospitalitate

201 467 337 511 quadam
354 473 387 499 et
405 467 566 509 frequenti
580 469 663 500 inter
675 479 763 500 sacra
782 470 1027 511 spectaculaque
1044 471 1272 502 consuetudine
1295 471 1467 503 amicitiam
1488 473 1673 504 contrahere

203 521 381 553 consuevit.
405 521 548 553 similiter
566 523 626 560 illi,
639 528 706 554 tum
717 534 753 553 ex
770 523 829 560 bis,
845 534 914 565 quae
927 525 1002 562 dixi,
1020 530 1086 556 tum
1103 525 1177 567 quia
1191 525 1338 556 redeunti
1353 527 1507 568 obsequia
1521 527 1675 568 praestite-

202 580 286 612 runt,
300 575 469 607 amicitiam
482 587 552 608 cum
564 577 669 608 Dione
681 578 904 608 conflaverant.
918 578 950 609 hi
965 589 1040 620 ergo
1053 589 1126 610 cum
1140 579 1173 609 in
1184 579 1323 611 Siciliam
1341 581 1477 622 profecti
1493 586 1609 617 essent,
1625 580 1674 612 in·

200 629 445 672 telligerentque
456 631 627 662 calumnias
638 631 721 662 inter
732 632 805 664 illos
818 633 912 673 ipsos,
926 634 980 673 qui
991 633 1029 664 ab
1041 634 1111 674 ipso
1122 634 1245 665 liberati
1259 639 1361 670 erant,
1375 634 1473 676 [334]
1489 635 1523 666 in
1534 634 1674 666 Dionem

200 684 373 726 conjectas,
387 686 475 726 quasi
489 685 693 728 tyrannidem
708 686 882 722 affectaret,
896 697 959 717 non
971 686 1181 728 prodiderunt
1192 687 1287 718 modo
1303 688 1441 718 amicum
1456 694 1489 718 et
1502 688 1674 729 hospitem,

200 739 258 770 sed
273 749 331 770 ceu
352 740 488 781 propriis
505 740 648 771 manibus
662 740 723 782 ipsi
738 751 937 782 percussores
952 742 1088 772 suerunt.
1111 752 1195 772 arma
1211 741 1297 772 enim
1313 747 1460 773 tenentes
1487 741 1674 774 interfecto-

200 793 283 824 ribus
300 795 406 835 palam
420 794 561 825 auxiliati
577 800 660 825 sunt.
682 800 715 826 et
729 795 874 826 facinoris
900 796 1026 836 quidem
1055 796 1140 826 illius
1159 796 1387 838 turpitudinem
1410 796 1674 838 impietatemque

199 856 304 888 neque
319 854 471 889 praetereo
483 848 631 890 equidem
654 859 760 890 neque
784 859 904 881 enarro.
929 850 1016 880 multi
1048 850 1132 880 enim
1163 851 1230 881 haec
1261 850 1446 892 diligentius
1472 855 1677 881 narraverunt
1716 851 1723 860 '

200 905 295 942 atque
312 902 492 933 narrabunt.
509 903 564 934 sed
580 903 729 934 adversus
743 903 908 934 infamiam
925 904 1062 934 civitatis
1076 908 1192 934 nostrae
1204 905 1393 945 respondeo.
1407 914 1480 935 nam
1496 904 1523 935 si
1538 903 1677 935 Atheni-

200 965 294 986 enses
308 956 433 987 fucrunt
446 957 505 993 illi,
521 958 575 998 qui
589 957 816 998 prodiderunt:
839 958 895 988 ille
912 968 1039 999 quoque
1056 958 1259 988 Atheniensis
1275 958 1346 995 suit,
1363 958 1417 999 qui
1427 968 1529 999 neque
1545 958 1677 999 pecuni-

199 1019 289 1040 arum
304 1021 408 1051 neque
421 1011 576 1042 honorum
587 1011 828 1052 pollicitatione,
843 1016 879 1042 ut
893 1012 1043 1053 proderet
1062 1011 1164 1048 illum,
1186 1011 1302 1043 adduci
1317 1022 1456 1053 unquam
1472 1012 1588 1054 potuit.
1610 1022 1676 1043 non

200 1063 287 1095 enim
301 1075 360 1106 per
377 1065 539 1107 vulgarem
565 1066 854 1107 mercenariamque
879 1066 1137 1097 benevolentiam
1160 1067 1260 1097 sactus
1288 1072 1357 1097 erat
1382 1067 1512 1102 amicus,
1543 1066 1599 1097 sed
1619 1077 1677 1108 per

199 1118 339 1149 liberalis
365 1118 541 1160 disciplinae
568 1120 834 1150 communionem.
857 1120 912 1161 qui
945 1126 1030 1151 certe
1053 1121 1120 1157 uui,
1150 1121 1204 1161 qui
1227 1121 1321 1163 sapit,
1346 1122 1418 1162 plus
1447 1120 1579 1152 adhibet
1603 1121 1678 1152 fidei

200 1182 297 1214 quam
313 1173 370 1204 ulli
385 1178 418 1204 et
432 1173 607 1204 animorum
622 1174 838 1215 conjunctioni
853 1181 885 1205 et
901 1184 1067 1215 corporum
1084 1175 1363 1216 consanguinitati.
1379 1175 1488 1216 itaque
1510 1184 1575 1205 non
1598 1175 1679 1205 tanti

199 1228 377 1258 aestimandi
392 1233 466 1259 sunt
477 1229 536 1265 illi,
552 1232 588 1259 ut
603 1227 744 1259 dedecus
758 1228 879 1260 civitati
903 1228 942 1258 ob
965 1228 1083 1259 Dionis
1107 1228 1226 1259 caedem
1247 1229 1358 1259 afferre
1380 1229 1556 1271 potuerint,
1586 1229 1678 1270 quasi

199 1281 336 1323 alicujus
351 1282 443 1324 pretii
459 1292 596 1324 unquam
613 1282 742 1312 fuerint.
763 1283 832 1313 haec
857 1281 942 1312 dicta
958 1287 1029 1312 sunt
1050 1282 1167 1318 omnia,
1183 1293 1246 1323 quo
1272 1283 1388 1313 Dionis
1413 1282 1523 1314 amicis
1548 1282 1677 1324 propin·

199 1336 333 1378 quisque
356 1337 582 1368 consuleretur.
607 1337 738 1367 consulo
750 1341 854 1367 autem
870 1341 1024 1377 praeterea
1039 1341 1073 1367 et
1104 1336 1195 1367 tertio
1219 1336 1308 1367 vobis
1333 1346 1460 1377 quoque
1480 1336 1549 1378 jam
1576 1336 1680 1367 tertiis

199 1389 287 1421 idem
301 1400 427 1432 prorsus
443 1391 617 1432 eademqne
632 1390 767 1427 ratione,
783 1400 824 1420 ne
842 1390 951 1421 Sicilia
979 1401 1060 1421 neve
1079 1389 1191 1421 civitas
1214 1390 1281 1420 ulla
1303 1390 1462 1432 aliquibus
1481 1389 1676 1428 hominibus,

199 1445 257 1475 sed
273 1445 396 1486 legibus
410 1445 584 1481 dumtaxat,
603 1444 801 1486 subjiciatur,
818 1449 854 1475 ut
868 1449 974 1475 nostra
999 1444 1061 1475 fert
1087 1445 1179 1476 ratio.
1202 1454 1306 1485 neque
1330 1444 1415 1475 enim
1439 1443 1676 1475 dominantibus

198 1498 279 1541 ipsis
301 1509 406 1540 neque
430 1499 638 1530 servientibus
659 1499 692 1529 id
710 1499 788 1530 utile
805 1502 865 1535 est,
880 1509 983 1540 neque
1011 1509 1120 1530 eorum
1140 1498 1216 1529 filiis
1240 1504 1293 1529 aut
1316 1497 1400 1529 natis
1425 1503 1593 1528 natorum:
1618 1498 1677 1529 sed

200 1551 447 1594 perniciosorum
464 1553 593 1583 omnino
604 1552 768 1583 hominum
783 1558 831 1583 est
856 1552 890 1583 id
914 1552 1054 1594 aggredi.
1079 1553 1204 1594 angusti
1231 1562 1303 1583 vero
1332 1557 1365 1583 et
1391 1551 1557 1583 illiberalis
1579 1551 1678 1582 animi

199 1611 248 1637 est
273 1607 429 1649 ejusmodi
458 1607 544 1638 lucra
562 1607 756 1649 praecipere:
781 1607 860 1637 nihil
881 1607 930 1638 vel
954 1607 987 1637 in
1012 1617 1151 1648 praesens
1173 1606 1221 1638 vel
1247 1606 1282 1637 in
1308 1606 1447 1637 futurum
1470 1611 1594 1648 tempus
1618 1605 1675 1637 bo-

199 1671 307 1692 norum
335 1661 555 1703 justorumque
585 1662 637 1692 vel
669 1662 847 1692 divinorum
872 1663 1120 1692 humanorumve
1147 1661 1368 1703 intelligentis.
1392 1661 1460 1692 haec
1488 1669 1549 1702 ego
1576 1659 1678 1691 Dioni

198 1716 335 1757 primum
365 1715 554 1757 persuadere
584 1723 716 1747 conatus
731 1726 811 1753 sum,
836 1716 953 1747 deinde
982 1715 1153 1758 Dionysio,
1171 1715 1263 1746 tertio
1279 1725 1355 1746 vero
1374 1725 1460 1746 nunc
1482 1714 1581 1746 vobis.
1603 1723 1679 1756 ergo

199 1770 337 1812 pareatis
353 1770 442 1806 mihi,
457 1770 548 1802 Jovis
569 1771 656 1801 tertii
683 1770 850 1801 servatoris
865 1770 973 1812 gratia.
996 1775 1152 1812 praeterea
1178 1769 1330 1813 Dionysii
1356 1769 1539 1811 Dionisque
1555 1768 1676 1800 exitum

199 1824 456 1862 animadvertite.
502 1824 679 1867 Dionysius
701 1825 842 1866 quidem,
866 1834 930 1856 non
951 1825 1174 1866 obtemperans
1197 1824 1338 1856 consiliis
1359 1824 1451 1860 meis,
1475 1822 1558 1854 vivit
1579 1822 1677 1854 etiam

198 1888 284 1910 nunc
308 1876 372 1910 n'on
394 1880 548 1910 honeste:
570 1879 656 1909 Dion
670 1889 757 1916 vere,
779 1890 848 1911 cum
875 1879 1166 1920 obtemperavisset,
1183 1880 1315 1909 honeste
1328 1878 1461 1909 interiit.
1485 1877 1517 1909 ei
1537 1886 1675 1918 namque

198 1933 278 1970 viro,
306 1934 360 1975 qui
382 1933 622 1975 praeclarissima
648 1933 707 1964 sibi
734 1934 909 1975 patriaeque
929 1933 1068 1971 affectat,
1093 1933 1175 1964 nihil
1200 1942 1350 1974 unquam,
1374 1932 1437 1962 nisi
1457 1936 1580 1962 rectum
1603 1931 1676 1973 pul-

199 1988 371 2029 chrumque
385 1992 490 2029 potest
505 1987 661 2019 accidere.
675 1998 735 2018 nec
747 1998 820 2019 vero
835 1989 1000 2029 quisquam
1016 1995 1156 2018 nostrum
1170 1994 1260 2018 natus
1271 1993 1320 2017 est
1333 1986 1519 2017 immortalis
1532 1997 1539 2015 :
1556 1995 1674 2027 neque,

199 2042 227 2072 si
242 2042 295 2073 cui
310 2041 344 2072 id
359 2043 538 2083 contigerit,
555 2047 640 2073 esset
654 2042 681 2072 is
696 2047 864 2083 propterea
878 2042 967 2078 felix,
985 2047 1019 2072 ut
1035 2042 1129 2082 vulgo
1142 2041 1281 2072 videtur.
1303 2041 1397 2072 rebus
1419 2041 1546 2082 quidem
1565 2049 1674 2071 caren-

198 2095 282 2126 tibus
297 2095 404 2126 anima
420 2097 497 2126 nihil
517 2097 563 2126 vel
588 2096 703 2127 bonum
720 2101 769 2126 est
787 2097 837 2127 vel
853 2097 970 2128 malum
987 2096 1220 2127 existimatione
1237 2095 1370 2137 dignum
1385 2107 1391 2125 :
1411 2094 1509 2137 [335]
1534 2095 1591 2125 sed
1605 2093 1676 2125 uni-

198 2150 313 2191 cuique
328 2150 442 2181 animae
456 2150 489 2180 id
503 2151 638 2186 accidet,
655 2155 710 2181 aut
724 2151 799 2181 dum
813 2156 863 2181 est
882 2161 952 2181 cum
967 2160 1095 2192 corpore
1111 2155 1165 2180 aut
1179 2160 1197 2180 a
1213 2159 1343 2192 corpore
1359 2154 1524 2191 separatae.
1541 2149 1674 2180 creden·

199 2204 276 2235 dum
291 2208 340 2235 est
354 2214 466 2234 revera
487 2214 613 2245 semper
628 2205 766 2245 antiquis
781 2204 939 2244 sacrisque
954 2204 1068 2240 verbis,
1086 2213 1155 2244 quae
1170 2204 1262 2234 nob1s
1285 2204 1434 2234 nuntiant
1462 2203 1673 2235 immortalem

197 2268 267 2289 esse
283 2259 430 2294 animam,
444 2257 634 2298 judicesque
651 2259 778 2294 habere,
805 2258 1029 2299 suppliciaque
1057 2258 1123 2298 pati
1144 2258 1290 2292 maxima,
1308 2262 1477 2298 postquam
1492 2266 1511 2287 a
1539 2266 1671 2298 corpore

196 2311 290 2343 fuerit
315 2317 472 2354 separata.
496 2311 699 2354 quamobrem
725 2313 830 2342 minus
850 2312 970 2342 malum
986 2311 1232 2342 existimandum
1255 2316 1305 2341 est
1322 2310 1446 2352 perpeti
1473 2310 1672 2351 gravissimas

195 2366 341 2408 injurias,
369 2376 387 2397 a
416 2367 674 2407 delinquentibus
700 2366 812 2402 illatas,
830 2376 922 2406 quam
937 2365 1064 2396 inferre.
1089 2376 1159 2406 quse
1191 2366 1322 2406 quidem
1349 2366 1442 2396 horno
1472 2363 1671 2395 cumulandae

197 2422 341 2462 pecuniae
355 2421 492 2456 deditus,
509 2426 541 2451 ct
551 2421 585 2450 in
611 2425 800 2461 paupertate
815 2419 911 2450 animi
937 2420 1127 2450 constitutus
1153 2429 1217 2450 non
1245 2418 1346 2454 audit,
1374 2428 1422 2455 ac,
1452 2418 1479 2449 si
1505 2417 1672 2454 audiverit,

198 2475 289 2516 quasi
304 2485 362 2506 suo
382 2475 504 2517 judicio
524 2474 699 2504 deridenda
724 2473 921 2505 contemnit:
946 2478 1040 2514 atque
1066 2472 1271 2514 impudenter
1296 2473 1380 2513 rapit
1407 2472 1560 2514 undique,
1581 2472 1670 2514 quic-

197 2529 276 2570 quid
291 2530 448 2560 existimat
463 2528 533 2565 sibi,
553 2529 653 2559 veluti
679 2528 799 2564 bestiae,
825 2528 1007 2568 voluptates
1030 2528 1151 2558 ventris
1178 2526 1456 2568 suppeditaturum
1483 2526 1668 2557 oblectatio-

196 2593 332 2624 nemque
348 2593 526 2619 veneream,
542 2582 689 2613 servilem
704 2587 788 2613 certe
801 2588 894 2623 atque
907 2583 1060 2623 ingratam
1078 2588 1109 2611 et
1125 2581 1305 2617 absurdam,
1323 2591 1381 2612 nec
1399 2591 1479 2612 verae
1496 2580 1669 2622 voluptatis

197 2637 325 2668 nomine
341 2636 488 2678 dignam3
512 2642 543 2667 et
558 2637 648 2678 quasi
669 2647 772 2668 caecus
793 2647 858 2667 non
887 2636 988 2666 cernit
1015 2646 1048 2666 se
1077 2635 1192 2666 frustra
1218 2635 1411 2667 contendere
1439 2634 1668 2676 inexplebilem

197 2691 323 2732 explere
348 2691 660 2732 concupiscentiam:
701 2702 803 2733 neque
832 2701 937 2721 rursus
966 2691 1078 2727 cernit,
1113 2696 1265 2732 quantum
1290 2691 1333 2721 sit
1361 2689 1508 2731 impietas
1540 2687 1667 2725 tnalum,

198 2745 375 2787 quibusque
391 2745 468 2776 insit
479 2746 585 2782 rebus,
602 2756 726 2786 semper
740 2745 901 2787 injustitias
917 2746 1026 2776 mixta.
1049 2755 1143 2787 quani
1157 2745 1285 2786 quidem
1299 2753 1430 2775 necesse
1445 2747 1496 2774 est
1517 2742 1666 2778 animam,

197 2809 268 2841 quae
292 2800 522 2842 perpetraverit
542 2800 672 2841 injusta,
704 2811 812 2831 secum
839 2802 971 2836 trahere,
998 2805 1032 2831 et
1059 2800 1135 2830 dum
1159 2810 1216 2840 per
1243 2804 1358 2830 terram
1386 2796 1559 2828 revolvitur
1585 2797 1668 2826 inter

197 2855 353 2891 homines,
379 2860 413 2885 et
429 2853 505 2884 dum
519 2855 577 2885 sub
593 2861 706 2886 terram
732 2855 847 2896 passim
862 2855 999 2897 turpiter
1028 2855 1157 2885 omnino
1182 2859 1277 2895 atque
1301 2851 1416 2883 misere
1439 2850 1668 2882 circumfertur.

195 2919 267 2941 cum
284 2909 377 2951 igitur
392 2910 459 2941 haec
474 2910 597 2950 aliaque
621 2909 745 2951 generis
766 2908 908 2951 ejusdem
935 2909 1034 2941 Dioni
1059 2908 1208 2944 dicerem,
1232 2906 1384 2949 persuasi.
1412 2903 1667 2937 interfectoribus

193 2968 299 2996 autem
313 2963 386 3006 ejus
396 2963 570 3006 justissime
583 2963 714 3007 quidem
729 2964 888 3002 irascerer,
905 2964 1018 2997 eodem
1034 2963 1124 3006 quasi
1139 2963 1233 2995 modo
1243 2967 1338 3003 atque
1348 2960 1522 3002 Dionysio.
1536 2959 1662 3000 utrique
