1840 3225
213 212 262 248 50
702 208 922 246 INCERTI
954 207 1224 246 AUCTORIS
1578 209 1676 260 [120

214 323 306 353 quam
325 312 486 353 iudignum
514 311 619 342 indole
647 315 700 342 tua
727 321 762 342 ac
788 311 924 353 reliquis,
940 321 1011 351 quae
1035 310 1090 340 tibi
1115 310 1248 340 adsunt!
1295 309 1360 340 AL.
1384 310 1540 347 Quorsum
1564 312 1643 348 liaec,
1658 324 1677 342 ο

213 366 378 396 Socrates?
423 364 478 396 So.
503 365 646 396 Graviter
661 364 744 395 enim
774 364 838 395 sero
869 365 909 394 ob
938 369 1074 394 mutuam
1106 364 1186 394 inter
1215 374 1271 395 nos
1301 363 1564 396 benevolentiam.
1612 365 1678 396 AL.

217 419 376 455 Quidnam
395 420 406 448 ?
452 418 508 449 So.
534 418 628 455 Quod
647 418 776 459 dignum
794 417 950 458 putaveris
966 418 1114 447 adversus
1137 416 1290 454 homines,
1306 417 1360 458 qui
1377 418 1428 448 hic
1443 423 1526 455 sunt,
1542 418 1608 449 fore
1622 419 1678 449 tibi

214 477 383 504 certamen.
429 471 491 502 AL.
514 470 675 502 Adversus
690 481 768 512 quos
785 470 902 511 igitur?
948 470 1005 500 So.
1030 469 1188 506 Decetne,
1204 475 1239 500 ut
1264 470 1295 501 id
1318 475 1436 512 quaerat
1452 471 1508 508 vir,
1520 471 1575 512 qui
1602 471 1681 502 tanti

216 536 248 556 se
265 526 360 556 facit?
407 525 472 557 AL.
498 525 585 562 Quid
603 525 669 555 ais?
694 535 799 554 nonne
816 524 962 554 adversus
979 523 1055 553 istos
1073 524 1148 554 mihi
1164 525 1344 555 certamen?
1389 525 1445 556 So.
1469 524 1500 555 Si
1525 529 1681 565 pugnatu-

217 589 279 609 ram
297 579 449 610 triremem
467 579 637 620 gubernare
653 583 816 618 statueres,
828 577 942 608 satisne
960 577 1017 608 tibi
1034 583 1126 618 esset,
1145 579 1206 609 tuis
1222 579 1387 609 connautis
1401 579 1432 608 in
1456 578 1681 619 gubernatione

218 637 362 673 praestare
376 633 387 662 ?
411 637 464 664 aut
480 633 540 663 hoc
555 632 744 663 existimares
759 631 887 673 quidem
904 632 1012 663 adesse
1029 637 1184 673 oportere,
1197 632 1363 674 respiceres
1373 638 1475 663 autem
1490 633 1528 662 ad
1541 637 1682 663 strenuos

218 685 420 723 adversarios,
433 696 508 723 non,
526 690 560 716 ut
582 696 666 716 nunc
690 685 779 725 facis,
795 686 833 716 ad
860 690 1105 727 propugnatores
1130 691 1199 716 tuos
1214 698 1220 716 ε
1246 687 1359 727 quibus
1375 692 1405 717 te
1423 691 1541 716 tantum
1558 691 1683 728 oportet

219 739 382 777 excellere,
397 744 431 770 ut
446 750 508 770 non
525 744 632 770 contra
649 740 718 770 illos
736 740 940 780 pugnandum
964 740 1132 779 existimes,
1147 740 1201 770 sed
1224 751 1277 770 eos
1301 740 1404 781 potins
1428 740 1512 781 parvi
1529 740 1682 781 pendens,

220 804 276 825 ceu
295 792 439 824 ministris
466 793 612 824 adversus
634 798 776 824 externos
801 793 904 823 hostes
932 793 1047 823 utaris:
1073 793 1095 823 si
1121 793 1248 834 quidem
1265 803 1368 824 revera
1383 793 1539 834 egregium
1555 793 1682 834 aliquod

224 847 344 877 facinus
371 847 462 877 edere
490 846 578 883 velis,
596 851 626 877 te
654 858 690 878 ac
714 857 744 877 re
769 846 893 887 publica
919 851 971 877 tua
996 846 1145 887 dignum?
1195 846 1260 877 AL.
1284 846 1329 878 At
1356 846 1388 878 id
1416 847 1542 887 quidem
1568 846 1685 886 cogito.

226 901 284 932 So.
307 901 408 937 Quam
425 900 553 941 dignum
570 905 627 935 est.
648 906 681 931 ut
696 906 744 931 sat
759 899 816 931 tibi
830 901 944 931 factum
963 906 1066 942 putes,
1083 901 1106 931 si
1126 900 1165 930 sis
1182 905 1303 931 tuorum
1323 900 1453 931 militurn
1471 899 1686 942 praestantissi-

223 964 304 988 mus,
319 964 382 985 non
398 958 502 984 autem
524 954 671 995 respicias
693 955 733 984 ad
760 954 894 984 hostium
921 954 1030 994 duces,
1046 965 1108 995 qua
1135 954 1254 984 ratione
1270 954 1330 984 illis
1345 954 1489 989 excellas,
1504 953 1687 994 conjectans

223 1007 263 1037 ad
280 1017 333 1037 eos
349 1018 482 1048 semper,
498 1012 530 1038 et
545 1013 651 1038 contra
677 1007 744 1037 illos
768 1012 798 1037 tc
825 1007 988 1037 muniens?
1037 1007 1103 1037 AL.
1126 1007 1215 1044 Quos
1241 1007 1330 1043 dicis,
1353 1018 1372 1037 o
1398 1007 1495 1047 [120]
1520 1006 1686 1037 Socrates?

225 1060 280 1092 So.
305 1060 419 1091 Nostin
437 1061 542 1092 urbem
561 1066 695 1091 nostram
712 1070 782 1090 cum
799 1060 1046 1090 Lacedaem‘oniis
1070 1070 1106 1091 ac
1132 1070 1245 1100 magno
1262 1060 1423 1091 Persarum
1450 1070 1522 1100 rege
1547 1058 1687 1100 undiquc

225 1114 339 1144 bellum
356 1115 483 1155 gerere?
530 1113 594 1145 AL.
619 1114 702 1144 Vera
718 1113 808 1145 dicis.
853 1113 905 1144 S0.
930 1113 1058 1150 Nonne,
1075 1124 1145 1145 cum
1161 1114 1276 1144 habeas
1287 1113 1322 1145 in
1337 1113 1453 1149 animo,
1468 1112 1562 1154 liujus
1578 1113 1686 1143 civita·

224 1168 263 1200 tis
289 1168 352 1199 dux
380 1168 457 1204 fieri,
475 1172 556 1199 recte
582 1167 709 1203 senties,
726 1167 751 1198 si
776 1167 933 1208 putaveris
959 1167 1105 1197 adversus
1134 1167 1443 1198 Laccdaemoniornm
1463 1166 1688 1206 Persarumque

225 1233 311 1262 reges
335 1227 490 1253 certamen
516 1226 546 1252 te
572 1221 768 1251 subiturum?
814 1220 880 1252 AL.
905 1221 986 1252 Vera
1009 1221 1112 1251 dicere
1128 1221 1252 1253 videris.
1296 1221 1352 1252 So.
1377 1220 1463 1257 Non,
1479 1231 1498 1250 o
1525 1221 1606 1250 bone
1623 1219 1688 1249 vir:

225 1277 278 1306 sed
296 1276 335 1306 ad
353 1275 486 1306 Midiam
503 1275 696 1305 coturnicum
713 1275 893 1305 nutritorem
920 1279 951 1305 te
979 1275 1071 1306 dccet
1093 1274 1247 1315 inspicere
1270 1280 1302 1306 et
1326 1274 1403 1305 alios
1427 1273 1620 1315 hujusmodi,
1635 1273 1689 1314 qui

225 1329 330 1361 civilia
346 1333 475 1360 tractare
491 1328 631 1360 similiter
645 1329 877 1369 aggrediuntur,
895 1329 997 1359 adhuc
1013 1328 1148 1365 serviles,
1166 1334 1199 1358 ut
1215 1328 1357 1359 mulieres
1370 1329 1522 1364 dicerent,
1539 1328 1688 1358 habentes

226 1382 258 1412 iu
275 1382 378 1412 auimo
394 1382 473 1422 pilos
489 1382 529 1412 ob
545 1381 689 1413 rusticam
705 1381 903 1423 imperitiam,
919 1382 1054 1413 necdum
1069 1382 1139 1412 illos
1155 1381 1351 1421 abjicientes,
1368 1391 1472 1411 verum
1495 1380 1599 1411 adhuc
1621 1379 1690 1410 bar·

228 1435 341 1466 bariem
359 1435 534 1467 redolentes
548 1448 555 1466 ε
582 1442 676 1477 atque
693 1435 736 1466 ita
752 1435 858 1467 affecti
874 1435 1043 1476 prodeunt,
1059 1435 1213 1466 adulaturi
1229 1435 1361 1474 civitati,
1384 1445 1446 1464 non
1473 1439 1577 1465 autem
1593 1433 1691 1475 impe-

228 1488 333 1520 raturi.
356 1489 395 1519 ad
419 1489 507 1526 istos,
532 1488 671 1530 inquam,
687 1489 802 1519 intueri
818 1494 847 1519 te
865 1488 968 1524 decet,
992 1498 1028 1519 nc
1053 1493 1084 1518 te
1108 1488 1211 1528 ipsum
1237 1488 1407 1529 negligere,
1435 1498 1537 1530 neque
1560 1487 1691 1528 discere,

227 1552 424 1583 quascunque
440 1543 479 1572 ad
494 1542 700 1573 eruditionem
727 1543 898 1583 pertinent,
912 1553 982 1573 cum
1006 1542 1047 1572 sis
1072 1547 1192 1572 tantum
1218 1547 1373 1573 certamen
1401 1542 1563 1572 aditurus:
1589 1551 1691 1582 neque

230 1599 260 1624 te
278 1595 308 1624 in
325 1595 438 1636 quibus
455 1600 579 1636 oportet
594 1606 748 1632 exercere,
763 1601 795 1626 et
811 1607 881 1637 quae
897 1601 970 1626 sunt
984 1596 1198 1638 praeparanda,
1211 1607 1328 1637 parare,
1345 1601 1439 1637 atque
1455 1596 1497 1626 ita
1513 1595 1690 1626 institutum

228 1648 350 1679 civilem
377 1648 674 1680 administrationem
702 1650 880 1690 capessere?
928 1649 992 1681 AL,
1017 1648 1046 1680 Ο
1073 1649 1227 1686 Socrates,
1243 1661 1315 1681 vera
1341 1649 1415 1680 :nihi
1441 1649 1545 1680 dicere
1571 1648 1694 1679 videris.

229 1702 358 1734 arbitror
375 1707 476 1734 tamen
494 1702 799 1736 Lacedaemouiorum
817 1703 912 1734 duces
940 1713 1104 1746 regemque
1129 1704 1290 1735 Persarum
1316 1703 1414 1734 nihilo
1438 1704 1477 1734 ab
1495 1702 1564 1734 aliis
1579 1702 1694 1733 discre-

231 1765 317 1796 pare.
362 1755 418 1800 Sp.
443 1755 498 1793 At,
511 1767 530 1787 o
546 1756 591 1787 vir
606 1756 736 1798 optime,
750 1757 971 1793 animadverte,
987 1766 1105 1798 quaeso,
1120 1755 1220 1798 qualis
1236 1757 1302 1787 haec
1319 1756 1360 1790 sit
1385 1757 1492 1798 opinio
1521 1762 1585 1786 tua.
1630 1755 1696 1788 Ar„-

236 1810 309 1846 Qua
325 1808 358 1839 in
375 1819 405 1839 re
419 1810 430 1839 ?
477 1810 532 1840 So.
555 1810 641 1841 Num
657 1810 815 1842 existimas
832 1815 862 1841 te
885 1811 986 1851 ipsum
1011 1810 1192 1851 diligentius
1215 1816 1404 1847 curaturum,
1419 1811 1445 1841 si
1460 1810 1530 1840 illos
1547 1816 1694 1851 tanquam

236 1862 450 1894 formidaveris
467 1868 674 1904 potentesque
691 1864 861 1905 censueris,
877 1874 917 1895 an
934 1864 958 1894 si
980 1864 1104 1895 minime
1129 1874 1183 1895 eos
1209 1863 1370 1896 timueris?
1419 1863 1480 1895 An.
1503 1863 1536 1894 Si
1551 1868 1698 1905 potentes

232 1916 303 1946 illos
319 1916 546 1949 existimaverO.
590 1918 646 1948 So.
671 1917 722 1948 An
749 1928 869 1954 censes,
886 1917 930 1947 tui
955 1916 1052 1959 ipsius
1076 1928 1180 1949 curam
1207 1918 1238 1949 in
1263 1918 1367 1959 aliquo
1385 1917 1442 1948 tibi
1456 1927 1546 1959 posse
1563 1916 1697 1947 nocere?

234 1969 302 2000 AL.
325 1969 424 2000 Nullo
445 1971 561 2002 modo:
587 1976 619 2002 at
646 1977 767 2012 contra,
792 1970 924 2004 maxime
947 1971 1069 2012 juvare.
1115 1972 1171 2004 So.
1195 1971 1301 2003 Unum
1328 1972 1454 2014 quidem
1478 1973 1538 2002 hoc
1558 1970 1699 2012 inprimis

238 2028 359 2053 tantum
377 2023 490 2055 malum
508 2025 566 2056 ista
595 2030 648 2057 tua
675 2026 784 2066 opinio
812 2025 965 2057 continet.
1008 2025 1074 2057 AL.
1098 2026 1181 2056 Vera
1208 2026 1298 2057 dicis.
1344 2027 1399 2057 So.
1422 2026 1598 2057 Secundum
1617 2035 1701 2064 vero,

239 2077 324 2119 quod
348 2077 425 2109 falsa
441 2082 508 2108 cst:
534 2083 628 2119 atque
644 2077 676 2109 id
694 2090 730 2110 ex
748 2079 809 2110 veri
826 2079 976 2111 similibus
1002 2080 1138 2110 adverte.
1184 2079 1246 2110 Al..
1270 2080 1461 2116 Quomodo?
1507 2078 1562 2109 So.
1587 2078 1699 2109 Utrum

236 2135 479 2161 consentaneum
503 2136 562 2172 est,
577 2133 718 2163 meliores
741 2143 807 2163 esse
834 2137 957 2163 naturas
980 2131 1012 2162 in
1044 2132 1142 2162 nobili
1169 2142 1293 2172 genere,
1321 2142 1412 2172 quarn
1438 2131 1592 2173 ignobili?
1637 2130 1700 2161 AL.

238 2181 553 2225 Manifestuin,quod
572 2184 602 2215 in
620 2196 782 2226 generoso.
827 2185 882 2216 So.
906 2184 1022 2215 Nonne
1050 2185 1130 2215 bene
1159 2185 1236 2222 nati,
1253 2185 1278 2217 si
1301 2186 1380 2215 bene
1403 2185 1496 2215 etiam
1513 2184 1699 2220 nutriantur,

238 2236 280 2266 ita
297 2237 420 2267 denium
438 2239 476 2267 ad
488 2239 631 2269 virtutem
646 2239 855 2281 perveniunt?
902 2238 966 2269 Ax„
992 2238 1129 2269 Necesse
1146 2243 1204 2270 est.
1252 2238 1307 2270 So.
1331 2238 1570 2270 Consideremus
1581 2239 1702 2279 itaque,

240 2290 301 2320 illis
316 2295 418 2321 nostra
440 2297 676 2333 comparantes:
702 2293 833 2334 primum
859 2292 998 2333 quidem,
1015 2297 1114 2322 utrum
1140 2291 1448 2324 Lacedaemoniorum
1476 2292 1701 2332 Persarumque

242 2353 328 2384 reges
345 2345 531 2385 ignobiliori,
546 2356 638 2387 quarn
657 2357 726 2383 nos,
742 2357 854 2387 genere
870 2346 929 2377 orti
945 2346 1120 2377 videantur.
1137 2360 1143 2367 ·
1165 2345 1218 2377 An
1238 2346 1417 2386 ignoramus
1435 2345 1504 2376 illos
1519 2345 1646 2386 quidem
1663 2345 1702 2375 ab

243 2397 392 2435 Hercule,
408 2399 463 2429 hos
479 2404 581 2430 autem
598 2400 637 2430 ab
654 2400 847 2431 Achaemene
864 2410 962 2442 genus
987 2400 1124 2431 ducere?
1170 2400 1315 2431 Herculis
1338 2405 1442 2431 autem
1458 2405 1490 2430 et
1504 2399 1702 2431 Achaemenis

241 2451 328 2491 origo
344 2452 377 2481 in
394 2452 517 2483 Persem
534 2453 622 2485 Jovis
639 2453 735 2484 filium
751 2454 919 2486 reducitur.
942 2452 1037 2495 [121]
1064 2455 1127 2483 AL.
1152 2453 1192 2483 Et
1207 2458 1344 2484 nostrum
1361 2454 1502 2495 quidem,
1518 2464 1536 2484 ο
1549 2454 1705 2493 Socrates,

244 2503 276 2533 in
292 2504 481 2545 Eurysacem
497 2516 505 2536 :
531 2506 699 2549 Eurysacis
715 2507 745 2537 in
762 2507 886 2538 Jovem.
931 2507 986 2537 So.
1009 2506 1108 2548 Atqui
1136 2512 1287 2544 nostrum,
1302 2518 1321 2537 o
1348 2517 1495 2548 generose
1512 2505 1704 2542 Alcibiades,

244 2556 275 2585 iu
294 2557 461 2588 Daedalum
477 2559 570 2589 etiam
586 2572 593 2591 :
621 2560 773 2592 Daedalus
801 2566 906 2592 autem
934 2560 965 2590 in
983 2560 1160 2594 Vulcanum
1187 2560 1276 2593 Jovis
1292 2560 1400 2592 filiurn.
1446 2560 1562 2591 Verum
1578 2559 1706 2590 istorum

245 2609 388 2650 majOreS,
405 2611 443 2640 ab
459 2612 494 2641 iis
512 2612 707 2654 incipientes,
725 2625 811 2656 reges
828 2620 900 2645 sunt
913 2624 949 2644 ex
966 2613 1087 2654 regibus
1105 2624 1200 2655 usque
1218 2615 1257 2645 ad
1272 2613 1384 2647 Jovem
1401 2626 1407 2644 :
1432 2613 1477 2645 illi
1499 2612 1626 2654 quidem
1643 2615 1706 2643 Ar-

246 2674 353 2706 gorum
370 2669 402 2694 et
416 2663 663 2703 Lacedaemonis,
680 2668 728 2698 isti
744 2679 814 2699 vero
834 2669 971 2699 Persidis
995 2679 1138 2710 semper3
1161 2679 1244 2710 saepe
1267 2669 1372 2705 etiam,
1388 2673 1423 2699 ut
1447 2673 1480 2698 et
1502 2677 1597 2703 nunc,
1613 2666 1709 2699 Asiae.

247 2716 315 2747 Nos
331 2722 433 2747 autem
452 2719 685 2761 superioresque
702 2723 796 2753 nostri
812 2723 934 2764 privati.
982 2722 1077 2761 Quod
1094 2722 1119 2752 si
1147 2730 1178 2752 te
1201 2727 1356 2764 oporteret
1372 2721 1584 2763 progenitores
1599 2730 1635 2751 ac
1652 2730 1707 2760 pa-

249 2771 335 2800 trium
363 2771 530 2813 Eurysueis
557 2775 720 2805 ostendere
747 2777 914 2813 Salamina,
932 2776 979 2807 vel
1006 2777 1098 2807 ffiaci
1125 2777 1218 2807 ctiam
1245 2776 1352 2817 prioris
1380 2774 1528 2816 AEginam
1547 2772 1708 2804 Artaxerxi

250 2823 358 2854 Xerxis
373 2824 447 2857 silio.
463 2836 540 2866 quos
558 2831 586 2856 te
603 2827 680 2856 risus
699 2835 923 2870 reportaturum
953 2831 1065 2871 putas?
1091 2831 1143 2860 scd
1173 2831 1255 2867 vide,
1279 2841 1318 2860 nc
1345 2828 1465 2869 generis
1490 2827 1655 2868 dignitate,
1672 2836 1710 2858 nc

250 2877 342 2913 ctiam
357 2878 541 2910 educatione
557 2879 791 2913 illisint‘eriores
808 2885 910 2917 simus.
958 2883 1112 2928 Nuuquitl
1129 2883 1256 2922 audisti,
1272 2888 1388 2927 quauta
1404 2882 1443 2913 sit
1455 2880 1710 2914 Lacedaemonio-
