1840 3225
183 189 288 240 7131
607 187 679 225 DE
718 184 947 224 Lssolssus
987 185 1197 225 LIB.1V.
1566 187 1643 224 329

183 292 306 324 mutari.
329 301 431 334 neque
447 291 534 323 aliter
548 291 636 322 ocius
647 295 700 321 aut
715 289 783 323 fieri
797 299 881 320 nunc
894 289 1079 320 existimetis
1094 294 1147 320 aut
1162 290 1310 320 futurum.
1332 288 1471 330 profecto
1483 288 1542 320 hoc
1553 289 1645 320 nobis

182 357 284 389 neque
298 347 487 388 impossibile
501 352 549 377 est
559 355 662 387 neque
674 345 757 375 factu
771 343 908 376 difficile.
932 343 989 374 sed
1004 343 1081 374 illud
1095 343 1221 375 difficile
1231 343 1315 375 factu
1328 348 1387 379 est,
1405 352 1536 383 raroque
1550 342 1645 384 longo

179 400 214 432 in
238 407 379 442 tempore
392 401 507 432 factum
525 411 532 430 z
556 400 640 442 quod
663 399 688 429 si
715 398 840 440 quando
864 398 1041 440 contigerit,
1059 399 1220 429 innumera
1244 397 1375 433 civitati,
1390 397 1440 428 cui
1455 396 1591 432 eveniet,
1613 403 1647 428 et

181 456 335 487 immensa
346 455 427 486 bona
441 454 569 487 efficiet.
612 453 690 485 Cu.
713 452 801 490 Quid
811 453 888 483 illud
906 452 918 482 ?
963 452 1101 483 Arum.
1124 451 1157 482 Si
1181 452 1308 493 quando
1324 451 1448 482 divinus
1461 461 1547 482 amor
1565 456 1646 482 tem—

182 514 290 550 perate
306 509 451 551 justeque
473 507 587 549 agendi
613 517 735 548 magnae
748 507 896 548 potentiae
911 506 1101 543 innascatur,
1114 516 1185 548 quae
1198 510 1251 536 aut
1262 505 1294 535 in
1311 505 1403 536 unius
1416 505 1476 536 sita
1488 505 1528 536 sit
1541 511 1648 546 potes-

183 569 258 600 tate,
282 568 337 594 aut
359 562 392 594 in
418 561 551 603 plurium
567 561 744 602 principatu
758 559 876 590 divitiis
891 559 939 589 vel
956 559 1119 591 nobilitate
1133 559 1256 600 generis
1271 559 1490 589 excellentium
1505 570 1512 588 ε
1537 565 1592 590 aut
1620 560 1649 590 si

181 617 308 660 quando
329 622 469 648 naturam
491 615 634 646 Nestoris
659 614 730 656 quis
753 613 922 650 reduxerit,
937 624 1030 654 quem
1046 618 1078 644 et
1092 612 1218 644 dicendi
1233 612 1382 644 facundia
1394 616 1425 643 et
1440 614 1647 654 temperantia

182 671 254 701 vitae
277 670 375 701 multo
399 668 500 711 magis
513 669 658 700 omnibus
672 669 857 699 excelluisse
874 668 977 698 serunt
993 678 1000 696 ε
1025 666 1126 708 qualis
1140 666 1267 709 quidem
1283 666 1329 697 vir
1341 666 1442 707 Trojae
1457 666 1648 707 temporibus

183 724 279 755 fuisse
305 723 432 759 dicitur.
457 723 570 754 nostris
590 727 695 753 autem
712 722 840 753 minime
857 733 865 752 t
890 722 927 758 si,
943 721 1071 762 inquam
1086 722 1159 752 talis
1175 721 1365 763 quandoque
1380 721 1426 751 vir
1441 720 1503 751 fuit
1518 726 1572 751 aut
1587 721 1648 751 erit

181 783 237 810 aut
260 787 343 809 nunc
366 776 447 807 inter
458 786 517 808 nos
532 782 581 807 est
596 777 719 818 aliquis,
733 781 766 806 et
779 777 846 818 ipse
863 776 954 807 beate
971 776 1058 812 vivit,
1074 781 1107 806 et
1121 775 1166 806 illi
1180 785 1305 817 quoque
1320 775 1404 806 beati
1422 780 1508 810 sunt,
1524 775 1579 815 qui
1591 775 1648 805 flu-

181 831 268 862 entia
289 841 329 862 ex
352 841 405 862 ore
421 830 563 862 modesto
580 829 713 861 audiunt
727 829 833 861 verba.
856 830 968 860 eadem
983 839 1108 871 quoque
1124 829 1164 860 de
1177 828 1323 859 universa
1337 828 1476 869 potentia
1490 829 1568 859 ratio
1591 833 1649 865 est,

181 886 266 927 quod
276 884 436 920 videlicet,
451 883 548 926 [712]
563 895 634 915 cum
646 884 678 915 in
690 884 801 915 eodem
811 884 937 915 homine
950 883 1031 914 bene
1038 894 1108 914 cum
1120 881 1289 925 prudentia
1297 887 1329 913 et
1340 882 1546 924 temperantia
1557 882 1651 913 simul

181 938 326 981 potentia
350 948 472 969 summa
493 937 688 978 convenerit,
713 942 788 969 tunc
809 938 937 968 demum
952 937 1185 979 gubernationis
1199 937 1326 978 optimae
1341 936 1589 978 optimarumque
1604 937 1650 967 le-

182 997 259 1034 gum
273 991 411 1024 elucebit
425 992 512 1033 origo
531 1004 540 1023 ε
563 991 655 1023 aliter
669 997 772 1023 autem
789 1003 961 1033 nunquam.
983 1002 1091 1023 verum
1106 991 1185 1027 haec,
1200 996 1351 1032 tanquam
1367 990 1473 1021 fabula
1489 990 1650 1031 quaedam,

181 1047 373 1079 oraculorum
398 1045 459 1078 ritu
484 1046 571 1077 dicta
600 1046 685 1078 sint:
709 1051 931 1088 ostensumque
956 1046 996 1077 sit
1019 1046 1131 1088 partim
1148 1045 1276 1076 difficile
1294 1055 1373 1081 esse,
1390 1045 1550 1076 civitatem
1561 1044 1652 1075 bonis

183 1101 309 1132 fundari
323 1101 468 1142 legibu53
490 1100 605 1143 partim
628 1111 712 1137 vern,
736 1101 764 1133 si
785 1100 951 1142 contigerit
972 1101 1017 1137 id,
1033 1099 1117 1142 quod
1130 1099 1280 1136 diximus,
1292 1100 1387 1140 longe
1410 1099 1550 1130 omnium
1563 1098 1652 1129 sacil-

182 1156 292 1186 limum
306 1159 339 1186 et
352 1154 522 1186 brevissimi
535 1155 684 1196 temporis
698 1165 788 1197 opus.
810 1155 887 1187 Cu.
903 1155 976 1193 Quo
993 1159 1085 1196 pacto
1103 1155 1113 1184 ?
1131 1153 1271 1185 Arum«.
1285 1153 1347 1184 Sed
1366 1163 1515 1184 conemur
1524 1152 1590 1195 jam
1606 1153 1653 1184 ci-

185 1209 275 1240 vitati
287 1214 349 1240 tuae
364 1219 428 1240 rem
441 1219 566 1241 omnem
583 1211 868 1247 accommodantes,
885 1215 1031 1251 tanquam
1045 1208 1180 1240 seniores
1192 1208 1308 1250 pueris,
1324 1208 1409 1249 leges
1421 1208 1561 1238 oratione
1577 1217 1652 1238 con-

185 1263 314 1304 fingere.
357 1262 435 1295 Cu.
451 1263 681 1305 Aggrediamur
691 1264 755 1306 jam
771 1263 805 1294 id
820 1263 886 1294 sine
897 1273 996 1294 mora.
1031 1261 1170 1293 Arnen.
1186 1261 1294 1292 Deum
1305 1261 1448 1302 inprimis
1463 1262 1502 1291 ad
1518 1260 1654 1292 civitatis

184 1316 438 1349 constitutionem
461 1317 653 1349 invocemus.
676 1318 730 1360 qui
757 1317 877 1349 utinam
903 1317 1023 1357 audiat,
1036 1315 1268 1357 exaudiensque
1284 1315 1437 1357 propitius
1451 1320 1483 1345 et
1500 1315 1653 1356 benignus

184 1369 276 1401 nobis
290 1370 447 1408 adveniat,
459 1382 522 1402 una
535 1371 696 1403 nobiscum
712 1371 875 1403 civitatem
892 1376 925 1402 et
941 1371 1026 1413 leges
1038 1369 1261 1402 exornaturus!
1308 1369 1385 1402 Cu.
1407 1369 1538 1406 Veniat,
1563 1374 1652 1411 opto.

184 1423 326 1456 Arnim.
347 1424 412 1456 Sed
437 1426 636 1467 qualemnam
659 1426 859 1468 disciplinam
875 1426 995 1457 civitati
1009 1425 1130 1456 tradere
1145 1423 1313 1456 volumus?
1358 1423 1435 1456 CLr.
1460 1423 1606 1460 Declara,
1628 1423 1655 1455 si

186 1477 304 1520 placet,
315 1479 392 1520 quid
408 1479 514 1511 dicere
535 1479 631 1512 velis:
658 1485 758 1511 utrum
782 1480 894 1522 populi
910 1484 1110 1521 potestatem,
1126 1479 1176 1510 vel
1193 1489 1374 1521 paucorum,
1390 1478 1440 1509 vel
1455 1478 1655 1520 optimatum,

184 1531 237 1562 vel
248 1542 390 1574 regnum.
410 1544 515 1575 neque
527 1534 613 1565 enim
628 1533 825 1577 tyrannidem
841 1539 873 1565 te
890 1533 993 1565 dicere
1007 1533 1199 1564 arbitramur.
1242 1532 1384 1564 Arnim.
1408 1532 1477 1574 Age
1487 1532 1565 1574 jam,
1586 1536 1659 1562 uter

186 1590 327 1617 vestrum
350 1587 435 1628 prior
461 1588 538 1619 mihi
564 1588 757 1630 respondere
787 1588 866 1625 vult,
893 1598 1039 1628 quaenam
1062 1598 1100 1618 ex
1113 1587 1162 1618 his
1175 1597 1238 1618 suae
1255 1587 1363 1628 patria:
1375 1597 1423 1618 res
1437 1587 1566 1628 publica
1581 1586 1654 1617 est?

188 1640 286 1672 Meo.
308 1639 395 1671 Num
424 1651 481 1682 par
508 1647 565 1678 est,
594 1642 670 1683 quia
697 1642 799 1673 senior
829 1652 906 1677 sum,
931 1646 965 1672 ut
985 1641 1054 1682 ipse
1078 1640 1160 1682 prior
1180 1640 1385 1682 respondeam
1403 1640 1413 1670 ?
1447 1640 1526 1672 Cm.
1549 1639 1656 1671 Forte.

187 1694 286 1726 Meo.
309 1694 392 1727 Cum
413 1695 716 1731 Laeedaemonicam‚
741 1696 868 1737 hospes,
892 1693 1119 1736 rempublicam
1134 1699 1241 1725 mente
1256 1693 1395 1730 revolvo,
1410 1704 1474 1725 non
1489 1693 1582 1725 facile
1597 1693 1656 1725 tibi

186 1758 314 1790 possum
327 1748 443 1786 dicere,
457 1750 614 1790 quomodo
630 1750 671 1780 sit
685 1748 886 1791 appellanda·
908 1748 1027 1779 etenim
1038 1748 1197 1791 tyrannidi
1211 1747 1321 1779 similis
1334 1758 1401 1779 esse
1423 1748 1559 1779 videtur.
1581 1758 1655 1779 nam

188 1801 382 1844 Ephororum
395 1808 534 1845 potestas
549 1802 658 1834 mirum
675 1803 709 1834 in
724 1804 853 1834 modum
865 1803 908 1834 ibi
921 1803 1096 1846 tyrannica.
1112 1812 1336 1844 nonnunquam
1347 1807 1453 1833 tamen
1468 1812 1532 1843 prae
1545 1801 1657 1833 ceteris

188 1855 370 1888 civitatibus
382 1857 527 1899 populari
540 1857 758 1899 gubernationi
771 1865 904 1899 apparet
918 1857 1084 1889 simillima.
1107 1866 1222 1898 negare
1242 1862 1345 1887 autem
1356 1867 1424 1887 eam
1441 1867 1508 1888 esee
1521 1856 1656 1898 optima·

189 1916 256 1941 tum
278 1911 513 1952 rempublicam,
537 1911 665 1942 omnino
686 1911 866 1942 absurdum.
886 1921 1019 1952 regnum
1039 1921 1163 1953 quoque
1178 1910 1212 1941 in
1226 1920 1266 1941 ea
1280 1916 1477 1952 perpetuum,
1490 1910 1576 1952 quod
1588 1920 1655 1941 om·

191 1964 286 1995 nium
301 1964 554 2006 antiquissimum
569 1970 631 1996 tam
648 1975 667 1996 a
683 1965 792 1996 ceteris
806 1965 986 1996 hominibus
1000 1975 1092 2007 quam
1106 1975 1125 1996 a
1140 1965 1228 1996 nobis
1239 1965 1315 2007 ipsis
1329 1974 1397 1996 esse
1413 1964 1537 1995 dicitur.
1558 1973 1656 2006 quare

189 2017 234 2049 ita
254 2017 357 2049 subito
379 2017 589 2059 interrogatus
612 2028 734 2059 revera,
757 2023 794 2050 ut
813 2018 968 2056 dicebam,
982 2029 1045 2051 non
1058 2029 1182 2061 possum
1197 2018 1230 2050 in
1244 2019 1411 2061 praesentia
1424 2019 1481 2051 tibi
1494 2018 1656 2058 distincte,

191 2080 264 2112 quae
279 2070 401 2102 illarum
415 2070 466 2108 sit,
480 2071 678 2113 respondere.
700 2073 778 2104 Cu.
799 2072 883 2104 Mihi
899 2083 1034 2114 quoque,
1057 2073 1206 2115 Megille,
1222 2073 1352 2115 perinde
1367 2083 1404 2106 ac
1417 2073 1475 2105 tibi
1486 2074 1656 2116 contigisse

192 2123 327 2157 videtur.
348 2125 457 2157 nescio
479 2126 575 2163 enim,
599 2136 694 2168 quam
715 2125 840 2158 illarum
863 2127 1055 2168 potissimum
1072 2126 1222 2159 Gnosiam
1236 2137 1305 2159 esse
1319 2127 1468 2159 affirmem
1483 2128 1653 2170 rempubli-

192 2189 274 2212 cam.
317 2179 455 2213 Arnim.
479 2179 571 2211 Verae
592 2181 687 2217 enim,
709 2191 728 2212 o
750 2180 806 2212 viri
820 2181 942 2222 optimi,
955 2181 1138 2223 reipublicae
1153 2192 1206 2213 vos
1230 2181 1397 2223 participes
1411 2182 1498 2218 estis,
1513 2192 1584 2224 quae
1598 2192 1655 2213 au-

191 2237 259 2264 tem
282 2234 376 2265 modo
402 2234 569 2266 nominatae
585 2240 669 2271 sunt,
688 2245 752 2266 non
766 2235 963 2277 respublicae,
977 2235 1033 2266 sed
1048 2236 1171 2267 urbium
1185 2236 1397 2267 habitationes
1407 2236 1550 2278 quaedam
1562 2242 1655 2267 sunt:

194 2286 295 2330 [713]
316 2287 352 2318 in
374 2288 487 2329 quibus
508 2299 579 2330 pars
600 2299 663 2321 una
685 2289 780 2321 servit
800 2288 890 2321 alteri
912 2290 1098 2326 dominanti,
1114 2295 1147 2321 et
1161 2300 1182 2321 a
1196 2290 1292 2332 partis
1307 2289 1498 2321 dominantis
1512 2290 1657 2333 potentia

195 2344 264 2373 tota
275 2350 391 2372 nomen
405 2342 523 2383 accipit
537 2342 730 2384 gubernatio.
751 2344 917 2386 oportebat
928 2350 1044 2381 autem,
1061 2344 1088 2375 si
1103 2345 1163 2376 hoc
1178 2343 1271 2375 modo
1283 2343 1475 2375 nominanda
1486 2343 1527 2374 sit
1533 2343 1657 2381 civitas,

196 2392 263 2424 Dei
286 2393 383 2436 ipsius
410 2396 538 2427 nomine
553 2398 738 2439 nuncupari,
751 2398 806 2440 qui
819 2398 953 2435 illorum,
969 2399 1023 2440 qui
1035 2398 1150 2430 mentis
1161 2403 1322 2440 compotes
1335 2403 1418 2434 sunt,
1434 2408 1523 2428 verus
1537 2402 1586 2428 est
1598 2398 1658 2428 do-

196 2447 312 2480 minus.
336 2448 414 2480 Cn.
436 2449 516 2486 Quis
537 2456 643 2482 autem
663 2452 723 2484 iste
745 2452 862 2484 Deus?
906 2453 1044 2485 Arnen.
1068 2453 1121 2485 An
1143 2453 1248 2484 fabula
1271 2452 1429 2493 paulisper
1442 2452 1606 2489 utendum,
1628 2452 1660 2484 si

195 2500 338 2532 volumus
361 2503 536 2540 commode,
559 2504 643 2544 quod
667 2505 762 2536 modo
783 2505 946 2547 quaesitum
969 2512 1027 2543 est,
1043 2506 1226 2537 declarare?
1251 2516 1291 2536 an
1306 2516 1371 2536 non
1386 2505 1432 2537 sic
1446 2505 1657 2537 faciundum?

199 2553 276 2586 Cu.
298 2555 351 2586 Sic
375 2556 514 2588 omnino.
559 2556 697 2589 Arnen.
720 2558 825 2590 Multo
841 2564 912 2591 ante
928 2559 1135 2592 habitationes
1148 2560 1278 2596 urbium,
1292 2560 1332 2591 de
1347 2559 1460 2602 quibus
1474 2560 1506 2590 in
1519 2560 1658 2602 superio-

197 2608 280 2640 ribus
301 2609 386 2640 facta
406 2610 496 2641 nobis
519 2611 638 2642 mentio
661 2617 718 2649 est,
742 2612 934 2655 principatus
956 2614 1083 2656 quidam
1099 2619 1132 2645 et
1147 2613 1328 2655 gubernatio
1342 2614 1399 2644 sub
1414 2614 1549 2645 Saturno
1563 2614 1656 2645 valde

198 2661 276 2693 felix
298 2662 393 2695 fuisse
416 2663 553 2697 dieitur:
576 2665 668 2706 cujus
689 2666 892 2699 imitationem
914 2668 1070 2710 quandam
1093 2669 1198 2705 habet,
1221 2679 1291 2710 quae
1306 2679 1389 2700 nunc
1402 2669 1442 2699 ab
1456 2668 1659 2710 optimatibus

199 2715 400 2756 gubernatur.
445 2717 524 2750 Cu.
546 2718 706 2751 Artemius
731 2731 804 2762 ergo
827 2722 868 2753 de
889 2722 969 2764 ipsa,
992 2728 1028 2753 ut
1049 2722 1182 2759 videtur,
1205 2727 1252 2753 est
1274 2723 1475 2754 audiendum.
1518 2721 1660 2754 Arum.

202 2768 287 2801 Mihi
301 2770 430 2812 quidem
444 2771 488 2803 ita
502 2772 636 2810 videtur,
653 2780 877 2817 proptereaque
892 2775 925 2807 in
940 2777 1076 2807 medium
1091 2777 1182 2808 modo
1195 2776 1338 2819 produxi.
1381 2777 1479 2808 Mne.
1500 2776 1600 2807 Recte
1624 2781 1659 2806 tu

201 2822 350 2863 quidem:
375 2835 412 2857 ac
434 2826 530 2869 probe
552 2827 659 2864 facies,
682 2828 709 2860 si
731 2834 913 2870 sequentem
935 2829 1081 2866 fabulam,
1104 2836 1259 2872 quatenus
1281 2831 1439 2868 convenit,
1468 2829 1660 2872 exposueris.

203 2875 352 2964 Αῒὲῐεῗι
362 2878 500 2920 Faciam,
522 2886 559 2914 ut
572 2881 686 2916 dicitis.
709 2883 790 2916 sama
818 2883 957 2927 profecto
969 2884 1069 2917 beata:
1084 2884 1167 2918 illius
1182 2885 1253 2918 vitae
1267 2886 1307 2918 nd
1322 2896 1380 2918 nos
1393 2895 1488 2928 usque
1506 2884 1662 2926 pervenit,

353 2936 397 2968 at.
417 2934 471 2966 Tr.
945 2937 993 2972 11.
1515 2941 1536 2971 2
1549 2938 1577 2969 T
