1840 3225
243 202 321 242 344
838 204 1100 245 PLATONIS
1603 206 1699 258 [743

245 313 280 339 ut
293 319 387 350 quam
402 310 548 352 optimam
565 312 661 343 etiam
681 322 718 343 ac
747 312 957 345 felicissimam
985 324 1054 345 csse
1071 313 1158 350 velit,
1173 312 1200 344 si
1215 319 1299 346 recte
1315 313 1403 356 leges
1423 313 1542 345 laturus
1561 317 1621 344 est.
1640 311 1699 343 sed

245 363 354 394 horum
384 365 511 405 quidem
538 366 601 398 alia
629 365 696 398 fieri
724 373 867 409 possunt,
899 369 960 399 alia
987 369 1138 399 minime:
1163 368 1324 409 possibilia
1348 368 1444 410 igitur
1457 368 1543 399 volet
1556 366 1701 398 fundator

242 420 362 459 legum,
373 418 578 460 impossibilia
590 430 650 452 nec
665 422 760 453 volet.
782 432 855 453 nam
868 433 949 453 vana
972 429 1055 454 esset
1069 422 1238 464 cupiditas,
1253 433 1357 464 neque
1382 421 1571 464 aggreditur.
1591 419 1700 452 felices

242 482 318 512 ergo
335 477 368 503 et
379 474 493 514 probos
507 485 589 512 esse,
604 486 674 516 quae
688 476 777 507 simul
792 478 967 508 necessario
991 478 1087 508 ferme
1105 477 1171 508 fieri
1187 478 1299 514 solent,
1315 477 1400 508 volet
1413 477 1553 518 quidem.
1583 473 1700 505 divites

241 530 351 557 autem
361 527 455 559 valde
469 528 621 571 simulque
635 530 747 571 probos
767 541 835 562 esse
861 532 1062 573 impossibile.
1084 531 1154 563 dico
1169 537 1272 562 autern
1285 532 1409 568 divites,
1422 536 1458 562 ut
1483 529 1575 561 multi
1590 526 1700 559 existi-

242 585 340 617 mant,
357 588 530 614 asserentes
539 593 592 615 eos
606 593 674 615 esse
695 584 817 622 divites,
835 586 886 627 qui
903 587 994 627 pauci
1010 596 1028 616 e
1053 586 1162 617 multis
1189 586 1339 628 pecunias
1360 585 1512 627 plurimas
1524 582 1707 626 possident,

241 644 319 674 quas
335 635 432 667 etiam
446 642 552 678 posset
576 638 676 668 malus
691 638 823 680 quilibet
846 640 1019 680 possidere.
1041 640 1126 682 quod
1150 641 1176 671 si
1196 641 1240 672 ita
1255 647 1313 677 est,
1335 639 1431 682 [743]
1455 647 1617 680 nunquam
1635 646 1696 677 ego
1742 629 1747 636 ⁸

239 688 290 718 his
312 690 484 722 concedam
509 691 640 723 divitem
664 702 771 723 revera
796 704 864 724 esse
894 694 1030 732 felicem,
1043 695 1104 726 nisi
1130 696 1227 726 etiam
1251 695 1351 726 bonus
1378 694 1428 726 sit.
1450 693 1515 724 fieri
1542 701 1616 723 vero
1629 699 1693 721 non

238 747 353 783 potest,
368 749 404 774 ut
417 744 536 775 divitiis
548 746 662 786 aliquis
677 747 768 777 simul
789 753 918 787 praestet
939 753 972 779 et
996 749 1164 791 probitate.
1187 760 1242 781 cur
1263 750 1309 780 ita
1325 750 1335 779 ‚²
1360 749 1440 780 forte
1454 746 1612 789 quispiam
1622 745 1692 776 dix-

235 797 305 828 erit.
327 797 412 839 quia,
426 798 578 835 dicemus,
593 799 757 840 acquisitio
778 806 842 831 tam
862 801 979 843 injuste
1004 812 1097 844 quam
1109 803 1196 844 juste
1220 803 1303 834 facta
1318 803 1390 844 plus
1404 811 1496 843 quam
1511 801 1610 842 duplo
1621 809 1692 830 eam

236 857 375 893 superat,
392 863 462 893 quae
486 853 684 884 solummodo
703 853 788 895 juste
816 854 876 892 fit3
900 861 933 885 et
962 856 1134 897 impendia,
1150 867 1219 898 quae
1241 867 1301 888 nec
1330 857 1460 887 honeste
1488 865 1549 886 nec
1562 854 1693 894 turpiter

235 906 471 947 impenduntur,
487 906 584 947 duplo
598 908 719 938 minora
734 913 808 938 sunt
828 909 903 944 illis,
919 919 987 949 quae
1012 910 1145 940 honesta
1166 916 1240 940 sunt
1253 911 1446 950 honesteque
1458 907 1696 948 impenduntur.

236 970 399 1001 nunquam
411 960 507 1001 igitur
520 961 586 996 illo,
602 962 658 1003 qui
674 962 771 1003 duplo
786 962 857 1003 pius
882 963 1016 1004 acquirit
1037 969 1070 993 et
1081 963 1212 994 dimidio
1228 964 1331 994 minus
1344 968 1464 1014 erogat,
1479 962 1610 993 ditioris
1625 962 1696 998 erit,

233 1014 289 1055 qui
304 1019 413 1046 contra
424 1015 510 1046 facit.
533 1020 583 1046 est
606 1021 712 1046 autem
727 1016 806 1047 alter
827 1016 956 1047 istorum
982 1017 1108 1057 probus,
1123 1017 1203 1048 alter
1216 1028 1284 1049 non
1299 1017 1399 1048 malus
1413 1016 1552 1058 quidem,
1566 1015 1694 1058 quando

233 1068 397 1100 dumtaxat
410 1079 523 1110 parcus
547 1075 608 1106 est,
622 1080 846 1111 nonnunquam
872 1081 942 1101 vero
967 1071 1067 1102 malus
1094 1072 1233 1108 omnino,
1259 1072 1360 1103 bonus
1387 1078 1504 1107 autem,
1532 1075 1569 1101 ut
1596 1069 1694 1101 modo

232 1120 379 1159 diximus,
394 1134 563 1165 nunquam.
586 1133 658 1154 nam
683 1124 739 1165 qui
773 1129 806 1154 et
823 1124 908 1166 juste
937 1125 1056 1165 pariter
1081 1131 1113 1155 et
1126 1126 1240 1168 injuste
1257 1125 1408 1167 pecunias
1422 1125 1572 1162 cumulat,
1586 1134 1691 1166 neque

227 1174 317 1216 juste
333 1176 490 1218 impendit
503 1188 608 1219 neque
629 1177 756 1219 injuste,
773 1178 862 1209 dives
884 1178 929 1215 fit,
946 1179 1073 1220 quando
1087 1185 1134 1210 est
1151 1189 1274 1222 parcus.
1297 1180 1355 1211 sed
1370 1180 1424 1222 qui
1439 1179 1568 1210 omnino
1579 1178 1692 1214 malus,

231 1230 379 1271 quoniam
405 1236 441 1261 ut
468 1232 633 1272 plurimum
664 1243 763 1273 nepos
790 1238 824 1263 et
848 1234 998 1274 prodigus
1022 1239 1080 1270 est,
1096 1235 1189 1265 valde
1218 1244 1340 1276 pauper
1366 1234 1412 1265 fit.
1434 1243 1474 1264 an
1490 1233 1545 1275 qui
1557 1234 1690 1263 honeste

231 1285 383 1326 expendit
397 1291 429 1316 et
437 1285 523 1327 juste
539 1287 635 1318 solum
652 1287 794 1328 acquirit,
819 1298 923 1329 neque
938 1288 1029 1320 facile
1050 1288 1168 1319 divitiis
1191 1289 1325 1320 excellet
1341 1297 1480 1330 unquam
1501 1297 1606 1329 neque
1617 1296 1689 1328 pre-

229 1344 331 1370 metur
343 1340 461 1381 inopia.
483 1346 569 1372 recte
583 1341 691 1382 itaque
707 1352 808 1372 sermo
830 1348 937 1373 noster
951 1343 1069 1379 asserit,
1085 1343 1178 1374 valde
1199 1343 1313 1374 divites
1326 1343 1424 1374 bonos
1441 1343 1518 1374 viros
1531 1351 1596 1372 non
1610 1349 1693 1372 esse.

228 1394 312 1434 quod
330 1394 355 1424 si
370 1395 443 1425 boni
457 1405 521 1425 non
536 1400 620 1431 sunt,
634 1396 743 1427 felices
765 1407 891 1438 quoque
919 1407 982 1428 non
1003 1403 1106 1429 erunt.
1126 1397 1218 1428 nobis
1245 1403 1348 1429 autem
1370 1398 1478 1438 legum
1492 1397 1552 1427 huc
1565 1394 1688 1426 sanctio

227 1448 370 1490 respicit,
390 1455 424 1480 ut
446 1449 621 1480 felicissimi
647 1450 731 1481 cives
755 1451 819 1482 sint
841 1461 878 1482 ac
895 1452 1028 1482 maxime
1055 1451 1137 1483 inter
1162 1462 1196 1483 se
1211 1452 1314 1483 amici.
1337 1451 1391 1493 qui
1406 1460 1481 1482 sane
1497 1449 1591 1481 amici
1603 1459 1685 1480 uun-

226 1512 321 1543 quam
337 1508 438 1541 erimt,
454 1504 481 1534 si
495 1504 611 1535 mutuis
624 1504 746 1546 injuriis
771 1506 874 1536 vexati
899 1506 1040 1547 plurimis
1061 1506 1215 1548 litigando
1228 1507 1274 1538 uti
1289 1510 1440 1548 cogantur
1449 1504 1580 1547 judiciis
1597 1515 1605 1534 :
1629 1503 1686 1534 sed

225 1556 250 1587 si
278 1566 371 1598 quani
400 1557 528 1589 minima
554 1559 621 1589 haec
647 1559 709 1589 sint
733 1565 828 1600 atque
855 1559 1055 1601 paucissima.
1078 1566 1268 1602 quapropter
1294 1566 1437 1601 oportere
1467 1558 1600 1590 dicimus
1623 1566 1684 1588 nec

223 1620 332 1641 aurum
346 1621 405 1642 nec
421 1617 586 1652 argentum
599 1623 669 1643 esse
684 1613 718 1643 in
748 1614 886 1651 civitate,
900 1625 1004 1656 neque
1034 1620 1188 1656 quaestum
1214 1615 1343 1656 insuper
1365 1613 1497 1644 multum
1510 1613 1543 1643 in
1559 1612 1684 1643 mecha·

222 1664 302 1696 nicis
324 1665 470 1706 operibus
495 1667 836 1709 cauponationibusque
865 1674 898 1699 et
922 1669 1052 1705 foenore,
1066 1679 1127 1700 nec
1152 1679 1191 1699 ex
1213 1668 1378 1710 pecoribus
1399 1667 1556 1709 turpiter:
1572 1666 1628 1697 sed
1644 1665 1684 1696 ab

223 1719 284 1755 his,
308 1730 377 1760 quae
405 1720 593 1761 agricultura
617 1722 707 1752 offert
731 1733 768 1753 ac
792 1723 935 1764 praebet:
961 1728 1055 1765 atque
1081 1724 1140 1754 hoc
1166 1723 1222 1759 ita,
1247 1728 1283 1753 ut
1308 1727 1446 1764 quaestus
1460 1731 1523 1752 non
1537 1725 1628 1762 cogat
1644 1729 1682 1749 ea

220 1773 390 1815 negligere,
407 1784 536 1815 quornm
551 1785 645 1806 causa
660 1781 840 1817 quaeruntur
855 1778 1010 1818 pecuniae.
1035 1778 1101 1807 haec
1118 1787 1190 1807 vero
1206 1777 1310 1807 anima
1324 1782 1357 1807 et
1372 1785 1485 1817 corpus
1497 1780 1569 1806 sunt
1585 1786 1592 1804 ε
1609 1783 1679 1815 quae

221 1828 338 1869 absque
349 1829 544 1870 gymnastica
558 1834 591 1859 et
603 1830 666 1860 alia
680 1830 847 1872 disciplina
861 1830 976 1861 nullius
991 1830 1084 1872 pretii
1096 1841 1236 1871 unquam
1249 1836 1352 1860 erunt.
1374 1839 1469 1871 quare
1478 1828 1679 1870 pecuniarum

219 1892 306 1918 cura,
321 1888 355 1912 ut
369 1884 481 1923 saepius
493 1883 562 1923 jam
591 1884 709 1914 dictum
737 1890 796 1920 est,
819 1885 963 1915 ultimum
990 1885 1117 1915 honoris
1139 1889 1247 1915 teneat
1262 1885 1379 1916 locum.
1402 1884 1519 1925 quippe
1533 1893 1605 1914 cum
1620 1881 1680 1912 tria

217 1937 281 1967 sint
305 1937 419 1972 omnia,
437 1937 469 1967 in
492 1937 605 1978 quibus
628 1937 771 1969 homines
795 1939 932 1969 studium
956 1944 1086 1979 ponunt,
1114 1939 1255 1970 ultimum
1285 1949 1321 1970 ae
1337 1938 1462 1969 tertium
1479 1942 1536 1973 est,
1551 1937 1676 1967 sirecte

218 1990 379 2027 habeatur,
401 1991 544 2031 pecuniae
574 1991 735 2022 studium:
760 1992 899 2023 medium
928 1994 1087 2034 corporis:
1112 1993 1209 2024 animi
1238 1993 1383 2034 primurn.
1405 1991 1493 2033 atqui
1517 1991 1584 2022 haec
1597 1990 1678 2031 ipsa,

216 2054 312 2085 quam
326 2055 409 2075 nunc
424 2045 599 2081 condimus,
613 2047 802 2087 respublica,
818 2047 844 2078 si
868 2048 1000 2078 honores
1016 2048 1060 2079 ita
1075 2047 1243 2084 distribuit,
1259 2052 1345 2078 recte
1361 2046 1545 2088 disponitur.
1579 2044 1676 2086 [⁷44]

218 2097 329 2139 Siqua
343 2104 449 2129 autem
471 2099 520 2129 lex
549 2105 604 2130 aut
625 2101 839 2141 temperantia}
865 2102 1029 2132 sanitatem
1056 2102 1191 2142 corporis
1207 2106 1261 2132 aut
1275 2101 1400 2132 sanitati
1414 2105 1446 2131 et
1461 2099 1675 2140 temperantiae

215 2151 343 2182 divitias
357 2153 530 2194 anteponit,
547 2163 608 2184 non
635 2161 718 2184 recte
744 2155 845 2194 posita
869 2165 936 2185 esse
962 2155 1094 2186 videtur.
1118 2156 1232 2196 saepius
1248 2156 1353 2196 itaque
1382 2154 1543 2194 legislator
1556 2157 1675 2193 protes-

217 2205 275 2236 tari
291 2206 396 2242 debet,
411 2206 486 2247 quid
502 2207 570 2248 ipse
594 2207 682 2243 velit,
698 2208 785 2249 quid,
809 2208 834 2238 si
861 2209 1034 2250 contigerit,
1051 2209 1131 2240 bene
1157 2208 1317 2240 succedet.
1341 2208 1387 2238 sin
1414 2207 1526 2242 minus,
1539 2204 1676 2236 instituti

214 2261 264 2292 sui
278 2271 349 2302 spes
365 2271 435 2292 eum
451 2261 654 2292 frustrabitur.
676 2267 769 2303 atque
784 2263 829 2292 ita
852 2263 953 2293 forsan
970 2269 1001 2293 et
1015 2263 1082 2304 ipse
1098 2273 1117 2293 a
1130 2262 1266 2293 ferendis
1281 2261 1403 2303 legibus
1419 2272 1484 2293 sese
1500 2270 1536 2292 ac
1553 2264 1675 2290 ceteros

211 2314 386 2346 vindicabit
403 2327 409 2345 τ
435 2315 524 2346 aliter
538 2316 624 2347 nulio
637 2317 742 2347 modo.
787 2317 850 2353 Qui
874 2328 946 2358 ergo
971 2323 1089 2359 partem
1117 2327 1204 2348 suam
1219 2317 1343 2348 sortitus
1356 2321 1412 2351 est,
1428 2326 1509 2352 eam,
1524 2325 1586 2356 qua
1601 2314 1672 2346 dix-

211 2368 295 2400 imus
309 2369 502 2405 conditione,
528 2371 695 2411 possideat.
717 2372 813 2413 probe
841 2378 944 2403 autem
972 2373 1068 2408 fieret,
1093 2372 1119 2402 si
1143 2378 1246 2403 cetera
1270 2371 1385 2406 omnia,
1401 2381 1470 2412 quae
1491 2369 1623 2401 veniunt
1638 2369 1670 2399 in

211 2423 380 2460 coloniam,
398 2425 559 2465 {equaliter
581 2426 786 2466 possiderent.
809 2437 876 2457 cum
902 2434 1003 2457 autem
1028 2427 1095 2457 sieri
1123 2427 1155 2456 id
1173 2436 1235 2456 non
1250 2426 1359 2468 possit,
1374 2424 1431 2456 sed
1445 2424 1523 2455 alius
1536 2423 1668 2455 veniens

211 2478 282 2518 plus
297 2478 422 2509 habebit
435 2479 590 2519 pecuniae,
605 2480 684 2511 alius
711 2481 813 2512 minus
829 2492 836 2518 3
861 2482 1028 2511 multorum
1045 2487 1077 2512 et
1099 2481 1287 2523 aequalitatis
1302 2480 1334 2510 in
1349 2479 1474 2511 civitate
1489 2484 1661 2519 temporum

209 2533 540 2574 opportunitatumque
569 2544 662 2564 causa
690 2545 767 2576 opus
796 2541 854 2570 est,
872 2541 906 2565 ut
930 2536 1100 2577 inaequales
1127 2536 1158 2566 in
1174 2546 1211 2566 ea
1227 2545 1339 2566 census
1358 2533 1604 2565 constituantur:
1628 2537 1663 2561 ut

210 2585 416 2626 magistratus,
432 2587 609 2628 vectigalia,
626 2587 920 2631 distributionesque
946 2590 1116 2621 secundum
1145 2590 1329 2631 dignitatem
1345 2588 1468 2629 singuli,
1483 2597 1546 2618 non
1561 2586 1660 2617 solum

209 2649 274 2670 suae
289 2640 498 2681 majorumque
520 2642 654 2678 virtutis,
681 2649 733 2674 aut
758 2644 864 2675 sonuae
889 2650 943 2674 aut
969 2645 1081 2675 virium
1097 2643 1244 2686 corpori5‚
1260 2642 1473 2673 verumetiam
1488 2640 1660 2672 secundum

207 2693 384 2724 divitiarum
411 2699 443 2724 et
469 2696 659 2736 paupertatis
687 2708 787 2735 usum,
802 2699 905 2739 quoad
932 2698 998 2728 lieri
1015 2703 1128 2739 potest,
1149 2697 1321 2737 aqualiter,
1336 2695 1485 2726 videlicet
1511 2695 1662 2736 inaequali

206 2747 335 2790 quidem
350 2748 502 2788 portione,
515 2749 570 2779 scd
586 2750 677 2781 facile
691 2751 887 2792 coaequabili,
913 2752 1103 2793 accipientes
1111 2760 1309 2791 nequaquam
1324 2749 1526 2781 contendant.
1548 2749 1658 2780 horum

206 2811 302 2832 causa
330 2807 461 2842 quatuor
483 2804 698 2843 magnitudine
728 2805 907 2837 differentes
936 2806 1086 2837 bonorum
1115 2815 1225 2836 census
1251 2804 1317 2835 ficri
1331 2808 1475 2845 oportet:
1522 2803 1656 2839 Primos,

207 2855 378 2891 Secundus,
405 2855 526 2887 Ter-lios
547 2864 579 2887 et
609 2859 754 2895 Quarto&
771 2867 824 2891 aut
847 2860 1007 2902 quibusvis
1030 2860 1101 2891 aliis
1121 2859 1295 2891 nominibus
1320 2858 1519 2899 appellatos:
1543 2862 1578 2888 ut
1600 2857 1655 2888 alii

204 2909 317 2941 eodem
338 2911 370 2941 in
393 2920 487 2942 censu
502 2915 785 2950 pci·1naneant.nlii
811 2915 937 2946 ditiores
955 2926 1145 2956 pauperesve
1170 2913 1255 2950 sacti,
1268 2911 1301 2945 iu
1317 2922 1442 2945 censum
1467 2911 1526 2944 sibi
1540 2921 1654 2944 conve·
