1840 3225
217 284 296 322 446
800 279 1066 320 PLATONIS
1567 284 1666 336 [961

216 386 249 418 id
274 387 339 418 fiat.
383 385 522 417 Arum«.
545 383 702 417 Possibile
724 389 774 415 est
794 384 946 425 profect0,
968 390 1005 416 ut
1023 384 1101 416 mihi
1116 385 1155 416 ad
1178 394 1318 426 praesens
1337 386 1476 418 videtur.
1519 385 1598 418 Cu.
1620 385 1672 418 Ne

216 441 313 483 igitur
327 440 475 471 abeamus
488 440 573 475 hinc,
589 440 730 474 obsecro,
746 443 918 480 antequam
928 440 1043 470 nostris
1058 439 1181 480 legibus
1197 439 1229 470 id
1238 441 1422 472 tribuamus.
1444 439 1615 472 ridiculum
1625 445 1677 472 est

215 495 310 530 enim,
322 494 434 525 frustra
447 494 478 524 in
494 494 601 535 aliqua
615 504 647 524 re
663 493 832 534 sumpsisse
848 493 997 529 laborem,
1009 504 1066 525 nec
1082 494 1193 525 stabile
1205 494 1324 536 aliquid
1335 495 1526 526 fundavisse.
1571 495 1672 526 Μιεο.

214 549 319 580 Recte
346 554 380 579 tu
394 548 544 578 admones
558 559 565 577 z
589 558 640 578 me
656 558 781 589 quoque
796 552 899 578 tecum
914 548 1053 579 habebis.
1098 548 1175 580 CM.
1198 548 1301 581 Probe
1315 550 1406 580 dicis.
1428 559 1498 591 quae
1512 549 1609 590 igitur
1622 558 1672 579 sa-

213 603 261 633 lus
269 602 402 633 istaest?
415 609 448 634 et
458 613 517 643 qua
526 602 646 633 ratione
655 602 838 642 reipublicae
846 608 958 633 nostrae
970 612 1001 633 et
1011 603 1132 643 legibus
1141 603 1260 634 aderit?
1286 604 1382 645 [961]
1406 602 1669 635 Arnex.Nonne

212 658 349 688 diximus
361 662 474 688 coetum
491 657 524 687 in
538 657 665 687 civitate
682 656 857 698 hujusmodi
869 667 938 687 esse
954 656 1220 693 constituendum,
1235 657 1287 688 ubi
1305 658 1414 689 decem
1428 657 1468 688 de
1481 658 1584 698 legum
1600 667 1672 687 cus-

212 711 339 742 todibus
354 720 476 751 semper
490 711 628 742 seniores
643 711 832 741 conveniant
844 711 855 741 ?
880 711 927 741 his
950 711 1104 742 accedant
1127 721 1247 747 omnes,
1261 712 1315 753 qui
1327 711 1505 742 munt-ribus
1519 710 1673 752 praemiis-

210 776 271 808 que
295 766 436 796 honorati
460 770 532 795 sunt
540 777 548 804 ;
571 770 724 806 praeterea
746 770 778 795 et
800 765 857 801 illi,
881 765 934 806 qui
947 766 1062 796 multas
1075 767 1166 796 urbes
1178 771 1432 807 peragraverunt,
1444 772 1479 796 ut
1494 763 1615 806 aliquid
1631 763 1672 795 ad

209 821 380 862 patriarum
402 820 506 861 logum
529 819 795 850 conservationem
811 820 974 850 conserens
988 821 1170 861 reperirent.
1194 819 1251 851 sed
1265 821 1296 850 hi
1310 819 1351 851 ad
1365 825 1476 851 coetum
1493 817 1674 861 hujusmodi

209 886 273 905 non
288 875 492 914 recipiantur,
504 873 565 903 nisi
581 884 616 904 ex
630 883 669 903 ea
683 873 934 914 peregrinatione
949 874 1121 915 incorrupti
1135 880 1169 905 et
1180 875 1293 915 integri
1304 873 1434 905 rediisse
1445 879 1478 904 et
1489 879 1569 904 coetu
1583 872 1672 913 digni

207 939 279 960 esse
291 929 474 970 probentur.
495 933 589 968 atque
602 928 710 957 horum
726 927 840 967 singuli
853 927 991 968 singulos
1007 928 1065 958 sibi
1084 928 1226 969 juniores
1241 929 1405 965 asciscant,
1427 938 1489 958 non
1507 927 1670 968 pauciores

208 993 308 1014 annos
324 992 414 1024 quam
432 982 560 1023 triginta
571 986 673 1017 naum,
688 981 743 1022 qui
758 986 868 1011 natura
883 981 1136 1023 educationeque
1152 983 1240 1023 digni
1255 993 1322 1013 esse
1346 982 1510 1013 asciscenti
1522 981 1668 1023 primum,

208 1037 325 1068 deinde
350 1041 384 1067 et
406 1036 551 1066 universo
573 1035 679 1072 coetui,
707 1035 882 1066 videantur.
905 1036 990 1076 quod
1018 1037 1044 1067 si
1067 1037 1138 1077 quis
1158 1036 1310 1078 indignus
1332 1036 1528 1072 adhibeatur,
1550 1035 1669 1066 nullius

208 1091 360 1122 momenti
373 1090 532 1121 sententia
544 1090 596 1120 sit.
618 1090 701 1120 hunc
717 1094 831 1120 coetum
846 1096 919 1120 ante
936 1091 1036 1121 lucem
1049 1092 1214 1122 convenire
1228 1091 1361 1122 diximus
1373 1096 1531 1132 oportere,
1542 1089 1670 1132 quando

206 1155 226 1176 a
241 1145 352 1176 ceteris
365 1150 428 1175 tam
445 1138 573 1186 privatis
588 1153 679 1184 quam
692 1144 826 1185 publicis
842 1145 978 1185 negotiis
994 1152 1130 1176 vacatur.
1152 1156 1192 1177 an
1206 1157 1271 1177 non
1284 1147 1348 1177 tale
1365 1145 1488 1187 aliquid
1503 1146 1536 1175 in
1548 1144 1668 1187 superi·

203 1199 310 1229 oribus
332 1197 488 1229 diximus?
538 1198 614 1229 CLJ.
637 1198 742 1229 Certe.
786 1196 924 1230 Arum.
959 1199 1010 1230 De
1035 1201 1093 1231 hoc
1117 1206 1200 1231 ccetu
1229 1200 1340 1231 iterum
1363 1199 1442 1230 illud
1466 1198 1583 1230 dicam.
1618 1198 1670 1230 aio

196 1253 300 1289 enim,
317 1253 342 1283 si
358 1253 429 1294 quis
443 1253 536 1287 hunc,
553 1252 640 1293 quasi
655 1262 802 1283 ancoram
817 1253 968 1283 universae
985 1254 1129 1291 civitatis,
1148 1264 1344 1296 quaecunque
1366 1253 1407 1284 ad
1431 1254 1490 1284 hoc
1504 1253 1672 1295 exiguntur

200 1307 235 1338 in
259 1319 291 1338 se
319 1308 543 1343 continentem,
563 1307 673 1348 jaciat,
698 1307 813 1344 omnia,
841 1318 911 1349 quae
937 1309 1093 1348 volumus,
1113 1316 1314 1340 servaturum.
1360 1308 1436 1341 CLI.
1460 1309 1534 1346 Quo
1550 1307 1668 1349 pacto?

202 1361 342 1393 ATHEN.
386 1363 574 1403 Opportune
599 1361 692 1392 modo
716 1362 866 1398 dicemus,
891 1363 1026 1403 totisque
1048 1364 1164 1394 viribus
1191 1364 1420 1394 incumbemus.
1465 1361 1542 1393 Cu.
1562 1361 1667 1392 Probe

202 1416 332 1448 dixisti:
358 1421 401 1452 et,
429 1422 464 1446 ut
485 1417 617 1457 cogitas,
641 1415 748 1448 facito.
794 1416 930 1447 ATHEN.
954 1417 1090 1458 Oportet
1113 1428 1201 1454 sane,
1215 1429 1234 1448 ο
1251 1417 1366 1453 Clinia,
1382 1418 1413 1447 in
1432 1426 1620 1458 unaquaque
1635 1426 1668 1446 re

199 1481 373 1511 congruum
395 1470 587 1509 singulorum
611 1480 744 1510 operum
766 1477 954 1502 servatorem
979 1472 1154 1512 excogitare
1174 1483 1180 1500 z
1207 1472 1333 1512 qualem
1357 1471 1489 1501 maxime
1514 1470 1616 1501 locum
1633 1469 1665 1500 in

200 1525 387 1556 animalibus
414 1525 519 1555 anima
543 1530 575 1554 et
604 1530 702 1565 caput
730 1524 844 1554 habere
869 1525 1023 1555 videntur.
1070 1525 1147 1556 C1.1.
1170 1525 1243 1561 Qua
1266 1525 1389 1555 ratione
1411 1534 1514 1554 rursus
1536 1523 1571 1554 id
1593 1524 1665 1554 ais?

200 1578 342 1611 ATHEN.
366 1579 485 1609 Hoxum
510 1588 625 1619 nempe
649 1578 744 1608 virtus
767 1578 853 1608 omni
879 1578 1004 1610 animali
1029 1579 1159 1610 salutern
1188 1579 1318 1620 praebct.
1365 1577 1441 1609 CLI.
1464 1578 1536 1615 Quo
1561 1585 1666 1618 pacto,

199 1633 329 1674 inquam
342 1633 353 1664 ?
401 1634 538 1663 Aram«.
562 1632 647 1663 Nam
662 1633 773 1663 animae
788 1632 912 1673 quidem
930 1633 971 1664 ad
986 1634 1047 1664 alia
1059 1644 1149 1664 mens
1164 1634 1267 1663 infusa
1279 1638 1343 1663 est:
1367 1633 1466 1673 capiti
1482 1642 1608 1673 quoque
1624 1632 1665 1662 ad

199 1686 263 1718 alia
285 1687 368 1717 visus
396 1686 586 1728 auditusque
613 1687 757 1717 insertus.
781 1693 875 1728 atque
897 1687 943 1718 ita
969 1689 1145 1718 summatim
1172 1687 1392 1728 pulcherrimis
1412 1686 1555 1717 sensibus
1578 1697 1666 1717 mens

198 1740 380 1782 conjuncta,
411 1746 444 1772 et
473 1741 504 1771 in
533 1752 626 1771 unum
654 1742 791 1777 redacta,
818 1742 902 1772 salus
931 1742 1124 1783 singulorum
1155 1742 1298 1773 efficitur.
1343 1742 1420 1773 Cm.
1450 1741 1500 1771 Ila
1531 1739 1668 1773 videtur.

199 1794 339 1826 Arnai«.
362 1795 469 1826 Certe.
490 1806 561 1826 nam
586 1800 618 1826 et
643 1805 733 1826 mens
758 1796 898 1826 sensibus
923 1797 1101 1838 conjuncta,
1124 1796 1256 1827 navibus
1280 1796 1314 1826 in
1329 1800 1518 1836 tempestate
1533 1800 1567 1825 et
1582 1800 1666 1825 tran-

197 1849 356 1890 quillitate
372 1850 501 1880 salutem
517 1849 626 1879 afferre
643 1849 733 1880 solet.
758 1859 798 1879 an
812 1859 876 1879 non
891 1848 992 1885 vides,
1009 1850 1090 1890 quod
1110 1850 1300 1890 gubernator
1314 1854 1348 1879 et
1359 1854 1464 1879 nauta:
1476 1848 1579 1884 simul,
1591 1858 1664 1879 cum

197 1908 305 1934 mente
331 1903 546 1944 gubernatrice
574 1913 698 1934 sensum
729 1903 968 1944 conjungentes,
997 1914 1030 1934 se
1055 1903 1142 1945 ipsos
1167 1913 1342 1943 navemque
1369 1902 1538 1933 tutantur?
1585 1900 1664 1933 Cu.

199 1957 340 1994 Quidni?
387 1956 524 1988 Arusn-
546 1956 620 1987 Non
651 1958 757 1988 multis
785 1959 937 1999 exemplis
962 1969 1040 1999 opus
1069 1963 1129 1988 est.
1153 1957 1210 1988 sed
1232 1958 1264 1987 in
1289 1956 1428 1987 exercitu
1450 1961 1482 1987 et
1503 1955 1664 1987 medicina

199 2012 440 2048 consideremus,
456 2013 495 2042 ad
514 2011 730 2053 quodsignum
741 2013 947 2054 respicientes
959 2014 1159 2053 imperatores
1175 2018 1209 2042 et
1218 2011 1333 2042 medici
1344 2011 1479 2041 salutem
1489 2010 1662 2041 rectissime

197 2072 442 2107 consequuntur.
486 2065 602 2096 Nonne
627 2066 675 2096 illi
697 2067 735 2097 ad
761 2067 892 2098 hostium
916 2067 1023 2107 fugam
1038 2072 1072 2097 et
1087 2067 1249 2097 victoriam
1265 2065 1375 2096 suam?
1400 2065 1451 2096 isti
1469 2064 1509 2095 ad
1525 2065 1664 2105 corporis

197 2120 390 2151 sanitatem?
436 2120 514 2151 Cu.
536 2120 651 2151 Procul
668 2120 775 2151 dubio.
814 2121 911 2162 [952]
950 2120 1088 2151 Arnim.
1110 2120 1144 2151 Si
1165 2120 1305 2151 medicus
1333 2119 1471 2161 corporis
1497 2119 1662 2150 sanitatem

197 2174 322 2215 ignoret
350 2184 405 2204 aut
431 2174 595 2204 victoriam
624 2174 803 2215 imperator,
834 2182 867 2205 et
895 2180 1012 2210 cetera,
1038 2185 1108 2216 quae
1135 2174 1329 2210 dicebamus,
1351 2180 1531 2204 mentemne
1547 2172 1662 2203 habere

198 2228 338 2270 scireque
355 2228 471 2269 aliquid
496 2228 528 2258 in
551 2228 599 2259 his
621 2227 839 2259 videbuntur?
885 2228 962 2259 Cu.
985 2229 1207 2269 Nequaquam.
1253 2228 1394 2258 Arum.
1418 2227 1503 2264 Quid
1520 2236 1615 2268 porro
1629 2226 1661 2257 in

196 2283 346 2314 civitate?
372 2283 399 2313 si
421 2283 493 2324 quis
514 2282 619 2318 finem,
644 2283 684 2313 acl
706 2293 800 2324 quem
815 2283 863 2313 vir
877 2283 978 2313 civilis
992 2283 1150 2323 respicere
1166 2282 1271 2317 debet,
1287 2282 1432 2322 ignorare
1448 2280 1604 2315 videatur.
1622 2290 1662 2310 nn

196 2338 331 2380 primum
343 2337 415 2378 jure
431 2338 578 2378 princeps
598 2337 714 2378 poterit
739 2337 922 2378 appellari?
947 2337 1063 2368 deinde
1090 2347 1208 2366 servare
1240 2336 1271 2366 id
1300 2335 1426 2377 poterit,
1451 2333 1542 2375 cujus
1566 2333 1660 2365 finem

196 2403 326 2434 prorsus
347 2392 492 2433 ignorat?
540 2391 617 2422 CLr.
641 2391 788 2422 Minime.
832 2391 970 2422 Aruns.
996 2392 1133 2432 Oportet
1154 2390 1251 2431 igitur
1270 2396 1303 2421 ct
1325 2400 1421 2425 nunc,
1436 2397 1472 2419 ut
1487 2387 1662 2425 videtur‚si

196 2458 285 2478 novae
312 2446 404 2488 hujus
431 2446 516 2477 urbis
538 2446 728 2477 constructio
742 2446 857 2476 bonum
874 2445 990 2477 exitum
1008 2445 1152 2476 habitura
1167 2445 1219 2481 sit,
1235 2444 1353 2485 aliquid
1371 2443 1403 2474 in
1419 2452 1458 2474 ea
1481 2453 1563 2478 esse,
1577 2443 1662 2484 quod

195 2507 376 2542 cognoscat,
391 2501 523 2542 primum
537 2501 678 2542 quisnam
695 2500 797 2531 civilis
813 2501 853 2531 sit
868 2500 938 2530 finis
953 2512 958 2530 :
977 2499 1092 2531 deinde
1106 2499 1263 2542 quomodo
1276 2498 1363 2529 illum
1381 2506 1602 2538 assequamur:
1627 2501 1662 2527 et

195 2556 321 2586 demum
338 2566 408 2596 qua„¹
424 2556 472 2585 lex
488 2555 632 2596 primum,
647 2554 762 2585 deinde
779 2555 922 2595 quisnam
937 2555 1098 2585 hominum
1114 2559 1197 2584 recte
1214 2553 1253 2584 ad
1270 2553 1357 2583 illum
1374 2551 1510 2582 consulit
1523 2556 1579 2581 aut
1591 2560 1659 2581 non

194 2614 291 2641 recte.
314 2610 428 2651 quippe
453 2620 522 2650 quau
546 2608 656 2640 civitas
681 2609 729 2639 his
751 2609 880 2644 carebit,
898 2619 961 2640 nou
976 2609 1036 2639 erit
1050 2608 1172 2644 mirum,
1189 2618 1257 2638 cum
1272 2611 1375 2637 mente
1393 2615 1549 2646 sensuque
1563 2608 1659 2644 capta

194 2665 245 2701 sit,
262 2664 288 2694 si
299 2664 378 2694 forte
395 2674 530 2704 casuque
547 2663 670 2703 singula
684 2663 788 2695 faciat.
833 2664 907 2695 Cu.
931 2663 1014 2694 Vera
1030 2663 1177 2704 loquens
1221 2662 1360 2692 Arum.
1383 2657 1538 2699 Nunquid
1553 2657 1659 2688 dicere

194 2727 368 2759 possumuS,
392 2717 425 2748 in
448 2729 510 2758 qua
532 2718 666 2748 maxime
683 2718 817 2749 civitatis
831 2723 946 2748 nostrae
964 2724 1053 2759 parte
1070 2718 1116 2748 vel
1134 2727 1196 2758 quo
1211 2714 1317 2746 studio
1333 2712 1512 2754 hujusmodi
1527 2711 1657 2753 aliquod

193 2773 232 2802 ad
245 2772 378 2802 salutem
388 2771 566 2812 przesidium
574 2773 764 2803 sufficienter
775 2773 982 2804 constitutum
993 2772 1054 2802 sit?
1070 2772 1147 2803 Cu.
1158 2769 1313 2808 Quamvis
1320 2778 1385 2798 non
1396 2766 1517 2808 liquido
1526 2766 1560 2797 id
1573 2776 1661 2798 asse-

194 2836 260 2857 rere
269 2827 411 2861 audcam‚
420 2826 543 2866 hospes,
552 2826 684 2867 conjicio
693 2832 808 2863 tamen,
818 2828 897 2858 hanc
906 2827 1077 2858 orationem
1089 2832 1173 2856 tuam
1182 2824 1222 2855 ad
1232 2829 1420 2854 nocturnum
1432 2821 1520 2851 illum
1531 2826 1658 2857 coetum,

194 2890 289 2921 quem
303 2878 398 2910 modo
411 2879 530 2915 dixisti,
543 2881 746 2912 contendere.
786 2881 924 2912 Arum.
952 2880 1066 2917 Recte,
1081 2891 1100 2911 o
1115 2879 1232 2915 Clinia,
1255 2875 1421 2918 conjecisti
1435 2887 1442 2905 ε
1467 2880 1658 2916 oportetque

192 2934 296 2971 illum,
309 2939 344 2965 ut
351 2933 429 2964 ratio
439 2943 578 2974 praesens
587 2934 751 2975 significat,
765 2936 850 2966 omni
861 2936 975 2966 virtute
986 2935 1116 2977 praeditu
1122 2945 1150 2964 m
1162 2943 1244 2964 csse.
1254 2931 1354 2962 virtus
1365 2936 1469 2961 autem
1480 2929 1550 2971 ejus
1558 2929 1659 2971 prima

194 2997 285 3031 atquc
300 2988 456 3031 praecipua
470 2993 530 3024 est,
544 2998 583 3020 ne
599 3000 653 3030 per
669 2991 766 3022 multa
776 2991 924 3033 variaque
939 2995 1069 3031 vagetur
1083 3001 1091 3028 5
1117 2988 1173 3020 scd
1189 2986 1229 3018 nd
1246 2996 1341 3017 unum
1356 2984 1506 3026 respiciat
1518 2992 1660 3026 sempet-
