1840 3225
124 239 219 288 398]
514 239 587 277 DE
616 236 924 276 REPUBLICA
954 236 1051 275 Llss.
1082 237 1156 275 111.
1513 239 1582 277 121

118 351 180 383 que
204 342 303 373 oratio
328 353 383 373 sua
407 342 562 385 particeps
588 341 761 381 utriusque,
788 339 971 370 imitationis
998 339 1145 371 videlicet
1169 345 1201 371 et
1225 340 1408 385 narrationis
1434 340 1559 372 alterius
1574 342 1587 372 ?⁴

116 394 230 438 exigua
254 408 326 428 vcro
352 408 420 439 pars
444 396 624 427 imitationis
650 395 743 435 longa
767 394 798 424 in
824 393 964 424 oratione
988 393 1069 424 erit?
1115 394 1240 426 Dicone
1264 394 1396 437 aliquid,
1419 405 1458 427 an
1482 396 1586 426 nihil?

119 450 204 481 Ant.
234 450 323 482 Dicis
349 457 442 488 certe,
469 450 594 492 qualem
618 459 745 479 necesse
770 453 818 479 est
841 458 909 479 esse
934 448 1064 479 rhetoris
1088 449 1177 479 istius
1203 449 1344 490 figuram.
1389 449 1445 480 So.
1469 449 1586 480 Nonne

116 504 212 545 igitur
229 504 325 547 [397]
345 504 399 547 qui
413 505 483 536 talis
508 515 572 535 non
599 503 669 538 erit,
687 513 749 544 quo
773 502 830 533 erit
844 502 980 543 ineptior
1002 507 1035 532 et
1056 502 1226 544 indoctior,
1240 514 1278 534 eo
1294 503 1380 545 plura
1396 504 1542 540 narrabit,
1557 509 1591 535 et

116 559 223 590 omnia
239 559 418 595 imitabitur,
434 558 576 600 nihilque
586 568 618 588 se
630 557 795 598 indignum
812 567 878 587 csse
891 555 1080 587 existimabit
1096 557 1106 586 ?
1123 567 1218 598 quare
1233 557 1336 587 omnia
1351 557 1463 587 imitari
1479 568 1587 599 aggre-

115 612 230 650 dietur,
251 618 284 644 et
305 614 339 645 in
357 618 528 655 conspectu
542 613 670 655 quidem
687 611 852 642 multorum
869 622 876 640 :
895 610 943 641 'ea
959 608 1140 652 praesertim‚
1157 621 1228 651 quae
1251 611 1346 651 paulo
1363 617 1435 642 ante
1450 623 1588 643 comme-

115 668 322 706 morabamus,
337 667 480 705 tonitrus,
495 677 649 698 murmura
663 671 837 702 ventorum,
848 670 879 696 et
891 665 1063 707 grandinis,
1075 665 1152 702 axis,
1169 671 1314 703 rotarum,
1330 665 1482 701 tubarum,
1498 667 1589 697 tibia-

116 731 194 757 rum,
208 721 390 763 fistularum,
404 728 435 753 et
450 722 587 752 omniurn
604 721 741 762 denique
758 730 942 761 organorum
960 718 1080 750 sonitus
1095 732 1101 750 :
1126 725 1275 761 praeterea
1291 730 1415 756 canum,
1432 721 1588 761 pecudum

116 780 150 806 et
163 775 266 806 avium
282 786 386 807 voceS.
409 775 528 817 eritque
542 774 637 816 hujus
660 775 758 805 oratio
777 773 920 804 universa
937 784 1027 815 paene
1051 784 1108 815 per
1121 773 1326 805 imitationem
1344 785 1419 805 voce
1435 785 1471 805 ac
1488 780 1590 816 gestu,

118 829 167 860 vel
183 828 308 870 paulum
325 830 398 870 quid
415 830 599 860 narrationis
612 829 751 860 habebit.
797 828 877 858 Am.
894 828 1112 864 Necessarium
1128 838 1254 869 quoque
1270 828 1366 859 istud.
1410 828 1464 860 So.
1481 829 1589 870 Atque

119 883 168 913 hae
183 888 257 914 sunt
269 884 418 914 orationis
432 884 552 926 species
567 884 651 925 duae,
665 894 743 924 quas
759 893 851 924 supra
868 883 1022 915 dicebam.
1059 883 1140 913 Ant.
1164 883 1244 913 Sunt
1261 883 1365 923 plane.
1395 883 1449 913 So.
1473 882 1590 914 Nonne

118 936 254 978 ipsarum
268 949 330 969 una
345 939 471 980 quidem
489 949 596 980 parum
613 939 688 980 quid
707 937 890 968 mutationis
913 937 1032 967 habet?
1055 942 1087 968 et
1109 937 1134 967 si
1150 937 1220 978 quis
1234 937 1398 974 decentem
1415 947 1591 967 consonan-

118 991 193 1022 tiam
219 997 252 1023 et
276 993 455 1035 rhythmum
480 994 612 1024 orationi
639 993 766 1033 tribuat,
791 991 887 1023 ferme
914 992 953 1022 ad
981 991 1114 1022 eandem
1138 991 1287 1022 orationis
1312 992 1441 1022 formam
1469 1002 1591 1032 semper

118 1045 288 1077 dicendum
315 1052 363 1077 est
377 1052 460 1078 recte
487 1047 641 1088 loquenti,
659 1053 753 1087 atque
778 1046 813 1076 in
837 1056 901 1076 una
917 1046 1044 1086 insuper
1067 1046 1298 1076 consonantia?
1321 1046 1441 1087 exiguae
1457 1057 1592 1087 namque

122 1101 337 1140 mutationes3
361 1102 536 1143 eodemque
564 1102 656 1132 modo
684 1101 715 1130 in
740 1101 887 1142 rhythmo
912 1100 1006 1130 ferme
1031 1099 1198 1131 consimili.
1243 1099 1325 1130 Ani.
1348 1099 1487 1130 Omnino
1504 1101 1547 1131 sic
1563 1111 1596 1131 se

120 1164 168 1184 res
184 1154 289 1186 habet.
334 1155 391 1185 So.
414 1155 501 1192 Quid
528 1160 632 1185 autem
660 1155 786 1186 alterius
812 1154 958 1195 species?
983 1164 1089 1184 nonne
1114 1153 1276 1184 contrariis
1298 1153 1431 1195 indiget,
1449 1155 1595 1185 omnibus

122 1208 269 1239 videlicet
291 1209 503 1240 consonantiis
524 1209 730 1250 omnibusque
753 1208 919 1250 rhythmis,
936 1208 961 1238 si
985 1207 1109 1249 proprie
1126 1207 1262 1238 dicenda
1276 1213 1335 1247 est,
1349 1218 1419 1238 cum
1437 1208 1547 1239 multas
1565 1214 1597 1238 et

123 1263 221 1293 varias
246 1263 359 1293 habeat
385 1264 591 1293 mutationum
616 1263 753 1293 formas?
800 1262 884 1293 Am.
908 1262 959 1293 Sic
974 1268 1022 1293 est
1043 1262 1182 1293 omnino.
1227 1262 1284 1292 So.
1308 1261 1425 1293 Nonne
1442 1269 1473 1294 ct
1490 1263 1594 1304 poe'tae

121 1321 154 1346 et
180 1315 233 1346 alii
248 1327 367 1353 omnes,
384 1316 439 1357 qui
454 1317 573 1358 aliquid
599 1317 721 1353 dicunt,
739 1316 786 1347 vel
813 1317 922 1347 harum
948 1327 1011 1347 una
1026 1315 1156 1347 dicendi
1172 1316 1269 1357 figura
1291 1321 1422 1346 utuntur
1438 1317 1485 1347 vel
1501 1317 1597 1347 altera

123 1369 172 1400 vel
196 1369 334 1412 utrisque
353 1371 552 1402 commixtis?
600 1370 685 1402 Am.
710 1370 850 1402 Necesse
875 1375 935 1402 est.
978 1371 1035 1401 So.
1060 1370 1147 1407 Quid
1175 1369 1271 1411 igitur
1293 1370 1469 1401 faciemus?
1495 1376 1595 1401 utrum

123 1423 178 1454 has
194 1434 301 1455 omnes
326 1425 359 1456 in
376 1425 502 1457 civitate
527 1426 746 1467 suscipiemus,
763 1425 810 1456 vel
838 1425 966 1456 alteram
982 1424 1182 1465 simplicium,
1199 1424 1247 1454 vel
1263 1423 1445 1465 permixtam
1460 1424 1470 1454 ?
1515 1425 1599 1456 Am.

123 1477 157 1508 Si
173 1477 203 1508 in
233 1489 298 1509 mea
327 1480 455 1521 optione
481 1480 667 1516 constiterit,
694 1479 866 1520 simplicem
895 1479 1001 1510 decori
1025 1478 1231 1509 imitatricem.
1276 1477 1334 1508 So.
1358 1477 1469 1520 Atqui,
1485 1489 1503 1508 ο
1520 1479 1599 1509 Adi-

126 1537 244 1573 mante,
270 1533 365 1564 mixta
388 1545 516 1576 quoque
536 1534 681 1576 jucunda
706 1539 774 1565 est:
800 1533 899 1564 multo
923 1538 1026 1564 autern
1049 1532 1221 1574 jucundior
1244 1532 1349 1574 pueris
1372 1537 1405 1563 et
1419 1532 1601 1574 paedagogis

124 1587 277 1617 contraria
302 1588 397 1626 illius,
414 1599 507 1631 quarn
535 1594 570 1620 tu
595 1589 697 1631 eligis,
713 1594 746 1619 et
773 1588 913 1630 plurimae
939 1588 1049 1618 turbae.
1094 1586 1178 1618 Am.
1202 1585 1437 1618 ,Iucundissima
1464 1597 1600 1627 prorsus.

125 1639 180 1672 So.
205 1641 251 1671 At
266 1642 356 1679 forte,
372 1648 408 1673 ut
423 1643 564 1682 arbitror,
579 1644 623 1675 rei
646 1644 783 1685 publicae
809 1649 922 1674 nostrae
947 1642 1115 1674 convenire
1138 1652 1207 1673 eam
1223 1651 1287 1671 non
1303 1640 1504 1677 existimabis,
1521 1651 1602 1682 quo-

126 1694 209 1725 niam
226 1707 289 1726 non
315 1697 356 1727 sit
380 1698 496 1740 duplex
513 1699 560 1730 vir
585 1709 688 1740 neque
707 1697 871 1739 multiplex
887 1696 973 1738 apud
989 1707 1057 1732 nos,
1074 1694 1331 1736 quandoquidem
1349 1693 1462 1736 singuli
1478 1694 1602 1736 singula

125 1748 258 1781 faciunt.
303 1751 387 1782 Am.
412 1752 487 1783 Non
510 1753 659 1784 convenit
672 1758 768 1784 certe.
813 1752 870 1783 So.
894 1751 1011 1782 Nonne
1027 1750 1121 1791 igitur
1144 1750 1209 1780 sola
1224 1750 1257 1780 in
1273 1748 1402 1780 civitate
1417 1747 1600 1788 hujusmodi

128 1803 291 1835 coriarium
319 1805 513 1838 inveniemus
537 1808 700 1838 dumtaxat
724 1807 887 1838 coriarium
914 1817 994 1843 esse,
1021 1816 1085 1836 non
1110 1805 1347 1847 gubernatorem
1375 1803 1546 1846 praeterea?
1570 1807 1602 1833 et

128 1859 344 1900 agricultorem
361 1861 523 1892 dumtaxat
537 1862 840 1903 agricultorem‚n0n
856 1859 1132 1902 insuperjudicem
1147 1859 1157 1889 ?
1175 1858 1303 1889 militem
1319 1869 1446 1900 quoque
1461 1857 1603 1891 militem,

129 1923 195 1943 non
218 1913 312 1944 etiam
334 1916 600 1946 nummularium?
625 1921 808 1956 ceterosque
829 1914 940 1945 eodem
964 1913 1080 1943 modo?
1127 1911 1209 1942 Am.
1231 1911 1315 1942 Vera
1339 1912 1406 1942 haec
1422 1916 1505 1942 suut.
1549 1909 1603 1940 So,

131 1966 164 1997 Si
181 1967 250 2008 quis
267 1978 339 2010 ergo
365 1969 396 1999 in
421 1974 556 2000 nostram
583 1969 689 1999 urbem
718 1968 847 2003 venerit,
863 1968 915 2009 qui
943 1978 1006 2009 prae
1032 1966 1185 2008 sapientia
1208 1965 1305 2008 [398]
1323 1966 1354 1995 in
1381 1975 1488 1995 omncs
1505 1963 1606 2005 possit

131 2030 197 2051 sese
213 2027 330 2053 vertere
344 2022 457 2053 formas
483 2029 514 2054 et
541 2024 647 2054 omnia
671 2023 797 2058 imitari,
815 2022 1009 2063 volueritque
1034 2021 1102 2062 ejus
1120 2020 1268 2062 poemata
1293 2025 1462 2059 ostentare,
1477 2028 1606 2049 venera-

136 2074 238 2105 bimur
263 2077 390 2117 quidem
414 2077 516 2119 ipsum
543 2083 579 2108 ut
605 2088 738 2113 sacrum,
755 2076 967 2107 admirabilem
990 2081 1022 2106 et
1043 2074 1242 2116 jucundum:
1268 2074 1408 2105 dicemus
1423 2078 1527 2104 autem
1542 2083 1607 2102 non

132 2140 199 2161 esse
211 2129 363 2172 ejusmodi
380 2131 537 2162 hominem
553 2131 585 2162 in
598 2142 629 2162 re
642 2131 770 2174 publica
782 2136 896 2167 nostra,
910 2140 1013 2171 neque
1025 2129 1072 2160 fas
1086 2140 1153 2160 esse
1170 2128 1250 2159 utin
1261 2128 1301 2159 sit
1314 2139 1322 2158 z
1341 2127 1560 2168 mittemusque
1576 2126 1609 2156 in

135 2185 227 2216 aliam
251 2186 355 2217 urbem
374 2192 535 2228 unguento
551 2192 646 2228 caput
661 2186 730 2228 ejus
747 2191 955 2228 perungentes
972 2185 1107 2225 lanaque
1125 2189 1321 2214 coronantes.
1345 2192 1403 2212 nos
1419 2186 1523 2211 autem
1538 2190 1610 2210 aus-

136 2240 242 2270 teriori
256 2239 419 2282 minusque
440 2239 585 2281 jucundo
611 2245 734 2271 utemur
759 2240 856 2281 poeta
871 2239 1108 2279 fabularumque
1124 2238 1244 2277 fictore,
1261 2236 1410 2267 utilitatis
1427 2234 1536 2275 gratia,
1552 2233 1609 2275 qui

135 2294 241 2325 decori
257 2295 347 2325 nobis
373 2295 545 2326 orationem
571 2295 736 2335 exprimat,
752 2299 784 2325 et
811 2304 882 2335 quae
905 2293 1054 2324 dicuntur
1079 2292 1164 2322 dicat
1188 2291 1222 2321 in
1248 2290 1294 2320 his
1318 2288 1470 2324 formulis,
1486 2298 1564 2329 quas
1593 2297 1611 2317 a

137 2348 292 2390 principio
316 2359 373 2390 pro
400 2349 522 2390 legibus
549 2349 689 2384 tulimus,
705 2349 832 2390 quando
856 2347 970 2378 milites
992 2346 1114 2378 erudire
1139 2344 1273 2387 aggressi
1290 2353 1407 2375 sumus,
1453 2341 1538 2373 ΑΜ.
1562 2342 1614 2372 Ita

138 2412 274 2444 prorsus,
297 2403 323 2433 si
343 2409 426 2434 esset
450 2404 483 2433 in
509 2404 610 2444 nobis,
637 2403 839 2435 efficeremus.
887 2402 942 2432 So.
966 2401 1121 2432 Videmur
1143 2399 1223 2440 jam,
1240 2409 1258 2429 o
1286 2398 1396 2434 amice,
1412 2397 1485 2426 satis
1507 2396 1548 2426 de
1575 2407 1613 2427 ea

140 2457 267 2488 musicae
283 2461 371 2497 parte.
385 2456 510 2494 dixisse,
526 2467 597 2498 quae
612 2457 695 2488 circa
711 2455 866 2487 orationes
882 2455 1066 2496 fabulasque
1082 2459 1231 2485 versatur.
1253 2463 1323 2482 nam
1340 2457 1372 2482 et
1387 2461 1457 2492 quae
1474 2449 1612 2480 dicenda

139 2516 213 2541 sunt
227 2515 259 2541 et
273 2511 448 2552 quomodo,
463 2511 675 2552 exposuimus.
722 2510 805 2541 Am.
830 2509 913 2541 Mihi
937 2518 1064 2550 quoque
1086 2507 1171 2538 idem
1188 2505 1320 2536 videtur.
1365 2505 1422 2535 So.
1445 2502 1559 2534 Restat
1572 2503 1613 2534 de

141 2570 253 2596 cantus
267 2570 299 2596 et
315 2564 459 2595 melodiae
484 2564 603 2595 ratione
631 2564 790 2595 disserere.
837 2564 919 2594 Ant.
943 2562 1049 2594 Certe.
1094 2561 1150 2592 So.
1172 2559 1225 2592 An
1253 2569 1316 2590 non
1332 2557 1432 2589 omnis
1443 2556 1510 2599 jam
1527 2557 1616 2588 inve-

142 2619 235 2656 niret,
249 2628 320 2660 quae
337 2617 426 2649 nobis
452 2618 492 2649 de
516 2618 564 2648 his
588 2618 724 2649 dicenda
746 2624 830 2654 sunt,
847 2617 953 2659 qualia
978 2627 1044 2648 esse
1060 2619 1217 2658 oporteat,
1231 2614 1255 2644 si
1281 2613 1409 2655 quidem
1425 2617 1498 2643 ante
1525 2611 1618 2642 dictis

144 2673 311 2705 concinere
327 2672 518 2704 debeamus?
563 2672 643 2703 Tum
661 2671 784 2704 Glauco
800 2672 949 2709 atridem,
965 2671 1046 2713 Ego,
1060 2669 1176 2711 inquit,
1191 2673 1277 2699 extra
1293 2677 1401 2698 ornnes
1415 2676 1483 2697 esse
1500 2665 1620 2696 videor.

144 2738 208 2759 non
225 2727 308 2759 enirn
324 2727 398 2758 satis
413 2727 447 2758 in
463 2727 627 2769 praesentia
642 2737 768 2768 possum
784 2726 954 2768 conjicere,
968 2725 1074 2768 qualia
1090 2723 1224 2755 dicenda
1240 2722 1313 2753 sint.
1361 2721 1417 2752 So.
1445 2719 1621 2760 Opinamur

145 2787 248 2813 tamen
265 2782 394 2813 omnino
410 2782 471 2813 hoc
488 2782 621 2823 primum
637 2791 693 2811 nos
711 2791 802 2822 posse
817 2780 934 2818 dicere,
945 2778 1112 2810 melodiam
1129 2788 1164 2808 ex
1182 2776 1278 2807 tribus
1294 2779 1448 2812 constare,
1465 2773 1619 2807 oratione,

149 2837 321 2873 harmonia,
347 2836 506 2878 rhythmo.
553 2835 668 2868 Gnu.
698 2835 770 2867 Hoc
796 2835 943 2877 equidem
972 2844 1110 2876 possum.
1155 2832 1212 2863 So.
1239 2830 1355 2861 Nonne
1382 2827 1524 2859 melodiae
1551 2835 1622 2866 pars

152 2890 249 2921 oratio
265 2890 363 2921 nihilo
377 2891 482 2922 differt
497 2891 535 2922 ab
552 2890 692 2922 oratione
716 2890 782 2928 illa,
796 2900 867 2932 quae
889 2890 956 2921 sine
981 2893 1074 2920 cantu
1097 2892 1156 2927 est,
1173 2885 1277 2927 quoad
1294 2886 1366 2922 hoc,
1383 2887 1416 2914 ut
1433 2885 1575 2923 oporteat
1590 2879 1622 2908 in

241 2943 332 2976 Pzae.
352 2945 407 2976 Tr.
904 2944 950 2975 11.
1510 2935 1539 2970 Q
