1840 3225
191 226 271 264 464
746 221 914 260 T1MAE1
947 221 1110 260 Locm
1583 222 1653 276 [97

187 327 330 370 quiorem
356 325 486 358 creavit.
509 329 542 356 et
564 324 692 366 quidem
720 324 779 355 hoc
799 324 911 356 ordine
931 336 937 354 z
962 325 1070 361 Quum
1083 325 1190 366 primae
1215 329 1322 356 essent
1345 324 1483 356 unitates
1507 332 1657 366 quatuor,

188 392 282 412 unam
297 392 334 411 ex
346 380 411 411 illis
424 379 535 416 aufert,
549 379 588 409 ad
602 384 673 410 octo
685 378 840 410 Denarios
856 386 888 410 et
903 385 967 410 tres
981 380 1199 410 Centenarios.
1222 379 1314 421 hujus
1329 385 1436 409 autem
1460 379 1594 420 duplum
1620 385 1656 410 et

187 436 318 476 triplum
331 435 425 465 facile
439 439 487 465 est
501 434 661 474 colligere,
676 434 778 475 primo
794 444 922 464 numero
938 434 1118 464 constituto.
1165 434 1287 464 Omnes
1302 438 1405 463 autem
1415 442 1562 464 numeros
1581 443 1655 463 cum

188 490 252 520 suis
266 487 496 531 supplementis
510 493 542 519 et
557 487 781 528 sesquioctavis
806 493 931 529 oportet
954 498 1034 523 esse,
1056 488 1208 518 temiinos
1222 497 1276 517 sex
1299 492 1331 517 et
1357 486 1502 527 triginta:
1529 496 1657 517 ominem

189 549 296 574 autern
310 553 474 573 numerum
484 541 562 582 fieri,
571 542 717 573 Centena
730 547 761 572 et
776 542 1015 582 quatuordecim
1033 542 1140 578 millia,
1155 546 1306 572 sexcenta
1318 540 1490 581 nonaginta
1502 540 1656 582 quinque.

188 597 372 628 Divisiones
387 603 492 627 autem
510 597 558 626 hae
573 601 660 634 sunt,
675 595 820 627 Centena
836 595 1074 636 quatuordecim
1090 595 1198 631 millia,
1215 600 1363 626 sexcenta
1377 595 1551 636 nonaginta
1565 593 1657 635 quin·

189 661 262 692 que.
308 650 455 682 Universi
471 650 567 691 igitur
581 650 716 680 animam
733 650 816 680 hunc
832 650 866 680 in
881 648 1006 680 modum
1022 649 1087 680 fere
1102 649 1221 680 divisit.

233 705 342 735 Deum
357 715 449 745 porro
462 704 529 734 sola
539 713 629 734 mens
645 703 732 734 videt
747 704 780 733 in
792 703 841 733 his
856 703 1001 734 omnibus
1016 713 1091 734 sane
1106 703 1210 739 rebus,
1222 703 1398 744 principem
1414 708 1614 742 amoremque
1626 705 1660 732 et

189 764 353 800 parentem
365 759 475 788 horum
487 758 638 788 omnium.
686 757 724 787 Id
741 763 846 787 autem
861 757 946 798 quod
959 757 1099 797 genitum
1123 762 1184 797 est,
1209 757 1309 787 oculis
1334 757 1489 791 videmus,
1517 760 1549 786 et
1575 755 1658 785 hunc

189 813 340 844 mundum
359 823 415 854 per
435 812 536 853 ipsius
551 816 668 852 partes.
691 821 823 851 quarum
838 811 967 851 quidem
982 811 1148 851 praecipuae
1163 815 1235 840 sunt
1251 809 1423 841 Coelestes:
1447 819 1518 850 quae
1533 814 1566 839 et
1582 809 1657 849 ipsae

188 867 330 898 bifariam
346 866 548 896 dividuntur:
581 869 617 894 ut
630 863 759 904 quidem
789 864 950 893 nonnullae
982 864 1047 893 sint
1074 863 1230 903 Ejusdem
1252 871 1384 899 naturae,
1408 863 1582 898 nonnullas,
1597 861 1659 893 Al·

187 921 243 952 teri
250 931 294 951 ns.
320 920 436 950 Harum
450 919 519 949 aliae
537 917 664 958 quidem
679 917 873 946 extrinsecus
887 916 1008 946 ducunt
1023 926 1133 946 omnes
1149 917 1181 946 in
1196 916 1274 956 ipsis
1290 916 1445 952 internas,
1461 917 1500 946 ab
1525 916 1657 946 Oriente

188 976 227 1006 ad
246 974 467 1007 Occidentem,
483 972 629 1001 universo
645 970 782 1011 quodam
797 974 885 1000 motu
899 981 904 998 :
935 979 980 1000 eae
997 979 1070 1000 vero
1086 980 1157 1010 quae
1173 970 1212 999 ad
1241 975 1361 1000 motum
1389 969 1532 1000 Alterius
1558 969 1657 1010 perti-

187 1034 276 1064 nent,
301 1027 382 1057 intra
404 1026 443 1056 ab
472 1025 650 1056 Occidente
676 1025 715 1054 ad
741 1023 907 1054 Orientem
933 1029 1146 1060 revertuntur,
1171 1028 1204 1054 et
1229 1023 1382 1064 peculiari
1407 1021 1545 1064 quodam
1570 1028 1658 1054 motu

186 1086 367 1113 moventur.
396 1080 657 1111 circumrotantur
681 1083 790 1109 autem
819 1088 875 1119 per
905 1076 1052 1109 accidens
1082 1076 1236 1118 Ejusdem
1263 1082 1365 1114 motu,
1395 1077 1450 1117 qui
1478 1077 1513 1107 in
1537 1077 1658 1107 mundo

184 1135 433 1178 praestantiorem
457 1133 552 1164 habet
575 1137 778 1174 potestatem.
823 1131 984 1162 Atmotus
995 1132 1050 1162 ille
1065 1131 1209 1162 Alterius
1224 1141 1280 1172 per
1295 1131 1494 1162 harmonicas
1518 1131 1656 1161 rationes

185 1190 381 1226 dim-ibutus,
398 1193 518 1229 septem
541 1187 729 1218 circulorum
752 1186 918 1217 ordinibus
943 1185 1156 1227 distinguitur.
1200 1185 1293 1216 Luna
1317 1184 1486 1226 siquidem,
1515 1184 1656 1218 omnium

185 1245 324 1275 maxime
351 1243 470 1278 infima,
494 1247 527 1272 et
544 1240 585 1272 ad
614 1246 726 1272 terram
752 1239 906 1271 accedens
933 1239 1075 1281 propiuS,
1105 1245 1304 1270 menstruum
1329 1239 1453 1280 peragit
1482 1238 1654 1273 circulum:

186 1298 240 1329 Sol
255 1305 360 1328 autem
376 1297 542 1338 posthanc
557 1305 661 1326 annuo
680 1300 821 1335 tempore
839 1304 929 1324 suum
945 1294 1095 1325 circulum
1113 1294 1257 1324 absolvit.
1304 1293 1380 1324 Duo
1393 1303 1467 1324 vero
1494 1293 1562 1334 pari
1583 1303 1656 1325 cum

186 1352 261 1384 Sole
276 1362 370 1383 cursu
384 1357 471 1386 eunt,
485 1349 634 1381 Mercurii
645 1353 677 1379 et
689 1348 708 1380 J
711 1348 824 1379 unonis
841 1353 957 1379 astrum
971 1360 978 1378 ι
1011 1348 1097 1388 quod
1112 1347 1246 1379 Veneris
1262 1347 1330 1378 sive
1343 1347 1526 1378 Luciferum
1541 1347 1654 1388 vulgus

184 1412 288 1437 vocat.
320 1416 424 1446 neque
439 1405 522 1436 enim
551 1403 684 1445 quilibet
711 1402 877 1433 hominum
907 1408 1009 1433 coetus
1037 1412 1136 1432 rerum
1165 1402 1455 1438 astronomicarum,
1488 1411 1526 1433 ex
1557 1406 1652 1432 certae

183 1459 374 1501 cognitionis
389 1459 521 1499 legibus,
539 1458 681 1489 eruditus
707 1461 768 1496 est,
791 1466 896 1497 neque
919 1461 1044 1487 ortuum
1067 1461 1121 1486 aut
1149 1466 1320 1486 occasuum
1345 1455 1526 1486 discrimina
1553 1455 1655 1496 perite

183 1514 282 1545 novit.
326 1512 418 1544 Idem
436 1513 518 1543 enim
535 1511 706 1552 aliquando
723 1510 884 1551 Vesperus
911 1516 970 1546 est,
999 1510 1049 1550 [.i.
1075 1510 1244 1552 occiduus]
1271 1509 1346 1540 dum
1372 1509 1479 1540 Solem
1503 1509 1657 1549 sequitur,

184 1570 338 1600 hactenus
353 1572 389 1598 ut
412 1566 501 1597 nobis
517 1566 708 1606 conspicuus
731 1565 773 1595 sit
795 1565 867 1595 Sole
894 1565 997 1595 lucem
1019 1574 1108 1594 suam
1131 1564 1362 1594 abscondente:
1387 1562 1558 1603 aliquando
1580 1562 1656 1604 [97]

187 1623 274 1654 Eous
289 1627 416 1653 vocatur
440 1619 490 1660 [.i.
505 1619 682 1660 orientalis]
701 1629 797 1660 quum
813 1619 919 1649 Solem
935 1619 1160 1649 adventantem
1177 1617 1350 1658 antecedit,
1363 1622 1395 1648 et
1410 1617 1468 1647 sub
1480 1617 1657 1648 diluculum

187 1677 272 1718 prior
287 1676 392 1706 oritur.
419 1673 541 1704 Lucifer
552 1673 649 1714 igitur
665 1683 883 1714 saepenumero
900 1678 948 1703 est
963 1671 1099 1702 Veneris
1115 1671 1222 1707 stella,
1238 1670 1324 1712 quod
1345 1670 1459 1702 eodem
1484 1681 1555 1702 cum
1581 1670 1656 1702 Sole

184 1740 274 1761 cursu
292 1730 420 1760 seratur.
457 1727 532 1758 Non
549 1732 653 1758 tamen
668 1737 750 1757 unus
765 1727 833 1768 ipse
849 1732 897 1757 est
913 1727 1049 1757 Lucifer.
1072 1736 1147 1756 nam
1161 1725 1194 1756 id
1209 1730 1361 1767 praestant
1377 1725 1488 1756 multae
1504 1725 1605 1755 stellae
1621 1730 1656 1755 et

184 1785 313 1815 fixarum
341 1788 374 1814 et
398 1781 614 1813 inerrantium.
635 1791 728 1812 omne
753 1781 838 1812 enim
859 1780 946 1822 justa
968 1780 1189 1821 magnitudine
1211 1785 1326 1810 astrum
1353 1778 1439 1820 quod
1456 1789 1553 1820 super
1571 1778 1657 1810 hori·

185 1844 309 1870 zontcm
325 1843 397 1868 ante
410 1837 517 1867 Solem
530 1840 626 1870 extat,
643 1834 727 1866 diem
742 1835 921 1866 denuntiat.
943 1834 963 1866 J
966 1845 1014 1865 am
1029 1845 1100 1865 vero
1115 1834 1169 1865 alii
1186 1839 1248 1864 tres
1261 1833 1417 1869 Planetae,
1433 1833 1546 1864 Martis
1561 1832 1655 1863 nimi-

187 1903 265 1928 rum,
281 1879 368 1923 Joxiis
384 1895 417 1921 et
435 1889 573 1926 Saturni,
590 1890 708 1920 habent
734 1890 909 1930 peculiares
931 1889 1110 1920 celeritates
1127 1894 1159 1920 et
1181 1888 1356 1928 inaequales
1381 1897 1491 1918 annos.
1535 1886 1658 1919 Cuzsus

187 1953 292 1978 autem
307 1956 382 1976 suos
393 1944 487 1985 justis
503 1943 613 1985 spatiis
628 1943 813 1980 conficiunt,
837 1943 881 1974 ita
906 1949 941 1974 ut
966 1949 1050 1974 certa
1074 1943 1298 1984 explorataque
1326 1941 1506 1982 cognitione
1531 1940 1655 1982 percipi

185 2001 327 2042 possint:
357 1999 475 2041 quippe
492 1998 545 2039 qui
560 1997 652 2028 certis
663 1997 857 2038 temporibus
873 2003 905 2028 et
928 2003 1103 2038 appareant
1114 2002 1148 2027 et
1172 1996 1289 2026 lateant
1310 2001 1344 2026 et.
1365 1994 1525 2030 deficiant,
1547 2004 1654 2025 veros-

186 2067 246 2098 que
264 2060 346 2087 ortus
363 2058 394 2085 et
406 2063 534 2084 occasus
549 2056 710 2093 generent.
753 2050 826 2083 Jam
840 2058 872 2082 et
888 2052 1072 2082 manifestas
1087 2050 1301 2092 apparitiones
1325 2048 1492 2080 orientales
1512 2053 1545 2078 et
1570 2047 1656 2079 occi·

187 2110 265 2140 duas
281 2108 447 2150 perficiunt
461 2107 500 2137 ad
515 2106 620 2136 Solem
636 2117 642 2134 :
668 2105 721 2146 qui
736 2106 821 2136 diem
837 2116 877 2135 ex
891 2115 928 2136 eo
943 2116 1036 2136 cursu
1051 2104 1167 2139 reddit,
1192 2104 1265 2134 dum
1289 2104 1329 2134 ab
1351 2103 1473 2134 oriente
1498 2101 1540 2132 ad
1568 2101 1652 2133 occi-

185 2165 313 2194 dentem
343 2161 461 2202 pcrgit:
495 2165 620 2191 noctem
650 2168 722 2190 vero
748 2160 810 2189 alio
842 2160 997 2190 contrario
1029 2159 1132 2194 modo,
1159 2169 1197 2190 ex
1225 2157 1402 2188 occidentis
1432 2157 1471 2187 ad
1499 2155 1655 2187 orientem

186 2222 290 2248 motu:
318 2221 475 2257 quatenus
490 2214 543 2245 Sol
560 2212 707 2244 videlicet
721 2223 758 2243 ex
775 2213 831 2243 illo
846 2212 1000 2253 Ejusdem
1017 2218 1106 2243 motu
1122 2212 1263 2242 defertur
1278 2222 1284 2240 :
1312 2220 1429 2241 annum
1441 2219 1527 2246 vero,
1541 2215 1656 2250 quate-

186 2281 244 2302 nus
260 2281 315 2302 suo
331 2278 365 2300 et
378 2268 528 2310 peculiari
539 2273 637 2310 motu.
681 2267 729 2297 Ex
745 2266 864 2297 duobus
880 2267 929 2297 liis
941 2267 1076 2297 motibus
1092 2266 1144 2297 Sol
1164 2265 1325 2306 duplicem
1347 2274 1467 2295 cursum
1497 2268 1655 2304 peragrat,

185 2324 261 2356 dum
277 2324 423 2355 universo
439 2323 569 2363 quidem
581 2322 637 2352 illo
651 2327 737 2352 motu
764 2321 834 2351 coeli
860 2320 1097 2352 circumfertur:
1126 2325 1159 2350 et
1179 2320 1295 2360 spiram
1320 2328 1495 2360 gyrumque
1523 2317 1655 2358 obliquo

184 2377 325 2421 quodam
339 2382 426 2408 motu
441 2376 585 2407 involvit.
608 2377 667 2407 hoc
683 2376 814 2416 quidem
838 2376 1013 2406 secundum
1036 2385 1132 2405 unam
1154 2379 1280 2414 partem
1307 2373 1431 2402 dierum
1453 2378 1598 2412 tempora
1622 2375 1656 2402 et

186 2431 369 2464 discrimina
382 2430 526 2471 designat
541 2442 547 2460 :
574 2430 630 2460 illo
645 2440 733 2465 vcro,
745 2428 820 2458 dum
837 2428 967 2459 fixarum
981 2428 1145 2459 stellarum
1162 2431 1247 2457 motu
1262 2426 1373 2467 rapido
1387 2423 1656 2459 circumvolvitur.

187 2486 228 2517 ad
255 2495 506 2526 unumquemque
532 2483 707 2520 circuitum,
735 2482 872 2513 Noctem
896 2489 929 2513 et
956 2482 1051 2513 Diem
1077 2482 1163 2513 facit.
1207 2481 1289 2512 Sunt
1316 2489 1390 2510 vero
1412 2479 1462 2510 hae
1488 2477 1656 2520 Temporis

188 2547 305 2581 partes,
320 2549 396 2580 quas
409 2538 567 2569 Circuitus
591 2543 715 2568 vocant.
760 2536 848 2567 Deus
873 2542 975 2567 autem
1004 2541 1128 2577 tempus
1149 2545 1221 2566 cum
1248 2534 1319 2575 ipso
1341 2533 1459 2564 mundo
1485 2531 1656 2564 ordinavit.

188 2604 253 2625 non
269 2593 352 2623 enim
367 2600 456 2622 erant
472 2596 556 2622 astra
567 2596 640 2621 ante
653 2597 788 2631 tempus,
805 2599 907 2630 neque
930 2589 1061 2630 proinde
1084 2599 1196 2625 annus,
1223 2597 1329 2629 neque
1350 2587 1425 2618 anni
1451 2591 1655 2627 tempestates

190 2647 285 2680 certis
299 2645 478 2677 circuitibus
489 2644 658 2681 distinctae,
672 2644 786 2685 quibus
797 2643 936 2684 genitum
954 2645 1011 2674 hoc
1028 2649 1151 2684 tempus
1167 2642 1327 2673 definitur.
1371 2640 1430 2671 Est
1444 2645 1551 2671 autem
1573 2645 1653 2670 tem·

190 2713 250 2744 pus
263 2700 397 2741 ingeniti
413 2699 562 2740 temporis
576 2699 690 2739 imago,
707 2698 790 2739 quod
813 2697 1038 2729 AEternitatem
1057 2707 1220 2728 vocamus.
1266 2694 1543 2732 Quemadmodum
1565 2692 1652 2724 enim

191 2758 260 2787 haec
276 2753 476 2786 Universitas
491 2753 530 2783 ad
542 2752 750 2793 intelligibilis
776 2751 887 2782 mundi
917 2751 1080 2792 exemplar
1110 2756 1215 2782 creata
1235 2756 1295 2784 est,
1319 2749 1364 2779 ita
1390 2753 1422 2778 et
1445 2747 1504 2778 lioc
1529 2752 1653 2787 ternpus

191 2811 233 2842 ad
256 2807 492 2844 AEternitatmn,
513 2806 611 2837 voluti
626 2806 666 2837 ad
679 2806 839 2848 exemplar
853 2804 1022 2847 quoddam,
1039 2815 1110 2836 cum
1125 2804 1242 2835 mundo
1256 2803 1296 2835 ab
1314 2801 1438 2844 Opifice
1454 2799 1515 2832 suit
1536 2799 1654 2830 consti-

190 2869 306 2895 tutum.

233 2918 329 2949 Terra
347 2926 438 2958 porro
453 2915 484 2947 in
502 2914 604 2946 medio
618 2914 769 2952 stabilita,
785 2914 916 2947 deorum
932 2914 1035 2951 sedem
1053 2913 1202 2946 terminus
1217 2917 1263 2944 cst
1279 2909 1380 2943 noctis
1394 2914 1425 2942 et
1448 2908 1513 2940 diei
1527 2919 1533 2938 ι
1559 2917 1652 2940 occa·
