1840 3225
156 199 247 249 119]
788 197 1013 236 CR1T1AS.
1529 199 1605 235 283

149 303 259 334 calidis
275 303 405 335 lavacris
419 302 547 334 hiberno
568 307 704 343 tempore
721 302 955 332 accommodata
970 313 975 330 :
994 301 1078 342 regia
1095 311 1242 336 seorsum,
1258 309 1456 340 seorsumque
1473 299 1604 340 privata,

147 361 242 398 atque
258 358 322 388 alia
335 357 523 393 mulieribus,
539 357 602 387 alia
616 356 689 386 item
705 355 793 396 equis
808 356 958 386 ceterisve
971 355 1133 396 jumentis.
1156 356 1271 386 decens
1287 355 1380 395 plane
1396 359 1429 385 et
1441 352 1604 384 conferens

149 411 316 453 unicuique
335 412 544 442 servabantur.
567 409 714 440 Defluum
730 419 802 439 vero
818 410 1028 451 irriguurnque
1044 411 1202 440 humorem
1219 410 1251 439 in
1275 408 1419 450 Neptuni
1446 407 1603 438 deduxere

148 465 262 501 lucum,
278 465 319 497 ob
337 463 567 496 foecunditatem
584 464 640 494 soli
655 463 813 494 arboribus
828 463 920 493 variis
935 468 968 493 et
981 463 1146 494 altitudine
1162 463 1331 504 specieque
1344 461 1493 492 mirandis
1508 461 1604 492 reser-

149 523 236 550 tum:
261 524 355 561 atque
378 518 452 550 inde
476 519 509 549 in
525 517 710 548 exteriorem
727 517 888 548 circuitum
912 527 967 558 per
981 518 1183 558 aquaeductus
1194 517 1284 558 juxta
1309 522 1421 557 pontes
1443 515 1604 546 derivave-

146 578 230 605 runt.
252 573 306 604 ubi
326 574 446 614 templa
477 573 576 602 multa
604 571 795 612 delubraque
831 570 981 608 Deorum,
1004 571 1152 602 viridaria
1186 577 1280 612 atque
1307 571 1476 612 gymnasia,
1492 570 1606 611 partim

147 627 314 663 hominum,
330 627 442 668 partim
457 636 628 667 equorum:
645 636 781 656 seorsum
803 626 836 656 in
861 633 992 667 utraque
1011 626 1131 657 orbium
1155 625 1275 655 insula:
1295 625 1350 655 sed
1365 625 1448 655 circa
1465 624 1604 654 mediam

146 681 277 711 insulam
303 681 438 712 omniurn
456 681 618 710 maximam
648 680 824 721 praecipuus
858 686 924 710 erat
946 680 1180 722 hippodromus,
1195 679 1229 710 id
1251 684 1299 709 est
1313 689 1421 709 cursus
1445 688 1604 718 equorum,

147 733 236 775 cujus
256 734 390 766 latitudo
417 735 562 771 stadium,
578 734 739 775 longitudo
766 745 822 775 per
847 745 970 765 omnem
998 734 1150 765 circulum
1175 733 1390 775 porrigebatur
1405 732 1446 763 ad
1462 738 1605 773 equestre

146 793 314 819 certamen.
336 789 420 820 circa
444 788 686 830 hippodromum
706 789 849 830 utrinque
878 795 967 819 erant
992 789 1175 829 stipatorum
1192 787 1418 828 custodumque
1446 785 1604 827 dispositae

145 842 266 873 domus.
288 842 360 873 fidis
374 842 502 884 quidem
518 843 670 874 militibus
687 843 769 873 intra
782 844 883 884 ipsum
900 843 1109 884 angustiorem
1129 843 1300 878 circuitum,
1317 842 1379 872 arci
1395 851 1486 883 quam
1503 841 1609 882 proxi-

143 906 239 934 mum,
270 897 435 927 commissa
467 897 608 928 custodia
623 909 629 927 :
655 897 702 928 his
729 903 845 934 autem,
861 897 916 938 qui
943 897 1056 928 ceteris
1081 896 1144 926 fide
1171 896 1372 937 praestabant,
1389 895 1421 925 in
1445 905 1514 926 arce
1535 895 1605 935 ipsa

143 950 227 982 circa
239 960 330 992 reges
344 951 553 982 habitationes
568 962 736 983 concessae.
758 952 883 982 navalia
908 957 1060 992 praeterea
1083 950 1260 981 triremibus
1272 949 1478 991 omnibusque
1491 950 1534 980 'ad
1551 959 1605 979 eas

144 1004 372 1045 pertinentibus
387 1006 600 1036 instrumentis
622 1005 746 1041 referta,
764 1006 948 1046 singulaque
973 1004 1162 1036 sufficienter
1187 1005 1340 1046 exposita.
1362 1010 1456 1045 atque
1471 1003 1522 1034 hic
1538 1009 1606 1034 erat

143 1059 296 1099 regiarum
313 1059 424 1089 aedium
438 1066 620 1101 apparatus.
643 1060 818 1090 transeunti
833 1070 906 1090 vero
921 1066 984 1089 tres
1001 1065 1107 1100 portus
1122 1059 1303 1095 exteriores,
1319 1057 1489 1100 apparebat
1502 1068 1606 1088 murus

144 1122 163 1142 a
177 1113 254 1143 mari
268 1113 424 1154 incipiens
439 1114 513 1144 valli
529 1115 638 1149 instar,
655 1120 688 1144 et
703 1113 810 1144 stadiis
834 1114 1062 1155 quinquaginta
1076 1114 1115 1144 ab
1129 1113 1320 1154 amplissimo
1331 1113 1447 1144 circulo
1462 1123 1499 1143 ac
1513 1117 1605 1153 portu

143 1167 282 1207 undique
298 1167 427 1204 distans,
442 1168 495 1210 qui
517 1168 558 1199 ad
581 1179 614 1199 os
638 1169 736 1199 soveae
752 1179 859 1198 versus
883 1169 1015 1198 marein
1030 1168 1113 1198 idem
1141 1167 1396 1199 concludebatur.
1419 1172 1517 1198 totum
1531 1177 1606 1197 vero

144 1220 175 1250 id
184 1221 355 1262 colebatur,
363 1227 395 1253 et
408 1222 561 1264 reliquum
571 1222 698 1264 quidem
713 1223 847 1263 spatium
859 1223 969 1253 multis
982 1228 1014 1252 et
1026 1222 1240 1263 frequentibus
1250 1222 1391 1252 aedificiis
1404 1221 1583 1252 abundabat
1596 1233 1602 1250 :

143 1274 228 1305 sinus
244 1280 348 1306 autem
361 1277 427 1317 ipse
441 1282 612 1318 portusque
626 1278 796 1307 latissimus
816 1278 931 1318 plenus
963 1282 1030 1307 erat
1056 1277 1187 1307 navibus
1215 1276 1495 1316 mercatoribusque
1514 1274 1607 1306 undi-

142 1338 204 1370 que
227 1330 467 1361 confluentibus.
492 1330 544 1361 ubi
570 1332 610 1361 ob
625 1332 820 1372 frequentem
844 1332 965 1361 turbam
982 1331 1033 1361 die
1056 1336 1213 1371 nocteque
1239 1330 1355 1360 clamor
1376 1329 1544 1360 continuus
1568 1339 1604 1359 ac

140 1383 288 1424 strepitus
303 1383 414 1425 ingens
428 1385 633 1416 sentiebatur.
676 1385 783 1427 Atque
802 1386 844 1416 ita
857 1385 897 1416 de
910 1385 995 1416 urbis
1024 1391 1057 1415 et
1075 1385 1212 1426 antiquae
1229 1384 1313 1414 sedis
1335 1383 1553 1425 dispositione,
1572 1388 1606 1413 ut

141 1436 215 1468 olim
229 1437 378 1469 traditum
399 1444 457 1474 est,
472 1440 505 1470 in
524 1440 690 1481 praesentia
699 1441 766 1482 jam
780 1441 944 1471 retulimus
960 1452 966 1469 :
984 1440 1138 1480 deinceps
1163 1449 1235 1469 vero
1251 1448 1492 1469 commemorare
1508 1447 1605 1468 cona-

141 1490 252 1528 bimur,
268 1502 337 1533 quae
363 1498 473 1524 natura
488 1494 582 1535 quive
606 1495 708 1525 cultus
722 1495 853 1536 reliquae
871 1494 1007 1536 regionis
1024 1493 1186 1524 exstiterit.
1213 1493 1308 1534 [118]
1334 1491 1494 1533 Principio
1519 1493 1606 1523 locus

143 1546 243 1576 omnis
256 1545 358 1577 editus
373 1546 541 1579 admodum
557 1554 590 1578 et
605 1549 682 1580 mari
698 1549 835 1579 abscisus
850 1548 1090 1579 memorabatur.
1112 1548 1198 1588 regio
1212 1557 1285 1577 vero
1301 1547 1382 1578 circa
1398 1546 1501 1577 urbem
1519 1557 1604 1577 cam-

141 1600 254 1640 pestris
267 1601 378 1637 omnis,
389 1601 528 1632 ambiens
539 1603 665 1643 quidem
680 1603 786 1633 urbem
799 1608 832 1633 et
844 1603 962 1633 ambitu
975 1603 1120 1633 exteriori
1132 1602 1370 1642 comprehensa.
1386 1606 1510 1631 montes
1519 1601 1603 1631 enirn

142 1653 222 1684 hanc
237 1664 324 1685 secus
338 1665 423 1686 mare
439 1656 639 1687 claudebant.
662 1658 731 1698 ipsa
753 1667 826 1688 vero
846 1658 920 1688 illuc
949 1667 1048 1698 usque
1071 1657 1200 1697 aequalis
1217 1666 1252 1686 ac
1268 1656 1361 1696 plana
1377 1661 1409 1685 et
1424 1655 1519 1686 altera
1533 1655 1603 1697 qui-

142 1708 214 1739 dem
231 1718 268 1739 ex
285 1716 371 1750 parte
384 1711 422 1740 ad
438 1710 496 1740 tria
510 1711 678 1741 stadiorum
690 1711 776 1742 milia
793 1711 1036 1752 protendebatur
1050 1722 1058 1749 3
1076 1711 1114 1741 ad
1127 1710 1268 1741 medium
1280 1719 1352 1740 vero
1370 1720 1387 1740 a
1401 1711 1479 1740 mari
1494 1720 1601 1751 super-

142 1773 182 1793 ne
197 1763 366 1794 stadiorum
387 1765 473 1795 milia
487 1765 564 1796 duo.
587 1765 665 1795 situs
681 1772 786 1796 autem
807 1765 916 1796 insulae
933 1765 974 1796 ad
999 1766 1145 1796 Austrum
1161 1764 1319 1806 vergebat,
1336 1774 1354 1794 a
1379 1764 1603 1805 septemtrione,

142 1817 253 1848 Boreae
269 1818 438 1859 expositus.
455 1825 575 1850 montes
590 1819 654 1861 ejus
673 1820 862 1861 frequentia,
877 1818 1055 1854 altitudine,
1074 1818 1303 1860 pulchritudine
1319 1828 1442 1857 omnes,
1453 1818 1504 1858 qui
1520 1828 1604 1849 nunc

141 1877 274 1907 exstant,
290 1873 529 1914 exsuperabant.
552 1874 586 1903 in
614 1873 658 1903 eis
689 1874 750 1904 vici
779 1873 974 1914 complurimi
1003 1874 1179 1904 accolarum
1205 1878 1298 1913 atque
1319 1871 1477 1902 ditissimi.
1501 1881 1604 1913 neque

142 1926 272 1957 deerant
286 1936 405 1962 amnes,
420 1927 516 1962 lacus,
532 1933 632 1967 prata,
649 1927 762 1968 quibus
787 1927 937 1958 animalia
960 1933 1029 1957 tum
1052 1926 1117 1957 sera
1138 1932 1207 1957 tum
1222 1926 1394 1957 domestica
1408 1926 1532 1957 abunde
1544 1936 1603 1957 nu-

142 1981 324 2010 triebantur.
347 1980 423 2011 silva
437 1981 514 2011 item
530 1981 636 2011 crebra
650 1992 686 2012 ac
703 1982 787 2012 varia
809 1982 938 2022 singulis
954 1982 1099 2022 operibus
1113 1981 1275 2011 materiem
1289 1980 1407 2010 affatim
1423 1979 1604 2022 suppedita-

142 2035 207 2065 bat.
231 2040 324 2076 atque
349 2034 394 2065 ita
409 2035 495 2066 locus
510 2035 562 2065 ille
583 2040 648 2065 tam
675 2041 786 2066 natura
808 2035 989 2077 dispositus,
1006 2045 1098 2076 quam
1121 2035 1289 2065 multorum
1310 2044 1419 2075 regum
1442 2034 1606 2075 diligentia

143 2088 316 2131 opibusque
331 2089 425 2130 longo
440 2095 581 2130 tempore
597 2094 665 2119 erat
679 2089 834 2120 excultus.
857 2089 1008 2130 quadrata
1019 2090 1107 2130 regio
1125 2090 1192 2126 fuit,
1207 2089 1372 2131 plurimum
1387 2094 1471 2119 recte
1486 2089 1520 2119 in
1537 2089 1605 2120 lon·

144 2154 218 2185 gum
232 2154 374 2185 vergens,
390 2145 445 2174 sed
470 2150 596 2185 propter
610 2144 733 2174 foveam
751 2144 866 2174 circum
882 2149 1001 2174 erutam
1016 2150 1102 2175 recta
1115 2143 1228 2174 amissa
1243 2144 1348 2185 figura.
1371 2143 1461 2185 cujus
1477 2144 1604 2185 profun-

143 2198 236 2233 ditas,
249 2198 415 2240 longitudo
441 2203 474 2228 et
493 2198 668 2240 amplitudo
685 2198 884 2229 incredibiles
908 2198 1004 2229 dictu.
1028 2198 1219 2240 impossibile
1242 2208 1377 2239 namque
1404 2197 1526 2228 videtur
1538 2204 1603 2228 tam

142 2258 264 2282 vastum
279 2262 369 2293 opus,
385 2262 456 2283 cum
471 2253 542 2283 aliis
563 2253 713 2283 collatum
734 2253 890 2294 operibus,
904 2253 1048 2283 manibus
1072 2253 1233 2283 hominum
1259 2263 1327 2283 esse
1343 2253 1471 2282 factum.
1494 2252 1603 2283 dicen-

144 2305 220 2336 dum
234 2310 349 2342 tamen,
366 2307 449 2348 quod
477 2306 663 2338 audivimus.
682 2306 801 2348 jugeris
816 2307 908 2338 unius
929 2313 995 2338 erat
1016 2306 1220 2348 profunditas,
1238 2306 1370 2337 latitudo
1386 2306 1524 2337 omnium
1540 2312 1602 2337 sta-

145 2358 252 2390 dium:
269 2370 403 2401 cumque
430 2366 513 2391 esset
534 2371 589 2402 per
613 2371 738 2392 omnem
754 2372 862 2403 agrum
886 2361 1012 2402 effossa,
1025 2361 1189 2402 longitudo
1213 2361 1279 2402 ejus
1295 2359 1466 2391 stadiorum
1493 2361 1603 2392 decem

145 2413 253 2444 millia.
274 2414 342 2444 haec
357 2424 431 2445 sane
441 2415 558 2446 fluenta
572 2426 610 2446 ex
626 2416 782 2446 montibus
798 2416 1000 2447 demanantia
1015 2415 1216 2457 suscipiebat,
1227 2424 1344 2456 perque
1358 2425 1449 2455 agros
1462 2415 1604 2446 revoluta

145 2467 186 2498 ad
201 2467 308 2498 urbem
331 2468 403 2499 hinc
420 2474 513 2510 atque
542 2470 627 2500 illinc
646 2471 845 2510 perveniens,
862 2472 919 2502 hac
947 2469 1075 2501 taudem
1099 2469 1284 2510 erumpebat
1298 2469 1330 2498 in
1348 2478 1443 2499 mare.
1466 2470 1603 2510 desuper

145 2527 251 2553 autem
261 2523 299 2552 ab
312 2523 381 2564 ipsa
393 2523 464 2553 latae
477 2522 575 2564 pedes
590 2530 715 2554 centum
732 2524 995 2565 fovea-‚rectaque
1007 2523 1118 2555 excisae
1131 2534 1186 2564 per
1199 2533 1308 2564 agrum
1319 2533 1422 2553 rursus
1434 2523 1465 2553 in
1479 2523 1602 2554 foveam

144 2577 222 2607 mari
248 2577 417 2618 proximam
434 2577 696 2608 demittebantur:
724 2578 820 2610 altera
841 2590 913 2609 vero
930 2579 968 2609 ab
991 2579 1089 2609 altera
1104 2577 1214 2608 stadiis
1230 2583 1358 2608 centum
1373 2577 1604 2619 sejungebatur.

145 2631 345 2662 deducebant
359 2642 396 2662 ex
412 2632 497 2662 silvis
512 2632 597 2672 ligna
624 2632 654 2662 in
670 2632 786 2668 urbem,
803 2641 836 2663 et
851 2633 912 2664 alia
937 2633 998 2663 suis
1014 2642 1147 2673 quaeque
1175 2631 1310 2662 collecta
1326 2631 1527 2673 temporibus,
1543 2632 1602 2662 du-

144 2685 277 2726 plicibus
291 2695 348 2726 per
367 2686 475 2716 foveas
499 2686 641 2718 navibus,
664 2686 823 2718 fovearum
847 2687 930 2717 enim
947 2693 1061 2718 tractus
1082 2686 1208 2727 oblique
1234 2696 1302 2716 sese
1326 2696 1421 2727 usque
1438 2687 1477 2716 ad
1495 2686 1602 2717 urbem

144 2740 388 2771 intersecabant.
411 2740 552 2782 geminos
567 2751 605 2770 ex
621 2745 704 2771 terra
719 2740 836 2772 fructus
850 2752 886 2772 ac
900 2741 1005 2782 fruges
1020 2741 1110 2771 annis
1126 2740 1255 2781 singulis
1271 2740 1473 2781 colligebant.
1497 2740 1601 2770 hieme

146 2793 272 2834 quidem
287 2793 376 2825 Jovis
392 2794 545 2825 beneficio
557 2794 669 2835 pluviis
685 2793 776 2825 tellus
796 2796 951 2831 madebat,
969 2801 1075 2826 aestate
1096 2795 1167 2825 rivis
1191 2805 1227 2824 ex
1244 2795 1480 2836 aquaeductibus
1495 2793 1601 2834 irriga-

147 2846 246 2878 batur.
270 2848 350 2880 circa
364 2858 525 2880 numerum
540 2859 612 2879 vero
629 2849 761 2880 virorum
780 2850 813 2880 in
829 2849 995 2892 campestri
1013 2849 1138 2891 regione
1159 2850 1198 2880 ad
1216 2860 1277 2879 rem
1298 2848 1461 2879 militarem
1479 2847 1599 2877 utilium

148 2899 199 2932 hic
215 2906 280 2933 erat
295 2903 382 2940 ordo,
398 2907 432 2934 ut
452 2914 540 2935 suum
557 2913 689 2945 quaeque
715 2903 829 2936 ducem
845 2915 907 2936 sors
928 2903 1056 2946 eligeret
1073 2904 1295 2946 praeberetque.
1320 2901 1416 2943 [119]
1441 2901 1530 2932 sonis
1546 2911 1602 2931 au·
