1840 3225
229 215 277 252 16
805 211 1072 251 PLATONrs
1623 217 1694 268 [39

231 316 349 348 vansin
363 327 395 348 se
408 316 478 358 ipso
494 315 646 358 procedit.
670 315 759 350 Pno.
777 315 916 349 Prorsus.
939 316 996 347 So.
1016 315 1102 353 Quid
1114 326 1187 358 ergo
1205 315 1311 348 ?idem
1324 315 1391 358 ipse
1403 317 1433 348 in
1447 317 1574 360 iis,quae
1583 324 1615 350 et
1627 329 1698 360 ego.

231 370 326 402 sentis
341 371 351 401 ?
397 370 484 402 Pno.
509 371 595 407 Quid
612 370 694 401 istud
711 370 722 400 ?
767 370 823 401 So.
847 371 983 402 Videtur
999 371 1072 401 mihi
1089 375 1163 402 tunc
1179 371 1313 402 hominis
1332 372 1436 402 anima
1450 372 1518 403 libri
1533 372 1697 414 cujusdam

232 425 406 466 persimilis.
429 424 516 456 l'no.
540 425 612 460 Qua
626 424 768 456 ratione?
801 424 854 456 So.
878 425 1035 455 Memoria
1051 424 1082 455 in
1098 425 1182 456 idem
1208 425 1282 468 [39]
1304 436 1373 457 cum
1391 426 1531 457 sensibus
1546 426 1700 464 incidens,

233 484 266 510 et
281 479 342 509 illae.
357 489 426 519 quae
442 479 524 510 circa
540 478 598 509 ista
613 478 772 520 passiones
795 483 878 515 sunt,
896 480 989 510 verba
1011 480 1156 520 quaedam
1178 479 1208 510 in
1226 480 1329 510 anima
1343 481 1576 522 quodammodo
1589 479 1700 512 inscri-

232 533 305 564 bere
321 533 396 563 mihi
412 533 575 563 videntur:
601 542 735 573 cumque
750 542 822 562 vera
837 533 1047 569 conscribunt,
1064 533 1238 574 passionem
1262 533 1442 575 hujusmodi
1459 544 1558 565 veram
1575 533 1702 576 opinio·

233 598 305 618 nem
334 587 478 623 dicimus,
495 592 527 618 et
542 587 697 618 orationes
714 586 744 616 in
761 587 851 618 nobis
867 597 947 618 verae
963 588 1002 618 ab
1027 588 1085 619 boc
1102 587 1171 629 ipso
1188 587 1423 628 proficiscuntur
1437 600 1444 618 :
1468 593 1500 619 at
1515 598 1585 619 cum
1601 587 1701 619 scriba

231 641 283 672 hic
299 646 404 672 noster
418 641 495 672 falsa
510 641 656 683 resignat,
672 640 824 672 contraria
848 641 927 672 veris
943 642 1104 673 eveniunt.
1150 642 1237 673 Pno.
1260 641 1399 672 Omnino
1415 642 1457 673 ita
1474 642 1548 672 mihi
1566 642 1701 678 videtur,

231 700 261 726 et
278 706 315 726 ea
330 706 399 736 quae
425 696 510 726 dicta
525 701 607 732 sunt,
624 696 755 726 libenter
770 696 904 737 accipio.
949 696 1006 728 So.
1031 695 1154 737 Accipe
1170 696 1264 726 aliurn
1293 707 1412 733 eorum,
1433 707 1504 738 quae
1528 702 1603 728 tunc
1620 697 1702 728 fiunt

230 749 263 780 in
280 749 390 780 animis
405 750 528 786 nostris,
544 749 701 791 opificem.
748 750 832 781 Pno.
859 751 961 787 Quem
977 751 987 780 ?
1034 750 1090 781 So.
1115 750 1284 786 Pictorem,
1300 751 1354 792 qui
1371 756 1443 792 post
1457 751 1556 792 ipsum
1569 751 1717 792 scripto·v

231 814 293 834 rem
309 803 461 834 dictorum
479 802 629 844 imagines
645 803 675 833 in
693 803 795 834 anima
811 802 924 844 pingit.
960 804 1048 836 Pno.
1073 804 1243 841 Quomodo
1259 805 1354 841 hunc,
1370 810 1403 835 et
1418 805 1546 846 quando
1562 805 1593 835 id
1608 815 1699 846 agere

231 858 424 890 dicendum?
470 858 525 890 So.
551 858 688 894 Quando
713 859 752 889 ab
779 863 908 898 aspectu
935 858 999 889 sive
1024 858 1085 889 alio
1109 869 1199 889 seusu
1224 859 1308 890 dicta
1331 865 1364 890 et
1386 859 1535 901 opinione
1553 864 1701 900 percepta

231 912 302 954 quis
330 913 478 949 educens,
503 913 656 943 dictorum
684 918 717 942 et
742 912 891 954 opinione
918 917 1135 953 perceptorum
1160 913 1312 954 imagines
1339 913 1368 944 in
1395 924 1427 944 se
1454 913 1522 955 ipso
1547 913 1701 955 quodam-

231 968 327 999 modo
357 972 533 999 contuetur.
567 978 606 997 an
641 967 699 998 hoc
730 967 761 997 in
799 967 890 997 nobis
926 966 1079 997 efficitur?
1128 966 1215 998 Pno.
1238 967 1458 1000 Vehementer.
1503 968 1560 999 So.
1585 967 1702 999 Nonne

235 1032 375 1052 verarum
425 1021 609 1062 opinionum
658 1030 895 1061 sermonumque
940 1020 1089 1060 imagines
1135 1031 1239 1059 verae3
1283 1021 1369 1052 salsae
1414 1032 1487 1053 vcro
1531 1021 1702 1052 falsarum?

232 1075 320 1107 Pno.
345 1075 496 1107 Omnino.
541 1075 595 1106 So.
618 1075 650 1105 Si
675 1075 767 1104 modo
791 1079 874 1105 recte.
899 1076 965 1105 haec
989 1075 1135 1112 diximus,
1161 1076 1220 1106 boc
1245 1076 1281 1107 in
1301 1076 1336 1106 iis
1353 1081 1501 1117 praeterea
1516 1076 1702 1117 cogitemus.

233 1130 321 1161 Pno.
349 1129 433 1165 de
460 1128 567 1159 istud?
613 1129 668 1160 So.
692 1128 804 1159 Utrum
830 1128 914 1159 circa
938 1128 1101 1169 praesentia
1126 1134 1220 1170 atque
1245 1129 1401 1170 praeterita
1425 1131 1484 1161 hoc
1509 1130 1600 1161 nobis
1622 1129 1705 1161 acci-

233 1184 307 1214 dere
334 1193 461 1214 necesse
484 1183 538 1223 sit,
559 1183 640 1214 circa
662 1182 765 1213 futura
787 1183 1011 1224 nequaquam?
1057 1182 1145 1214 Pno.
1168 1183 1287 1214 Eadem
1314 1184 1433 1215 ratione
1456 1183 1538 1215 circa
1563 1189 1705 1225 tempora

237 1237 352 1269 omnia.
397 1238 454 1270 So.
477 1237 595 1268 Nonne
626 1236 803 1277 voluptates
825 1241 919 1277 atque
944 1236 1094 1267 molestiae
1123 1237 1223 1278 ipsius
1250 1238 1362 1268 animae
1393 1238 1523 1279 propriae
1553 1237 1586 1268 in
1609 1249 1703 1279 supe-

233 1291 365 1323 rioribus
392 1292 486 1323 dictae
508 1297 580 1322 sunt
606 1291 782 1332 voluptates
808 1296 841 1322 et
869 1291 992 1321 dolores
1015 1291 1152 1332 corporis
1182 1292 1391 1324 antecedere?
1417 1298 1643 1334 proptereaque
1671 1297 1704 1324 et

232 1347 434 1389 praegaudere
450 1352 482 1377 et
498 1346 667 1387 praedolere
683 1356 740 1376 nos
757 1346 797 1376 ob
815 1346 919 1376 futura
933 1346 1087 1387 contingit
1102 1346 1113 1376 ?
1148 1346 1237 1378 Pno.
1261 1347 1343 1377 Vera
1360 1357 1474 1378 narras.
1510 1347 1564 1378 So.
1589 1347 1703 1378 Utrum

230 1400 449 1444 inscriptiones
464 1406 557 1442 atque
573 1401 713 1441 picturae,
729 1410 805 1441 quas
828 1400 923 1441 paulo
939 1405 1012 1430 ante
1038 1400 1128 1431 nobis
1152 1400 1286 1441 imprimi
1304 1401 1496 1436 volebamus,
1511 1401 1550 1431 ad
1568 1410 1704 1441 praesens

233 1455 464 1498 praeteritumve
493 1455 675 1496 respiciunt,
705 1455 744 1485 ad
775 1459 931 1495 posterum
962 1454 1111 1485 minime?
1158 1454 1249 1486 Pno.
1285 1455 1338 1485 Ad
1370 1454 1487 1485 omnia.
1531 1454 1587 1485 So.
1617 1453 1704 1485 Num

230 1510 347 1542 iccirco
364 1510 401 1541 iis
417 1510 586 1551 assentiris,
602 1510 686 1551 quod
702 1509 885 1540 haecomnia
907 1519 979 1550 spes
1001 1510 1145 1550 quaedam
1168 1510 1208 1540 ad
1231 1509 1369 1539 futurum
1394 1514 1518 1551 tempus
1540 1508 1704 1546 exsistunt,

235 1575 356 1606 nosque
382 1575 437 1606 per
463 1575 585 1596 omnem
610 1564 706 1594 vitam
735 1568 886 1605 perpetua
902 1574 957 1605 spe
973 1563 1147 1594 nutrimur?
1195 1563 1283 1594 Pao.
1306 1563 1449 1596 Prorsus,
1491 1562 1546 1595 So.
1572 1563 1642 1605 Age
1664 1564 1705 1594 ad

235 1619 296 1649 hoc
309 1618 484 1660 praeterilla
495 1619 672 1660 responde?
698 1619 784 1649 Pno.
801 1618 887 1655 Quid
902 1628 990 1659 rogas
1006 1618 1016 1648 ?
1039 1618 1093 1650 So.
1112 1617 1166 1648 Vir
1178 1618 1284 1659 justus
1295 1624 1326 1648 et
1340 1619 1409 1660 pius
1421 1623 1453 1648 et
1467 1618 1582 1659 probus
1597 1628 1703 1648 nonne

234 1672 307 1703 Deo
324 1673 440 1704 amicus
457 1673 526 1704 est?
559 1673 643 1704 Pno.
667 1672 811 1710 Quidni?
843 1673 900 1704 So.
925 1672 1068 1714 Injustus
1082 1678 1113 1703 et
1130 1673 1288 1714 improbus
1304 1682 1412 1704 contra
1438 1671 1514 1714 [40]
1538 1683 1571 1703 se
1586 1672 1677 1703 habet
1693 1672 1704 1703 ?

235 1726 326 1759 Pno.
353 1727 481 1759 Contra.
517 1727 573 1758 So.
598 1728 737 1758 Plurima
752 1733 868 1768 tamen,
883 1732 919 1758 ut
934 1728 1126 1763 dicebamus,
1143 1728 1356 1769 unusquisque
1373 1737 1429 1768 spe
1445 1727 1581 1759 ducitur.
1617 1726 1707 1759 Pno.

236 1783 331 1813 Sane.
376 1782 432 1814 Se.
455 1782 619 1813 Sermones
643 1787 715 1813 sunt
730 1782 760 1813 in
778 1792 970 1824 unoquoque
986 1787 1135 1818 nostrum,
1159 1792 1236 1823 quas
1252 1792 1323 1823 spes
1347 1781 1567 1812 nominamus?
1613 1780 1706 1812 Pno-

236 1837 361 1868 Insunt.
405 1836 459 1869 So.
483 1836 571 1874 Quin
587 1836 679 1868 etiarn
697 1838 914 1878 phantasmata
930 1837 1026 1878 picta.
1050 1847 1122 1867 narn
1138 1837 1251 1878 cuique
1264 1836 1339 1867 licet
1354 1836 1483 1877 fingere,
1499 1845 1532 1865 se
1547 1834 1706 1866 cumulum

237 1891 303 1921 auri
321 1891 488 1922 maximum
516 1892 685 1932 possidere,
702 1891 1001 1932 oblectamentisque
1028 1891 1117 1921 variis
1131 1891 1342 1921 abundantem
1368 1890 1454 1920 omni
1469 1888 1622 1920 suavitate
1637 1899 1707 1929 per·

237 1945 341 1978 fundi.
388 1946 475 1977 Pno.
498 1945 553 1976 Nil
570 1945 724 1986 prohibet.
768 1946 826 1977 So.
850 1945 935 1976 Num
953 1945 1271 1981 dicendu111,iuterna
1297 1945 1364 1975 lraec
1379 1944 1494 1985 scripta
1509 1943 1599 1974 bonis
1621 1941 1707 1983 viris,

238 2000 314 2040 quia
328 1999 400 2030 Deo
426 1999 517 2030 amici
545 2005 628 2035 suut,
646 2010 716 2030 vera
731 2011 813 2041 saepe
839 2000 993 2030 evadere:
1019 1999 1107 2030 malis
1131 2009 1345 2040 saepenumero
1361 1998 1493 2029 contra?
1537 1997 1625 2028 Pno.
1649 1996 1709 2028 Di-

238 2054 373 2084 cendum
389 2058 484 2085 certe.
529 2054 586 2086 So.
611 2053 654 2084 Et
669 2053 755 2083 malis
772 2054 842 2084 viris
859 2054 1084 2084 oblectationes
1102 2053 1303 2084 nibilominus
1320 2054 1436 2083 adsunt
1451 2062 1535 2092 saepe
1550 2051 1706 2088 confictae,

239 2118 277 2139 ac
292 2107 429 2149 denique
445 2108 542 2140 falsae.
588 2108 672 2150 Pno.
698 2108 818 2145 Quidni
844 2108 972 2138 adsint?
1017 2108 1062 2137 So
1089 2107 1187 2138 Falsis
1212 2107 1306 2148 igitur
1334 2106 1548 2147 voluptatibus
1571 2104 1657 2145 pravi
1674 2109 1709 2134 ut

240 2161 405 2202 plurimum
423 2162 581 2203 gestiunt:
600 2162 673 2192 boni
687 2163 827 2192 homines
843 2162 921 2193 veris
933 2162 1067 2192 aluntur.
1114 2161 1202 2192 Pno.
1228 2160 1446 2192 Necessarium
1461 2159 1600 2201 penitus.
1649 2159 1707 2189 So.

239 2215 356 2246 Insunt
379 2226 451 2257 ergo
468 2216 640 2247 secundum
665 2216 745 2246 lianc
763 2217 912 2247 rationem
936 2216 1021 2246 salsae
1038 2216 1180 2256 quzedam
1204 2214 1315 2245 animis
1342 2214 1502 2244 hominum
1520 2212 1708 2253 voluptates,

240 2270 397 2300 imitantes
413 2275 516 2301 tamen
534 2281 630 2306 veras,
647 2269 816 2301 nimiumve
832 2270 970 2301 ridiculae
984 2282 990 2300 :
1017 2280 1054 2301 ac
1072 2270 1195 2300 dolores
1209 2269 1319 2299 eodem
1335 2273 1440 2309 pacto,
1484 2266 1573 2298 Pno.
1594 2266 1708 2297 Insunt

240 2323 361 2365 utique.
405 2325 462 2356 So.
487 2324 540 2355 An
558 2324 671 2355 licebat
687 2325 730 2356 :ic
746 2324 888 2365 opinanti
905 2325 1050 2363 omnino,
1066 2335 1136 2365 quae
1152 2333 1210 2354 nec
1226 2323 1354 2352 fuerunt
1368 2332 1427 2352 nec
1443 2327 1515 2352 suut
1530 2331 1589 2352 nec
1604 2325 1708 2357 erunt,

240 2380 273 2411 in
291 2389 323 2410 se
338 2379 406 2420 ipso
422 2379 573 2410 formare?
619 2379 706 2410 Pno.
729 2379 870 2409 Licebat.
916 2378 972 2409 So.
997 2378 1104 2419 Atque
1131 2378 1197 2407 haec
1213 2381 1312 2412 erant,
1334 2386 1405 2417 quae
1434 2380 1508 2406 tunc
1525 2374 1706 2416 opinionem

240 2433 349 2464 falsam
361 2438 392 2464 et
406 2434 524 2475 opinari
540 2433 616 2464 falso
632 2433 821 2464 efficiebant.
846 2443 885 2463 an
898 2443 961 2462 nen
977 2433 987 2462 ?
1034 2433 1120 2463 Pno.
1145 2431 1253 2462 Erant.
1298 2431 1355 2461 So.
1383 2429 1496 2460 Nonne
1513 2429 1546 2459 in
1562 2429 1625 2460 illis
1637 2429 1715 2459 red-¹

241 2487 364 2518 dendus
389 2493 438 2518 est
463 2487 586 2518 habitus
612 2487 723 2528 aliquis
749 2486 962 2527 voluptatibus
991 2485 1202 2526 molestiisque
1226 2489 1334 2515 contra
1358 2482 1571 2524 respondens?
1617 2481 1707 2513 Pno.

241 2542 434 2578 Quomodo?
492 2541 548 2573 So.
586 2541 681 2578 Quod
709 2541 825 2572 licebat
850 2540 942 2571 alicui
967 2550 1070 2571 revera
1097 2539 1205 2578 laetari,
1230 2549 1357 2579 quoquo
1388 2538 1484 2568 modo
1513 2536 1562 2567 vel
1592 2540 1708 2566 temere

241 2595 400 2636 gestienti,
430 2605 493 2625 non
525 2601 628 2626 tau-,en
652 2595 689 2625 iis
719 2605 788 2636 quae
822 2599 893 2625 sunt
917 2599 972 2624 aut
993 2599 1065 2624 ante
1096 2593 1243 2623 suerunt:
1271 2592 1454 2633 plerumque
1483 2589 1578 2620 eiiam
1610 2588 1707 2619 laetari

242 2649 274 2679 in
311 2648 360 2685 iis,
398 2659 469 2690 quae
503 2659 663 2691 nunquam
701 2649 860 2680 evenient.
905 2648 994 2680 Pno.
1018 2647 1095 2678 Haec
1129 2657 1265 2688 quoque,
1296 2656 1314 2676 o
1353 2646 1510 2681 Socrates,
1532 2642 1706 2674 necessaria

240 2708 324 2733 sunt.
368 2703 422 2733 So.
446 2702 488 2733 Et
517 2703 626 2733 eadem
656 2703 737 2734 ratio
762 2704 802 2733 de
832 2703 992 2733 timoribus
1018 2708 1050 2733 et
1077 2701 1292 2742 cupidinibus,
1318 2699 1492 2739 ceterisque
1514 2696 1706 2738 hujusmodi,

240 2766 324 2797 saepe
354 2756 473 2787 scilicet
499 2756 551 2786 illa
577 2756 654 2787 salsa
682 2757 839 2788 exsistere.
885 2757 973 2788 Pno.
998 2756 1116 2787 Eadem
1148 2755 1300 2796 profecto.
1344 2754 1400 2785 So.
1424 2751 1510 2782 Num
1541 2750 1707 2792 opiniones

240 2811 281 2841 ob
292 2810 376 2841 aliud
390 2811 486 2841 bonas
497 2810 544 2841 vel
559 2820 678 2851 pravas,
691 2820 783 2851 quam
798 2810 882 2852 quod
900 2820 979 2841 verae
992 2810 1038 2840 vel
1055 2809 1140 2840 salsa:
1153 2809 1225 2846 sint,
1239 2805 1455 2849 appellamus?
1479 2805 1568 2837 Pno.
1583 2804 1635 2836 Ob
1643 2805 1704 2836 hoc

240 2864 355 2905 ipsum.
401 2864 457 2895 So.
480 2863 550 2895 Nec
567 2863 742 2904 voluptates
766 2864 860 2895 malas
877 2864 918 2895 ob
934 2864 1033 2900 aliud,
1058 2864 1133 2906 [41]
1159 2873 1251 2904 quam
1268 2863 1343 2903 quia
1357 2860 1468 2894 falsae?
1514 2860 1600 2891 Pno.
1626 2858 1705 2890 Om-

241 2918 329 2960 nino,
345 2927 364 2950 ο
379 2917 532 2955 socrates,
548 2909 732 2950 contrarium
757 2918 922 2958 protulisti.
945 2918 1023 2949 forte
1047 2918 1129 2949 enim
1159 2917 1199 2949 ob
1222 2917 1333 2949 salsum
1358 2916 1457 2948 solum
1473 2914 1649 2956 voluptates
1671 2918 1706 2945 et
