1840 3225
128 274 224 321 569]
563 275 633 313 DE
664 272 971 312 REPUBLICA
1007 274 1105 311 ΜΒ.
1138 274 1247 311 VIII.
1520 273 1599 312 209

130 385 222 421 agat:
249 391 265 410 a
280 380 393 422 quibus
407 381 500 410 etiam
517 380 590 409 odio
613 379 773 414 habeatur,
799 377 846 408 vet
871 378 998 409 omnino
1022 389 1084 409 non
1102 378 1195 409 vivat.
1242 378 1323 410 Am.
1347 377 1431 409 Talis
1451 380 1596 420 profecto

128 433 198 474 ejus
213 434 353 465 conditio
369 440 426 465 est.
471 433 527 464 So.
553 433 679 467 Nonne,
695 443 758 472 qno
774 431 958 462 infensiores
974 432 1066 461 habet
1082 431 1179 471 cives,
1195 432 1268 462 dum
1283 432 1348 463 baec
1361 432 1437 473 agit,
1451 443 1489 463 eo
1501 432 1595 473 pluri-

129 488 186 518 bns
202 494 233 519 et
249 487 438 518 fidelioribus
453 486 639 517 satellitibus
655 485 798 526 indiget?
846 484 929 515 Am.
954 485 1039 521 Quid
1055 485 1197 525 probibet
1212 486 1223 515 ?
1269 485 1325 516 So.
1350 486 1488 522 Quinam
1502 486 1595 527 igitur

128 541 200 572 nuic
217 541 324 572 fideles
341 541 493 571 maxime?
518 540 602 570 uude
619 539 687 569 illos
711 539 870 570 accersct?
918 537 999 569 Am.
1027 538 1116 569 Ultro
1140 539 1333 569 advolabunt
1351 539 1489 580 undique
1507 540 1596 570 multi

130 596 270 627 mercede
299 593 433 636 pellecti.
480 593 533 624 So.
560 593 659 624 Fucos
683 593 792 623 iterum
824 591 896 622 milii
928 591 1040 622 videris
1071 602 1126 632 per
1154 602 1262 622 canem
1294 593 1444 633 quosdam
1477 593 1594 629 dicere.

127 649 260 679 externis
276 654 307 679 et
323 647 412 678 variis
430 659 464 678 ex
480 647 625 689 gentibus
636 646 843 677 confluentes.
890 645 969 674 Am.
996 644 1076 675 Vere
1089 645 1143 675 tibi
1157 645 1274 675 videor.
1319 645 1373 675 So.
1398 645 1478 682 Quis
1489 652 1593 677 antem

128 713 165 734 ex
179 701 359 743 indigenis?
384 711 488 731 nonne
514 700 622 742 aliqui,
640 700 663 729 si
688 698 844 729 voluerit?
892 697 973 728 Am.
997 697 1070 733 Quo
1098 698 1213 738 pacto?
1260 698 1314 728 So.
1338 697 1465 729 Scilicet
1479 699 1505 729 si
1523 710 1595 740 pro-

126 755 200 795 priis
215 755 308 786 servis
326 754 467 790 sublatis,
484 753 616 784 voluerit
632 752 715 784 cives
729 752 848 793 aliquos
864 752 990 782 liberare
1006 751 1230 782 etsatellitibus
1242 752 1304 782 suis
1318 752 1483 783 asciscere.
1509 752 1595 785 Am.

128 808 268 840 Maxima
290 810 428 850 quidem,
453 809 600 849 quoniam
629 807 799 837 fidelissimi
824 806 883 836 sibi
908 806 938 835 bi
963 812 1045 836 sunt.
1093 805 1148 837 So.
1173 806 1275 843 Quam
1295 806 1472 846 praeclaram
1491 816 1595 837 nan-as

127 863 251 904 tyranni
269 863 506 904 possessionem,
533 860 630 902 [568]
656 861 679 890 si
707 859 832 901 quidem
859 858 970 889 talibus
998 859 1108 890 amicis
1136 859 1268 899 fidisque
1292 860 1470 890 bominibus
1487 859 1595 896 utitur,

126 926 198 947 cum
221 916 339 957 priores
357 915 427 947 illos
454 915 631 956 perdiderit:
678 914 758 945 Am.
782 914 930 944 Attamen
956 913 1067 943 talibus
1092 913 1197 944 utitur.
1244 914 1299 943 So.
1325 913 1423 955 Atqui
1450 914 1598 946 mirantur

126 980 196 1000 cum
213 969 303 1000 amici
331 969 418 1005 tales,
435 974 716 1009 conversanturque
733 979 802 999 cum
820 979 857 998 eo
875 963 946 997 novi
963 968 1046 998 cives
1062 980 1068 998 ;
1095 968 1245 1008 aequiores
1269 973 1373 997 autem
1390 967 1443 997 viri
1460 968 1595 998 oderunt

126 1033 162 1054 ac
178 1022 311 1064 fugiunt.
356 1022 438 1053 on.
461 1022 546 1058 Quid
565 1021 672 1052 vetat?
718 1021 772 1051 So.
797 1019 869 1051 Non
888 1026 1001 1051 temere
1017 1021 1111 1061 igitur
1128 1021 1275 1062 tiagredia
1292 1021 1414 1062 sapiens
1431 1021 1595 1052 artificium

127 1087 206 1112 esse,
223 1076 345 1108 videtur
360 1083 454 1117 atque.
469 1077 499 1106 in
516 1086 553 1106 ea
568 1075 733 1116 Euripides
751 1075 821 1115 jure
846 1075 944 1105 clarus
968 1075 1108 1105 liabetur.
1152 1075 1233 1105 Ani.
1258 1075 1491 1111 Quamobrem?
1538 1075 1596 1105 So.

130 1130 225 1167 Quod
243 1137 275 1161 et
287 1130 347 1161 hoc
373 1141 410 1161 ex
426 1129 582 1171 profunda
599 1135 701 1159 mente
718 1125 852 1159 cecinit:
878 1128 1042 1169 Sapientes
1067 1135 1217 1170 tyrannos
1242 1139 1308 1158 esse
1326 1128 1502 1169 sapientum
1521 1138 1597 1158 con-

129 1183 315 1214 suetudine:
341 1184 482 1224 dixitque
505 1184 562 1213 hos
585 1183 742 1224 sapientes
769 1194 848 1219 esse,
873 1183 926 1224 qui
954 1194 1023 1212 cum
1053 1183 1099 1212 his
1126 1192 1355 1213 conversamur.
1403 1182 1484 1212 Am.
1509 1182 1595 1218 Quin

126 1238 219 1268 etiam
246 1237 443 1279 tyrannidem
469 1243 616 1278 tanquam
645 1247 706 1267 rem
733 1236 869 1267 divinam
898 1236 1017 1266 extollit
1036 1247 1041 1264 :
1068 1236 1190 1276 aliaque
1217 1235 1369 1276 permulta
1398 1236 1454 1266 iste
1481 1234 1597 1276 aliique

126 1291 242 1332 poetae.
288 1290 343 1324 So.
369 1291 534 1322 Enimvero
549 1290 650 1331 poe'tae
662 1289 783 1331 tragici,
801 1295 910 1330 utpote
926 1289 1094 1330 sapientes,
1113 1289 1200 1318 nobis
1216 1289 1391 1329 ignoscent,
1408 1294 1440 1319 et
1455 1288 1527 1323 illis,
1541 1289 1596 1330 qui

125 1345 253 1385 perinde
270 1356 306 1376 ac
322 1356 378 1376 nos
395 1356 454 1376 rem
471 1345 628 1386 publicam
655 1343 882 1378 administrant,
898 1343 982 1384 quod
1001 1353 1053 1373 cos
1077 1343 1109 1372 in
1127 1347 1262 1372 nostram
1279 1352 1341 1372 rem
1358 1342 1514 1382 publicam
1531 1352 1594 1372 non

123 1399 316 1430 admittimus
332 1405 479 1440 tanquam
505 1398 680 1440 tyrannidis
705 1398 894 1439 probatores.
941 1397 1024 1428 Am.
1048 1396 1229 1437 Ignoscent,
1256 1401 1290 1425 ut
1305 1395 1445 1434 arbitror,
1461 1395 1596 1436 quicun-

123 1464 186 1495 que
213 1453 293 1485 inter
315 1464 368 1484 eos
391 1453 589 1484 facundiores
612 1456 694 1483 sunt.
741 1452 797 1482 So.
823 1450 951 1481 Ceteras
975 1460 1046 1480 vero
1072 1449 1267 1480 circumeunt
1297 1448 1440 1479 civitates
1474 1448 1594 1479 turbam

124 1512 371 1548 congregantes:
396 1512 427 1538 et
442 1507 573 1548 egregiis
589 1512 620 1536 et
646 1504 813 1546 grandibus
839 1503 1116 1545 probabilibusque
1141 1502 1282 1537 vocibus,
1299 1501 1411 1543 quibus
1426 1511 1490 1531 non
1506 1501 1596 1531 deest

123 1561 269 1602 pretium,
293 1561 484 1603 respublicas
500 1561 530 1590 in
548 1560 730 1600 tyrannides
748 1559 873 1588 trahunt
892 1564 924 1589 et
941 1557 1122 1599 popularem
1137 1561 1262 1587 statum.
1308 1554 1389 1585 Am.
1415 1554 1594 1586 Vehemen-

125 1620 180 1645 ter.
227 1615 282 1646 So.
307 1614 423 1645 Nonne
450 1625 505 1655 pro
533 1614 580 1644 bis
605 1613 736 1654 pretium
761 1611 892 1653 capiunt
915 1610 1192 1652 lionoranturque?
1217 1609 1250 1639 in
1274 1609 1378 1651 primis
1403 1609 1545 1650 quidem,
1562 1614 1598 1638 ut

123 1669 289 1700 verisimile
305 1674 362 1706 est,
388 1668 571 1710 atyrannis,
595 1667 710 1698 deinde
736 1666 829 1701 etiam
853 1676 870 1695 a
894 1665 1038 1707 populari
1062 1664 1255 1695 conditione.
1281 1669 1312 1693 at
1336 1672 1407 1693 vero
1424 1673 1486 1703 quo
1503 1661 1596 1692 altius

124 1722 299 1752 ascendunt
314 1722 345 1752 in
371 1723 501 1752 arduum
517 1732 615 1751 rerum
633 1720 824 1761 publicarum
843 1719 1000 1755 verticem,
1025 1718 1121 1758 inagis
1136 1728 1242 1749 eorum
1259 1716 1367 1747 deficit
1383 1716 1493 1755 honor,
1507 1714 1595 1755 quasi

122 1775 262 1807 defessus
272 1775 422 1806 crebriore
439 1776 576 1806 anhelitu
591 1774 699 1805 anxius
716 1773 858 1815 progredi
883 1784 945 1803 non
959 1773 1086 1803 valeret.
1110 1772 1195 1803 Am.
1211 1772 1262 1801 Ita
1277 1770 1431 1801 nimirum.
1457 1770 1513 1800 So.
1531 1768 1594 1798 Sed

123 1839 174 1864 ne,
198 1835 362 1871 postquam
386 1831 447 1861 huc
471 1829 600 1871 digressi
623 1839 739 1864 sumus,
763 1827 891 1858 ulterius
911 1827 1133 1866 digrediamur,
1153 1825 1306 1861 dicamus,
1333 1824 1416 1854 unde
1443 1829 1595 1864 tyrannus

124 1883 292 1914 exercitum
308 1883 393 1914 illurn
410 1895 498 1914 suum
515 1884 707 1925 praeclarnm,
725 1882 842 1912 varium
859 1891 1042 1922 semperque
1059 1881 1214 1911 diversum
1231 1879 1304 1909 alat.
1353 1877 1434 1907 Am.
1460 1875 1596 1907 Constat

121 1937 286 1979 inprimis,
296 1938 380 1978 quod
394 1939 417 1968 si
431 1949 501 1979 quae
518 1943 590 1967 sunt
606 1947 697 1967 sacrae
714 1947 791 1976 opes
806 1935 837 1965 in
851 1935 990 1970 civitate,
1003 1945 1055 1964 eas
1069 1933 1213 1974 suriipiet
1226 1936 1463 1971 consumetque,
1477 1939 1595 1970 quous·

125 2002 187 2032 que
202 1992 256 2022 illa
269 1992 434 2028 sufficient,
450 2002 519 2032 quae
537 1992 725 2031 venduntur,
740 1991 814 2020 dum
831 1988 945 2019 leviora
962 1988 1059 2028 exigit
1075 1999 1091 2017 a
1109 1988 1200 2028 plebe
1217 1986 1341 2016 tributa.
1387 1984 1443 2015 So.
1467 1982 1553 2019 Quid
1571 1982 1595 2012 si

126 2056 203 2087 opes
219 2046 284 2076 istae
301 2045 494 2077 defecerint?
541 2045 619 2077 Am.
645 2045 750 2081 Patet,
764 2045 847 2086 quod
862 2055 897 2074 ex
911 2043 1047 2084 paternis
1064 2043 1161 2073 aletur
1178 2046 1209 2072 et
1223 2041 1289 2081 ipse
1305 2044 1336 2070 et
1353 2038 1482 2078 collegae
1498 2036 1595 2078 ipsius

128 2100 428 2141 contubernalesque
444 2105 474 2130 et
498 2104 609 2130 scorta.
656 2099 712 2130 So.
736 2098 885 2138 Intelligo
908 2097 1065 2138 equidem,
1083 2097 1167 2137 quod
1194 2093 1341 2136 populuS,
1358 2092 1411 2133 qui
1429 2097 1594 2133 tyrannum

127 2153 246 2194 genuit,
263 2153 364 2195 ipsum
381 2153 559 2194 amicosque
575 2152 643 2193 ejus
659 2153 803 2183 enutriet.
849 2151 933 2182 Am.
957 2151 1005 2181 Ita
1020 2149 1156 2192 cogitur.
1203 2149 1257 2179 So.
1281 2146 1366 2184 Quid
1386 2156 1470 2185 vcro,
1487 2145 1511 2174 si
1525 2154 1597 2174 snc-

125 2212 251 2237 censeat
264 2207 409 2248 populus,
420 2207 566 2248 dicatque
579 2207 662 2237 baud
675 2217 797 2248 aequum
811 2217 890 2242 esse,
909 2211 941 2235 ut
955 2205 1080 2235 adultus
1098 2204 1180 2234 fitius
1194 2213 1211 2233 a
1229 2206 1314 2243 patre
1331 2199 1463 2241 amplius
1479 2198 1597 2229 nutria-

125 2264 185 2296 tur,
201 2261 254 2290 sed
271 2266 379 2291 contra
402 2271 418 2290 a
434 2260 498 2291 filio
523 2264 632 2302 pater:
659 2271 760 2301 neque
785 2270 817 2290 se
845 2259 884 2289 ad
909 2259 967 2289 hoc
991 2269 1062 2289 eum
1086 2268 1217 2293 creasse,
1243 2255 1340 2297 [569]
1368 2261 1402 2284 ut
1426 2258 1593 2294 postquam

129 2313 311 2348 adoleverit,
325 2319 399 2344 tunc
411 2314 492 2355 ipse,
503 2315 596 2344 servis
611 2314 680 2354 ejus
694 2313 881 2347 ministrans,
898 2312 1013 2342 nutriat
1029 2317 1059 2342 et
1075 2312 1177 2352 ipsum
1194 2315 1225 2340 ct
1240 2308 1341 2350 ipsius
1357 2317 1458 2338 servos
1475 2313 1506 2337 et
1520 2305 1598 2336 alios

129 2376 236 2397 omnes
252 2367 392 2408 undique
407 2367 600 2398 confluentes
615 2367 683 2408 ejus
707 2367 966 2408 adstipulatores:
993 2377 1095 2396 verum
1114 2370 1147 2395 ut
1161 2375 1178 2395 a
1195 2363 1343 2393 divitibus
1370 2361 1430 2398 his,
1447 2360 1500 2402 qui
1519 2369 1597 2400 prae-

127 2418 200 2449 clari
217 2425 246 2450 et
261 2420 334 2450 boni
349 2421 563 2452 existimantur
579 2423 608 2452 in
626 2423 765 2458 civitate,
782 2432 819 2452 eo
837 2421 967 2462 praesidc
985 2420 1151 2450 liberetur:
1178 2423 1272 2458 atque
1284 2415 1447 2455 itajubcat
1459 2413 1596 2455 populus

127 2474 213 2504 abire
229 2474 314 2504 illum
331 2487 348 2506 e
364 2474 491 2506 civitate
502 2475 632 2517 ejusque
649 2477 777 2512 amicos,
794 2475 923 2517 perinde
941 2485 976 2505 ac
993 2480 1081 2515 pater
1094 2472 1188 2503 lilium
1206 2472 1299 2501 domo
1318 2480 1378 2499 una
1395 2479 1464 2499 cum
1482 2468 1598 2498 debac-

127 2527 287 2558 chantium
318 2529 407 2558 turba
436 2529 620 2569 depellens?
667 2530 747 2560 Am.
774 2529 934 2570 Agnoscet
961 2538 1015 2568 per
1043 2527 1155 2558 Jovem
1187 2531 1260 2555 tunc
1290 2524 1416 2553 demum
1447 2520 1594 2562 populus»

128 2580 229 2620 qualis
244 2582 322 2622 ipse,
339 2587 370 2612 et
385 2582 468 2622 quali
487 2582 585 2612 bestia
601 2582 774 2613 delectatus
790 2583 841 2621 sit,
854 2582 927 2611 dum
942 2592 1008 2611 cam
1024 2582 1181 2621 generaret
1194 2583 1288 2617 atque
1299 2576 1446 2607 educaret
1461 2586 1467 2603 ;
1486 2584 1595 2615 quam-

129 2644 190 2675 que
206 2635 273 2676 ipse
288 2635 420 2667 debilior
437 2637 625 2676 potentiores
641 2635 752 2677 ejicere
769 2641 879 2666 tentat.
924 2635 980 2665 So.
1006 2633 1092 2670 Quid
1111 2632 1175 2662 ais
1170 2632 1180 2650 ²
1204 2630 1333 2660 audebit
1350 2634 1501 2670 tyrannus
1518 2627 1599 2668 patri

129 2689 190 2735 vim
217 2690 341 2726 inferre,
368 2696 400 2720 ct
425 2690 460 2720 si*
479 2701 540 2720 non
568 2691 773 2731 obtemperet,
798 2690 975 2720 verberare.
970 2689 980 2706 ³
1027 2687 1108 2729 Ani.
1133 2685 1232 2716 Immo
1260 2694 1353 2713 vzero
1379 2692 1450 2712 nam
1478 2681 1601 2711 auferet

131 2752 224 2774 arma.
270 2743 325 2774 So.
352 2744 538 2774 Parricidam
555 2755 627 2785 crgo
645 2744 723 2774 dicis
738 2754 804 2774 esse
817 2749 983 2784 tyrannum
1000 2743 1174 2780 durumque
1189 2736 1357 2769 smectutis
1371 2736 1592 2766 educatorem.
1586 2734 1596 2754 ³

131 2795 237 2837 Atque
255 2803 287 2827 ut
304 2798 435 2833 videtur,
453 2799 519 2828 lia-c
539 2798 660 2839 proprie
676 2803 722 2828 est
739 2797 899 2839 tyrannis:
927 2801 1022 2837 utque
1040 2795 1144 2829 fertur,
1164 2791 1298 2833 populns
1315 2789 1470 2821 servitutis
1486 2787 1600 2817 libero-

130 2860 195 2879 ium
212 2850 334 2891 fugiens
350 2851 504 2888 sumum,
496 2863 528 2882 m
545 2853 699 2883 flammam
717 2861 871 2882 servorum
895 2848 1120 2881 dominationis
1136 2845 1259 2881 incidit,
1276 2846 1345 2875 loco
1362 2843 1404 2872 in
1398 2841 1498 2884 gentis
1515 2840 1599 2870 illius

131 2909 161 2932 et
178 2903 360 2943 importunae
389 2905 536 2936 libertatis
551 2905 744 2936 durissinmm
769 2904 1058 2943 acerbissimamque
1083 2910 1236 2932 servorum
1261 2898 1386 2928 subitus
1410 2895 1604 2926 servitutem.

133 2954 216 2986 Am.
239 2955 288 2986 Ita
305 2957 444 2990 nimirum
473 2959 601 2990 accidit.
645 2959 703 2990 So.
726 2958 779 2990 An
807 2969 869 2989 non
899 2958 992 2998 igitur
1022 2956 1115 2998 probe
1145 2965 1161 2984 ³
1189 2953 1278 2984 nobis
1304 2952 1421 3002 dictum
1449 2947 1552 2981 ίυυὶῑ,
1577 2946 1602 2976 si

224 3010 286 3041 Pin
318 3011 371 3042 Tr.
883 3011 929 3043 n
1426 3006 1445 3033 2
1472 3000 1501 3030 D
