1840 3225
170 240 267 287 843]
624 241 696 280 DE
731 239 960 278 LEGIBUS
998 238 1095 277 LIB.
1118 239 1229 277 VIII.
1559 235 1636 274 389

170 357 251 376 mum
266 356 357 388 posse
373 358 380 376 :
398 347 527 378 alteram
540 351 691 388 praeterea
702 346 805 386 legem
817 342 964 375 custodes
976 343 1092 384 legum,
1106 342 1146 373 ad
1161 341 1306 374 ferendas
1314 341 1401 383 leges
1416 340 1631 371 auctoritatem

171 401 265 435 nacti,
293 401 484 441 excogitent.
509 400 605 442 [821]
632 399 710 432 Cu.
734 400 838 436 Quam
866 397 963 428 modo
992 398 1071 428 ferre
1103 398 1206 437 legem
1233 396 1379 431 consulis,
1410 395 1434 426 si
1464 395 1543 424 hanc
1569 403 1633 425 non

170 456 390 494 susceperint?
436 456 508 485 Aru
517 465 570 485 EN.
595 455 674 491 Quae
705 455 796 488 lianc,
829 464 847 482 ο
877 452 994 487 Clinia,
1024 451 1174 492 sequitur.
1220 451 1297 482 CM.
1321 451 1474 487 Quaenam
1488 449 1543 479 illa
1559 453 1608 479 est
1623 448 1634 476 ?

174 509 312 539 Arnen.
335 509 376 539 Ut
393 519 483 550 quam
499 509 635 538 maxime
652 507 807 538 laboribus
823 507 963 548 corporis
983 506 1114 536 Veneris
1130 505 1222 536 robur
1242 505 1422 545 infringant,
1436 510 1468 534 et
1481 504 1543 534 alio
1554 503 1636 533 vires

172 573 243 593 suas
270 569 462 593 convertant.
486 563 568 603 quod
595 563 665 597 erit,
693 562 717 592 si
735 572 798 592 non
814 561 1014 601 impudenter
1030 561 1098 602 ipsa
1113 565 1252 591 utentur.
1274 569 1344 589 nam
1359 559 1383 589 si
1399 559 1497 588 rarius
1511 562 1638 598 propter

172 617 316 647 ruborem
345 617 377 647 id
406 618 470 653 fiat,
495 617 678 647 imbecillior
699 616 758 646 erit
772 616 909 646 domina.
933 615 1012 646 clam
1030 625 1104 655 ergo
1121 614 1314 645 consuetudo
1330 619 1363 643 et
1378 613 1427 643 lex
1441 623 1503 642 non
1519 612 1637 653 scripta

172 671 239 701 haec
256 670 320 701 fieri
337 670 486 701 suadeat:
513 677 621 701 contra
638 676 743 700 autem
759 669 836 705 fieri,
863 669 952 699 velut
978 674 1068 709 turpe
1095 666 1299 698 dissuadeat:
1325 672 1478 708 turpeque
1502 667 1546 696 sic
1574 675 1637 695 non

173 725 299 754 omnino
331 734 433 765 agere.
457 725 501 755 sic
526 725 610 755 enim
635 729 667 754 et
689 723 828 754 secundo
850 722 1045 753 servabimus
1068 723 1232 752 honestum
1255 722 1343 751 loco:
1369 727 1401 750 et
1425 730 1524 761 genus
1539 729 1638 750 unum

171 778 342 814 bominum,
360 779 417 809 tria
432 788 547 820 genera
563 779 738 814 continens,
756 778 898 808 homines
914 776 1094 818 depravatae
1110 781 1240 810 naturae,
1257 785 1335 816 quos
1349 775 1395 804 sui
1411 773 1555 804 dominos
1569 783 1639 803 esse

171 841 332 871 negamus,
356 838 447 873 coget
470 833 589 874 utique,
612 843 652 864 ne
676 833 763 873 leges
779 835 994 862 contemnant.
1040 829 1118 860 Cn.
1142 830 1223 866 Quae
1239 829 1298 860 tria
1313 829 1453 869 genera?
1499 826 1638 858 Arnen.

170 885 325 921 Cultores,
340 886 478 927 inquam,
498 887 646 922 Deorum,
662 886 787 917 honoris
803 891 967 923 amatores,
980 890 1012 916 et
1021 886 1075 926 qui
1088 895 1150 915 non
1164 893 1326 924 corporum
1339 883 1393 913 sed
1409 882 1504 912 animi
1518 892 1637 912 morum

174 940 438 979 pulchritudinem
456 942 601 974 diligunt.
625 942 691 971 liaec
713 941 803 982 quasi
825 950 882 981 per
910 939 1048 970 fabulam
1068 939 1153 969 dicta
1181 943 1319 979 votoque
1345 937 1481 967 similia:
1506 937 1640 967 multum

173 986 278 1023 taimen
295 994 474 1024 civitatibus
489 994 645 1029 omnibus,
674 994 700 1024 si
724 1005 761 1024 ea
784 1004 905 1024 servare
929 993 1097 1034 potuerint,
1121 993 1283 1024 collatura.
1311 992 1442 1023 fortasse
1468 997 1587 1027 autem,
1614 990 1641 1020 si

174 1047 263 1077 Deus
287 1047 427 1082 voluerit.
452 1049 583 1079 duorum
606 1048 735 1078 alte-rum
760 1048 791 1078 in
815 1047 972 1078 amatoriis
996 1057 1218 1088 assequemur:
1244 1046 1294 1077 vel
1317 1052 1352 1077 ut
1367 1056 1460 1076 nemo
1473 1054 1642 1086 generosas

173 1101 348 1143 liberasque
365 1103 520 1138 mulieres,
539 1109 650 1143 praeter
663 1113 799 1139 uxorem,
817 1101 932 1132 audeat
944 1109 1090 1142 tangere:
1115 1112 1174 1132 nec
1189 1101 1271 1131 ullus
1285 1102 1398 1131 nothos
1413 1111 1450 1130 ex
1467 1099 1642 1131 concubina

174 1156 326 1197 suscipiat
344 1167 352 1193 ;
377 1166 434 1187 nec
451 1157 646 1188 infcecundos
663 1157 792 1187 marium
807 1167 897 1198 agros
911 1163 1025 1198 praeter
1037 1162 1177 1186 naturam
1190 1162 1285 1186 serat:
1304 1155 1353 1186 vel
1370 1155 1500 1185 alterum
1513 1153 1641 1194 quidem

173 1210 300 1240 omnino
316 1211 473 1247 tollemus,
490 1221 530 1241 ne
548 1212 617 1252 quis
632 1222 701 1242 cum
721 1211 855 1241 maribus
870 1210 1099 1251 congrediatur.
1128 1210 1152 1240 si
1170 1211 1241 1251 quis
1256 1215 1361 1240 autem
1375 1208 1445 1239 aliis
1462 1208 1641 1241 mulieribus

172 1264 409 1298 commisceatur
435 1276 531 1306 quam
556 1276 627 1296 curn
654 1266 714 1302 his,
743 1276 813 1306 quae
837 1276 906 1297 curn
935 1264 1009 1295 Diis
1031 1265 1187 1306 sacrisque
1203 1265 1322 1305 nuptiis
1335 1264 1462 1294 domum
1477 1268 1644 1298 venerunt,

172 1319 287 1360 emptis
309 1319 457 1350 videlicet
484 1321 533 1350 vel
557 1320 618 1351 alio
641 1330 829 1361 quocunque
858 1319 953 1350 modo
968 1320 1139 1361 acquisitis,
1156 1319 1217 1350 nisi
1230 1320 1311 1350 viros
1325 1318 1418 1349 simul
1433 1316 1644 1357 mulieresque

173 1383 282 1404 omnes
310 1374 417 1410 lateat,
439 1374 566 1404 infamis
589 1375 658 1416 lege
673 1374 880 1415 omnibusque
895 1374 1033 1405 civitatis
1048 1374 1230 1411 honoribus,
1247 1384 1304 1404 ceu
1321 1372 1502 1414 peregrinus
1518 1370 1644 1412 aliquis,

173 1426 313 1468 privatus
340 1428 389 1458 sit.
413 1429 479 1459 haec
503 1429 566 1464 lex,
583 1428 649 1459 sive
666 1428 799 1470 simplex
815 1429 881 1459 sive
897 1428 1013 1470 duplex
1029 1429 1080 1464 sit,
1097 1427 1137 1459 de
1154 1428 1246 1459 rebus
1260 1426 1404 1458 venereis
1419 1425 1642 1467 amatoriisque

175 1481 328 1517 omnibus,
353 1481 451 1525 [842]
476 1493 552 1524 quas
579 1484 661 1514 inter
688 1494 746 1514 nos
776 1489 904 1525 propter
933 1482 1113 1524 hujusmodi
1139 1483 1272 1514 affectus
1300 1487 1384 1513 recte
1410 1481 1459 1511 vel
1480 1491 1543 1511 non
1558 1486 1645 1511 recte

175 1535 308 1576 agimus,
322 1537 388 1567 lata
403 1537 452 1567 sit.
498 1538 596 1569 Meo.
620 1538 689 1579 Ego
704 1538 856 1579 equidem
867 1538 948 1568 hanc
964 1538 1068 1578 legem
1083 1537 1176 1568 valde
1192 1537 1302 1578 probo.
1349 1536 1455 1569 Clinia
1473 1545 1547 1566 vero
1574 1535 1646 1571 iste,

175 1590 250 1630 quid
281 1590 340 1621 sibi
367 1591 501 1628 videtur,
528 1592 616 1623 nobis
646 1593 778 1634 aperiat.
824 1592 899 1624 Cu.
926 1591 1062 1627 Faciam,
1085 1602 1104 1622 o
1119 1592 1267 1633 Megille,
1282 1601 1353 1622 cum
1369 1589 1497 1622 occasio
1511 1589 1646 1620 dabitur.

178 1654 261 1675 nunc
278 1650 383 1675 autem
400 1645 537 1676 sinamus
555 1647 709 1687 hospitem
726 1647 856 1677 ulterius
871 1647 904 1676 in
919 1645 1058 1677 ferendis
1072 1646 1196 1687 legibus
1210 1645 1368 1687 progredi.
1414 1644 1511 1674 Mne.
1534 1643 1648 1675 Probe.

178 1697 317 1729 Arnssx.
340 1699 400 1730 Sed
415 1699 496 1731 adeo
506 1700 575 1741 jam
589 1701 745 1742 progressi
761 1712 876 1736 sumus,
892 1705 928 1731 ut
943 1699 984 1731 ad
999 1700 1143 1732 convivia
1158 1700 1386 1731 devenerimus.
1409 1708 1500 1739 quam
1517 1698 1646 1739 quidem

177 1763 240 1783 rem
258 1753 332 1784 alibi
348 1753 503 1785 difficilem
528 1765 594 1786 esse
618 1755 772 1786 dicimus:
797 1756 831 1785 in
859 1755 952 1786 Creta
981 1760 1087 1785 autem
1117 1764 1211 1785 nemo
1234 1754 1343 1784 frustra
1367 1752 1555 1783 existimabit
1580 1752 1649 1784 fieri

177 1812 332 1848 oportere.
377 1809 544 1846 Quomodo
571 1810 703 1840 autem?
726 1814 828 1840 utrum
858 1815 891 1840 ut
907 1809 969 1846 hic,
994 1814 1049 1839 aut
1064 1808 1328 1850 quemadmodum
1341 1807 1427 1849 apud
1442 1806 1648 1837 Lacedaemo-

177 1861 258 1898 nios,
283 1872 323 1892 an
347 1863 458 1894 tertius
484 1865 609 1905 quidam
627 1863 738 1895 modus
752 1865 893 1905 utrisque
909 1864 958 1894 his
972 1863 1084 1893 melior
1100 1862 1285 1898 inveniatur,
1301 1872 1360 1892 nec
1375 1862 1507 1892 inventu
1521 1861 1648 1892 difficile

178 1915 213 1946 id
229 1916 303 1947 mihi
321 1916 452 1953 videtur,
466 1928 538 1954 nec,
554 1919 716 1949 inventum
731 1929 802 1949 curn
817 1917 922 1953 fuerit,
937 1917 1072 1947 maxime
1088 1916 1292 1958 profuturum.
1321 1915 1480 1946 enimvero
1491 1916 1648 1946 concinne

181 1974 214 2000 et
227 1980 312 2002 nunc
338 1972 510 2003 constituta
536 1972 690 2003 videntur.
714 1972 853 2013 sequitur
873 1981 971 2007 nunc,
997 1978 1032 2001 ut
1055 1970 1095 2001 de
1121 1970 1218 2006 victu,
1234 1971 1390 2011 quomodo
1414 1969 1522 2000 baberi
1539 1970 1648 2011 possit,

180 2024 331 2056 dicamus.
359 2025 459 2057 victus
486 2026 520 2056 in
545 2027 615 2057 aliis
642 2026 824 2057 civitatibus
849 2026 1018 2067 multiplex
1046 2025 1202 2067 variisque
1229 2035 1266 2055 ex
1290 2024 1383 2060 locis,
1407 2025 1542 2054 maxime
1575 2034 1649 2055 vero

181 2079 301 2120 duplici
325 2089 365 2110 ex
388 2080 457 2111 loco
479 2080 510 2111 in
535 2081 650 2112 ceteris
671 2086 879 2122 comparatur.
902 2090 976 2111 nam
1000 2090 1039 2110 ex
1060 2080 1138 2110 mari
1153 2090 1189 2110 ac
1205 2085 1286 2110 terra
1303 2079 1445 2120 plurimis
1468 2078 1648 2110 Graecorum

182 2133 360 2165 civitatibus
377 2135 553 2170 advehitur,
582 2146 653 2166 cum
681 2135 750 2165 istis
772 2141 854 2165 terra
879 2135 1073 2166 solummodo
1097 2133 1282 2164 advehatur.
1305 2143 1374 2175 quae
1389 2144 1438 2164 res
1453 2133 1651 2175 legumlatori

180 2187 310 2219 facilior.
331 2189 432 2219 multo
459 2190 541 2220 enim
576 2190 671 2231 major
696 2200 788 2230 quam
819 2189 951 2220 dimidia
973 2200 1045 2231 pars
1068 2190 1175 2230 legum
1192 2188 1337 2220 sufficiet.
1360 2195 1512 2229 praeterea
1533 2197 1649 2218 conve-

180 2242 353 2276 nientiore»
368 2244 469 2274 liberis
485 2244 660 2275 hominibus
676 2244 761 2285 leges
777 2249 944 2286 ponentur.
965 2244 1126 2274 navalium
1141 2243 1228 2273 enim
1249 2249 1282 2273 et
1295 2247 1516 2278 mercatorum,
1533 2252 1651 2283 caupo-

183 2306 271 2333 num,
287 2297 459 2334 diversorii,
476 2298 723 2339 publicanorum,
751 2299 1027 2339 permutationum,
1054 2297 1324 2338 fodicinarumque
1356 2296 1591 2331 metallicamm,
1621 2300 1654 2326 et

187 2351 288 2381 mutui
304 2351 492 2388 foenoris,ac
507 2353 595 2383 mille
622 2353 803 2395 hujusmodi
831 2354 926 2394 leges,
955 2354 1034 2384 ferre
1057 2363 1121 2384 non
1147 2351 1314 2382 admodum
1343 2351 1476 2391 cogitur.
1497 2360 1592 2391 quare
1620 2350 1654 2381 in

186 2405 313 2436 civitate
329 2406 388 2436 hac
413 2412 519 2437 nostra
549 2407 652 2448 legum
683 2407 839 2445 conditor,
856 2408 903 2439 his
931 2407 1067 2447 omissis,
1093 2407 1257 2437 dumtaxat
1284 2405 1441 2447 agricoliS,
1468 2399 1661 2446 pastoribus,

187 2470 280 2500 apum
298 2460 488 2491 curatoribus
505 2461 679 2502 taliumque
695 2462 875 2493 custodibus
890 2468 985 2504 atque
1000 2461 1151 2492 ministris
1178 2461 1263 2502 leges
1279 2459 1368 2490 dabit
1385 2471 1391 2489 ε
1417 2469 1489 2490 cum
1518 2458 1558 2490 de
1573 2470 1655 2501 nup-

188 2514 241 2544 tIis
258 2514 486 2556 liberorumque
515 2516 741 2556 procreatione,
756 2516 957 2553 educatione,
987 2515 1167 2557 disciplina,
1193 2514 1492 2556 magistratuumque
1509 2512 1656 2554 designa·

187 2569 288 2605 tione,
305 2569 437 2600 maxima
453 2579 491 2600 ex
507 2574 594 2611 parte
611 2571 799 2601 tractaverit.
826 2582 910 2603 nunc
926 2581 998 2613 ergo
1026 2570 1065 2601 ad
1093 2570 1182 2611 leges
1197 2568 1237 2600 de
1255 2568 1337 2599 victu
1354 2568 1456 2609 deque
1475 2567 1523 2604 iis,
1539 2567 1594 2609 qui
1610 2567 1656 2598 la-

188 2623 262 2654 bore
288 2634 344 2654 suo
369 2623 471 2665 ipsum
502 2629 626 2665 parant,
655 2625 764 2656 venire
791 2635 920 2657 necesse
934 2631 993 2656 est.
1015 2630 1048 2656 et
1064 2624 1260 2665 agriculturae
1277 2623 1363 2664 leges
1378 2622 1477 2663 primo
1493 2626 1659 2663 ponantur.

185 2677 348 2719 primaque
376 2678 546 2709 terminalis
573 2678 663 2710 Jovis
691 2679 758 2710 liaee
773 2691 779 2709 2
804 2690 896 2711 nemo
922 2680 999 2711 fines
1029 2685 1123 2720 atque
1144 2677 1293 2708 terminos
1323 2682 1411 2708 terrae
1436 2681 1570 2712 moveat,
1598 2686 1658 2706 nec

188 2731 264 2762 civis
280 2731 409 2768 vincini,
427 2743 484 2763 nec
501 2732 626 2763 finitimi
644 2733 814 2774 peregrini,
831 2734 855 2764 si
871 2733 936 2776 agri
949 2740 1087 2764 extrema
1101 2730 1263 2774 possideat
1279 2742 1286 2761 :
1314 2730 1411 2772 [843]
1436 2729 1491 2761 sed
1515 2735 1605 2771 putet
1625 2728 1658 2759 id

187 2795 256 2815 esse
270 2796 388 2823 verum,
404 2787 486 2827 quod
506 2786 613 2823 fertur,
631 2787 681 2818 liic
697 2787 870 2819 immobilia
883 2794 990 2819 movet
1009 2799 1014 2817 :
1042 2787 1191 2827 malitque
1203 2785 1414 2827 unusquisque
1428 2794 1535 2815 saxum
1546 2784 1658 2824 ingens

190 2848 312 2870 movere
327 2851 420 2882 quam
436 2851 567 2882 parvum
583 2841 734 2882 lapidem,
748 2842 953 2883 jurejurando
968 2852 985 2872 a
1002 2841 1072 2872 Diis
1089 2841 1255 2876 firmatum,
1271 2850 1334 2881 quo
1350 2839 1495 2870 amicitiae
1508 2844 1540 2868 et
1556 2837 1654 2867 inimi-

191 2893 274 2923 citiae
300 2895 516 2927 terminentur.
539 2897 667 2927 alterius
695 2896 779 2928 enim
809 2896 956 2938 Juppitcr
971 2895 1164 2930 contribulis,
1182 2895 1310 2925 alterius
1326 2893 1489 2934 hospitalis
1500 2897 1548 2921 est
1560 2891 1660 2927 testis,

192 2948 244 2987 qui
273 2948 375 2979 hostili
405 2950 511 2990 proelio
538 2951 837 2991 semperinsurgunt.
855 2951 908 2992 qui
926 2951 986 2991 legi
1004 2950 1210 2990 obtemperat,
1228 2948 1385 2979 indemnis
1400 2946 1505 2986 utique
1523 2945 1580 2975 sit:
1606 2945 1660 2987 qui
