1840 3225
164 204 260 254 915]
574 203 646 241 DE
681 202 909 241 LEGIBUS
940 202 1036 240 Llss.
1058 203 1129 240 XI.
1541 206 1621 244 423

163 311 278 342 mentis
300 321 429 354 compos
450 311 548 348 fuero,
570 311 682 342 alienis
704 311 736 341 iu
760 309 850 341 rebus
872 309 1016 341 efficiam.
1044 309 1188 351 inprimis
1216 310 1343 352 quidem
1356 311 1533 343 thesaurum
1549 323 1622 344 eum

161 365 307 403 dicimus,
333 377 426 408 quern
450 366 509 398 sibi
538 366 668 408 quisque
691 370 724 396 et
747 364 810 395 suis
824 364 982 406 deposuit,
997 365 1050 406 qui
1066 375 1201 395 meorum
1217 371 1379 406 parentum
1395 377 1459 397 non
1471 376 1547 404 erat,
1561 378 1623 399 nec

160 421 296 462 reperire
322 431 454 462 unquam
480 421 624 461 optarim,
651 430 721 455 nec,
749 419 774 450 si
800 418 979 460 repererim,
1008 429 1150 449 moveam
1169 430 1175 448 :
1200 430 1259 450 nec
1283 421 1422 460 hariolis,
1444 421 1622 463 depositum

162 475 303 516 accipere
317 474 560 510 consulentibus,
573 474 708 504 credam.
733 483 893 514 nunquam
904 473 989 503 enim
997 473 1076 503 mihi
1089 479 1210 503 tantum
1223 474 1355 514 pecunia
1367 476 1514 515 proderit,
1530 476 1556 507 si
1571 487 1623 509 ac·

162 540 287 570 cepero,
303 536 455 571 quantum
466 529 576 559 virtute
589 528 685 558 animi
695 527 881 569 justitiaque
895 528 1057 564 excellam,
1073 527 1174 558 sinon
1185 538 1347 569 accepero.
1359 539 1415 570 pro
1426 531 1624 571 possessione

161 583 257 624 igitur
267 583 409 625 pecuniae
425 582 534 613 melior
543 582 621 613 mihi
637 583 792 623 possessio
810 582 908 612 animi
918 581 1041 624 justitia
1056 582 1126 617 erit,
1149 582 1175 613 si
1198 581 1342 613 virtutem
1366 583 1486 615 divitiis
1507 595 1622 627 propo·

165 647 266 668 suero.
289 638 407 679 quippe
424 648 493 668 cum
510 636 590 667 bene
604 635 643 666 de
659 637 766 667 multis
778 636 910 672 dicatur,
926 646 996 677 quae
1011 636 1184 667 immobilia
1195 642 1278 677 sunt,
1291 639 1446 668 movenda
1457 649 1520 669 non
1535 650 1602 670 esse
1615 651 1623 670 ε

163 692 348 733 perpulchre
373 692 467 722 etiam
494 691 534 721 de
562 691 621 722 hoc
647 701 710 722 uno
738 691 872 723 dicetur.
897 690 954 722 sed
975 692 1110 732 vulgatae
1133 701 1256 732 quoque
1280 692 1319 721 de
1347 691 1396 722 his
1416 692 1508 723 rebus
1530 693 1623 724 famae,

161 746 350 777 credendum
377 751 436 782 est,
461 745 655 786 generationi
680 746 748 777 haec
774 745 942 776 liberorum
958 755 1021 776 non
1037 745 1192 776 conferre.
1237 745 1271 776 Si
1293 745 1363 787 quis
1378 756 1451 777 vero
1465 747 1504 777 de
1519 747 1627 779 liberis

160 810 225 830 non
251 805 348 836 curet,
377 799 519 842 legisque
548 800 681 830 latorem
708 800 862 841 negligat,
889 810 925 831 ac
946 799 1033 835 ideo,
1057 809 1126 841 quae
1138 810 1198 830 nec
1212 799 1283 840 ipse
1300 810 1358 831 nec
1371 811 1494 831 suorum
1510 802 1625 843 aliquis

161 854 319 896 deposuit,
343 864 382 885 eo
407 854 518 891 invito,
540 854 593 895 qui
609 854 768 895 deposuit,
783 854 922 885 auferat:
946 854 974 884 is
997 855 1101 895 legem
1116 854 1201 885 illam
1217 854 1367 895 optimam
1383 860 1417 885 et
1430 855 1626 897 simplicissi-

162 919 246 939 mam
262 913 459 950 aspernatur,
474 919 569 950 quam
585 918 750 950 generosus
765 908 811 939 vir
827 909 1048 950 promulgavit,
1065 908 1119 950 qui
1134 908 1228 944 dixit,
1251 909 1332 946 Quae
1355 919 1419 939 non
1443 909 1626 952 deposuisti,

160 972 202 993 ne
213 963 320 994 tollas.
342 963 418 1004 quid
436 973 513 1004 ergo
529 964 612 993 hunc
626 962 693 1003 pati
709 968 844 1004 oportet,
859 962 912 1003 qui
927 963 984 993 hos
997 963 1075 992 duos
1091 962 1284 1003 legislatores
1297 963 1452 1004 despexit,
1477 965 1624 1007 quodque

161 1017 230 1058 ipse
256 1027 322 1047 non
346 1017 501 1058 deposuit,
526 1017 698 1048 substulit:
723 1027 782 1048 nec
808 1027 938 1058 parvum
963 1015 1125 1057 quiddam,
1150 1018 1233 1058 quod
1257 1017 1397 1055 abstulit,
1421 1019 1477 1049 sed
1493 1029 1626 1060 magnus

163 1072 328 1102 thesaurus
342 1070 459 1102 fuerit?
484 1081 552 1112 quae
568 1081 662 1112 poena
676 1071 749 1102 huic
774 1081 793 1101 a
818 1070 891 1101 Diis
913 1071 1076 1107 debeatur,
1093 1069 1183 1100 Deus
1198 1071 1324 1112 quidem
1340 1072 1409 1113 ipse
1423 1073 1529 1103 novit:
1554 1084 1625 1114 quae

161 1136 237 1156 vero
250 1126 289 1156 ab
302 1125 491 1161 hominibus,
506 1124 747 1156 declarabimus.
762 1124 816 1166 qui
828 1124 916 1166 prius
926 1124 1074 1166 inspexit,
1086 1124 1248 1166 judicibus
1263 1125 1395 1156 indicet.
1411 1136 1447 1157 ac
1460 1127 1486 1157 si
1500 1126 1534 1157 in
1549 1127 1625 1159 urbe

159 1180 311 1211 delictum
333 1186 394 1216 est,
417 1180 563 1211 aedilibus
581 1191 587 1209 ι
612 1179 660 1210 sin
687 1189 762 1211 vero
777 1179 809 1210 in
825 1189 909 1221 agro,
924 1190 1071 1222 agrorum
1086 1179 1278 1210 curatoribus
1289 1190 1458 1222 eorumque
1477 1181 1627 1223 principi-

162 1233 219 1265 bus
236 1245 243 1264 :
270 1233 368 1276 [914]
393 1233 419 1264 si
445 1234 481 1264 in
504 1234 571 1264 foro
600 1243 703 1264 rerum
728 1234 897 1270 venalium,
913 1234 1086 1264 earundem
1102 1233 1290 1265 curatoribus
1302 1235 1333 1265 id
1348 1234 1515 1276 significet.
1529 1246 1626 1277 reque

158 1287 205 1319 ita
228 1288 391 1330 patefacta.
413 1287 562 1329 Delphos
577 1288 689 1319 civitas
712 1279 819 1319 mittat
835 1301 842 1328 ;
867 1293 901 1319 et
915 1289 1001 1329 quod
1017 1289 1146 1318 oraculo
1162 1287 1225 1318 Dei
1237 1294 1303 1319 tam
1317 1288 1357 1319 de
1378 1290 1515 1330 pecunia
1530 1300 1625 1331 quam

159 1342 200 1373 de
213 1343 279 1379 illo,
297 1343 352 1384 qui
367 1343 534 1384 pecuniam
555 1343 665 1379 movit,
687 1342 812 1373 dictum
827 1342 935 1379 fuerit,
960 1341 995 1372 id
1010 1342 1122 1374 civitas
1147 1342 1255 1374 Deum
1277 1348 1388 1374 secuta
1402 1343 1575 1375 confirmet.
1591 1349 1626 1375 et

159 1397 216 1438 qui
244 1397 321 1428 fecit
341 1398 505 1434 indicium,
529 1398 555 1428 si
577 1397 656 1427 liber
679 1397 784 1434 fuerit,
800 1397 833 1427 in
848 1397 974 1427 virtutis
988 1396 1094 1427 veniat
1109 1397 1306 1438 opinionem:
1332 1402 1364 1428 et
1380 1405 1487 1428 contra
1501 1399 1581 1435 vitii,
1598 1399 1625 1430 si

160 1452 264 1483 sciens
290 1452 452 1483 celaverit.
474 1452 524 1482 sin
546 1457 652 1482 autem
677 1461 783 1482 servus
807 1451 912 1487 fuerit,
942 1452 1045 1493 pretio
1067 1462 1085 1482 a
1109 1452 1237 1483 civitate
1262 1452 1390 1483 domino
1413 1452 1481 1494 ejus
1497 1454 1624 1490 collato,

157 1506 339 1538 liberandus
353 1512 412 1537 est.
433 1517 541 1537 servus
553 1516 636 1543 vero,
650 1506 705 1548 qui
721 1507 846 1542 celavit,
862 1511 958 1537 morte
975 1505 1175 1548 plectendus.
1218 1506 1311 1537 Hanc
1334 1508 1437 1548 legem
1458 1507 1515 1538 illa
1533 1508 1625 1538 dein-

158 1571 235 1602 ceps
251 1560 361 1592 similis
376 1561 417 1592 de
428 1561 534 1603 parvis
547 1561 642 1591 simul
656 1566 688 1592 et
702 1561 824 1602 magnis
839 1560 991 1602 sequitur.
1014 1561 1042 1591 si
1057 1561 1128 1603 quis
1143 1571 1211 1591 rem
1226 1571 1312 1592 suam
1327 1561 1443 1593 alicubi
1450 1562 1560 1593 volens
1572 1563 1624 1594 vel

157 1620 269 1646 contra
287 1615 470 1657 reliquerit:
494 1626 557 1646 non
581 1621 702 1657 tangat,
730 1615 782 1656 qui
803 1615 884 1646 forte
906 1615 1065 1657 repererit,
1081 1615 1140 1646 sed
1156 1620 1245 1656 putet
1260 1615 1364 1646 Deam
1379 1615 1503 1647 itineris
1519 1627 1537 1647 a
1552 1617 1622 1658 lege

157 1668 218 1700 sibi
244 1669 312 1700 haec
338 1675 521 1701 consecrata
540 1680 676 1701 servare.
699 1670 880 1711 quicunque
900 1680 976 1700 vero
1002 1670 1060 1700 hac
1083 1670 1152 1711 lege
1178 1675 1286 1711 spreta
1308 1669 1433 1701 domum
1449 1671 1516 1702 haec
1533 1681 1620 1703 suam

158 1725 377 1765 asportaverit,
396 1725 424 1755 si
438 1735 548 1755 servus
564 1726 606 1755 sit
621 1730 654 1755 et
667 1725 754 1766 parvi
769 1724 875 1766 pretii,
903 1734 921 1755 a
943 1734 1133 1765 quocunque
1149 1724 1270 1755 obviarn
1285 1724 1369 1755 facto
1385 1730 1417 1756 et
1431 1725 1513 1756 ultra
1523 1736 1622 1757 annos

155 1778 288 1820 triginta
299 1783 375 1809 nato
391 1779 572 1810 verberibus
583 1780 688 1810 multis
705 1780 850 1820 pulsetur
864 1790 871 1816 3
895 1778 945 1809 sin
961 1784 1063 1809 autem
1079 1778 1170 1814 liber,
1188 1778 1345 1810 illiberalis
1361 1780 1461 1821 primo
1474 1781 1622 1821 praevan'-

157 1838 305 1875 catorque
326 1833 477 1864 habeatur
494 1844 502 1872 3
527 1834 644 1864 deinde
668 1834 765 1864 etiam
788 1833 958 1874 decuplum
983 1833 1078 1874 pretii
1103 1834 1146 1864 rei
1161 1834 1256 1868 illius,
1273 1844 1366 1874 quam
1381 1835 1489 1871 movit,
1505 1835 1548 1875 ei,
1565 1836 1620 1876 qui

154 1887 296 1929 reliquit,
323 1888 487 1920 retribuat.
511 1888 638 1930 quando
664 1890 737 1930 quis
760 1898 909 1929 magnum
932 1888 1051 1929 aliquid
1076 1888 1115 1918 de
1138 1888 1205 1918 suis
1228 1888 1278 1918 vel
1304 1898 1437 1929 parvum
1458 1888 1497 1919 ab
1513 1890 1622 1930 aliquo

154 1942 256 1972 teneri
271 1943 485 1983 conqueritur,
501 1942 588 1984 quod
601 1942 656 1973 ille
674 1942 790 1974 habere
807 1942 932 1983 quidem
950 1942 1077 1978 fatetur,
1089 1943 1147 1972 sed
1159 1942 1242 1983 ejus,
1254 1942 1305 1983 qui
1318 1943 1410 1983 petit,
1423 1953 1492 1973 esse
1504 1948 1620 1984 negat:

154 1995 182 2025 si
198 2006 247 2027 res
261 1996 347 2037 apud
362 1997 561 2038 magistratus
576 1997 758 2038 conscn'pta
772 2003 821 2028 est
836 1997 1014 2028 secundum
1045 1996 1159 2037 legem,
1187 2002 1314 2027 vocetur
1337 1996 1380 2026 ad
1399 1997 1618 2038 mag-istratus,

154 2050 210 2090 qui
234 2055 334 2081 tenet.
357 2059 454 2091 reque
483 2051 555 2092 ipsa
574 2051 744 2092 patefacta,
773 2052 800 2082 si
824 2051 1038 2092 conscriptum
1061 2057 1121 2087 est,
1145 2051 1276 2081 alterius
1294 2051 1333 2082 de
1349 2050 1537 2082 adversariis
1550 2062 1618 2083 rem

154 2114 234 2140 csse,
250 2104 304 2135 ille
318 2104 387 2146 ipse
402 2104 526 2136 habeat.
550 2106 633 2146 quod
650 2106 676 2136 si
691 2105 832 2136 neutrius
848 2115 928 2141 esse,
944 2106 1000 2136 sed
1013 2105 1150 2135 absentis
1162 2105 1346 2147 cujusquam
1358 2105 1549 2142 inveniat-ur,
1562 2106 1618 2147 qui

154 2159 362 2190 sufficientem
378 2158 617 2200 fidejussionem
631 2170 694 2190 non
709 2159 844 2196 dederit,
860 2160 909 2191 illi
924 2170 956 2190 se
971 2159 1104 2196 absenti,
1120 2159 1210 2202 cujus
1224 2164 1284 2195 est,
1300 2169 1364 2190 rem
1379 2160 1580 2197 traditurum,
1591 2161 1618 2191 is

154 2215 343 2245 tantundem
357 2213 518 2255 deponere
534 2219 676 2255 cogatur.
700 2224 810 2244 verum
825 2214 852 2244 si
878 2214 963 2255 apud
981 2205 1184 2255 mag-istratus
1199 2223 1262 2250 res,
1277 2224 1339 2255 qua
1354 2213 1394 2244 de
1409 2214 1524 2255 agitur,
1541 2224 1616 2245 con-

154 2268 274 2309 scripta
286 2278 349 2298 non
366 2268 418 2305 sit,
433 2273 509 2299 tunc
524 2267 610 2309 apud
620 2276 684 2299 tres
695 2268 779 2299 inter
791 2268 990 2310 magistratus
1002 2268 1145 2299 seniores
1155 2278 1256 2309 usque
1271 2268 1310 2298 ad
1319 2268 1416 2298 latam
1425 2268 1616 2300 sententiam

155 2319 342 2362 deponatur.
362 2332 400 2353 ac
423 2323 451 2353 si
474 2323 591 2354 animal
618 2329 678 2360 est,
705 2324 744 2354 de
771 2334 834 2364 quo
859 2323 1040 2364 ambigitur,
1061 2323 1127 2353 lata
1139 2323 1300 2353 sententia
1312 2323 1367 2364 qui
1382 2322 1499 2353 cecidit
1513 2333 1617 2361 causa,

154 2375 390 2416 magistratibus
409 2376 490 2417 ipsis
516 2377 709 2418 impendium
735 2378 956 2408 alimentorum
972 2377 1131 2408 restituat.
1154 2376 1254 2407 tribus
1267 2387 1342 2407 vero
1356 2376 1466 2407 diebus
1482 2377 1516 2407 id
1526 2377 1614 2419 judi·

152 2429 237 2459 cium
263 2430 454 2461 absolvatur.
476 2431 592 2462 mentis
617 2431 753 2472 quilibet
771 2442 900 2473 compos
924 2442 1051 2463 servum
1071 2441 1164 2462 suum
1178 2431 1285 2468 ducat,
1302 2441 1365 2472 quo
1378 2431 1467 2468 velit,
1485 2432 1615 2464 honeste

151 2482 221 2524 ipso
236 2494 360 2515 usurus.
383 2484 480 2515 ducat
493 2485 590 2515 etiam
600 2485 770 2517 amicorum
783 2487 1073 2517 necessariorumve
1090 2485 1228 2521 nomine,
1240 2490 1277 2515 ut
1288 2485 1453 2526 fugitivum
1468 2487 1616 2518 restituat

150 2537 184 2568 in
210 2539 354 2579 gratiam.
376 2538 461 2579 quod
490 2539 518 2569 si
542 2539 614 2580 quis
636 2540 776 2580 aliquem
804 2546 842 2571 ut
869 2551 992 2571 servum
1022 2540 1152 2571 ductum
1184 2538 1225 2569 ad
1249 2539 1426 2570 libertatem
1452 2540 1615 2578 vendicet,

153 2591 292 2624 dimittat
317 2592 457 2634 quidem,
479 2593 533 2634 qui
557 2593 726 2632 substulit3
750 2594 805 2635 qui
820 2604 896 2625 vero
907 2595 952 2625 ita
965 2594 1079 2626 ductus
1093 2599 1153 2629 est,
1169 2594 1196 2624 si
1210 2599 1276 2624 tres
1292 2593 1492 2635 fidejussores
1503 2595 1615 2637 dignos

154 2648 338 2688 praebuen‘t,
354 2648 400 2679 sic
408 2647 482 2689 jure
499 2648 541 2678 sit
556 2653 693 2689 ereptus
715 2648 804 2679 aliter
819 2649 847 2679 si
870 2650 1047 2685 abduxerit,
1074 2649 1137 2680 vim
1162 2648 1306 2679 intulisse
1325 2649 1490 2680 videatur:
1516 2648 1614 2692 [915]

154 2701 384 2744 damnatusque
412 2702 541 2743 duplum
567 2701 675 2733 damni
699 2702 730 2733 ei
758 2703 914 2740 resti-tuat,
935 2714 953 2734 a
977 2713 1041 2744 quo
1055 2702 1198 2734 abstulit.
1220 2702 1366 2733 libertum
1380 2713 1507 2744 quoque
1523 2714 1615 2735 suurn

155 2757 373 2798 unusquisque
395 2757 511 2788 ducere
538 2756 649 2798 possit,
671 2757 699 2787 si
722 2757 762 2788 ab
789 2767 827 2788 eo
852 2768 916 2788 non
940 2758 1054 2789 colitur
1075 2763 1130 2788 aut
1153 2757 1178 2788 si
1201 2766 1265 2787 non
1287 2757 1481 2789 sufficienter
1493 2758 1616 2789 colitur.

154 2811 259 2841 cultus
273 2816 381 2842 autem
395 2817 455 2847 est,
470 2812 608 2853 primum
624 2817 658 2841 ut
672 2817 719 2842 ter
731 2811 849 2842 domini
863 2812 991 2842 domum
1002 2812 1164 2843 mensibus
1175 2811 1308 2854 sing-ulis
1318 2811 1437 2848 veniat,
1456 2818 1614 2852 paratum-

154 2875 216 2905 que
249 2875 284 2896 se
315 2866 462 2897 ostendat
496 2867 611 2902 facere,
638 2865 792 2907 quicquid
820 2866 989 2897 honestum
1016 2865 1228 2909 possibileque
1257 2865 1318 2897 sibi
1342 2866 1401 2897 sit:
1427 2865 1543 2896 deinde
1573 2865 1613 2896 de

153 2918 362 2958 matrimonio,
390 2920 539 2962 quicquid
561 2921 689 2953 domino
717 2921 855 2958 videtur,
882 2920 986 2952 saciat.
1008 2931 1067 2953 nec
1093 2922 1122 2952 ci
1148 2921 1242 2953 liceat.
1266 2920 1397 2962 majores
1413 2920 1471 2952 sibi
1488 2919 1614 2951 divitias
