1840 3225
179 232 258 269 472
757 228 1015 268 EPISTOLA
1063 230 1114 268 11.
1547 229 1644 280 [313

186 345 259 366 vero
283 345 406 372 vocare,
430 340 463 366 et
490 344 629 376 quaerere
657 334 732 375 quid
748 333 825 364 mihi
841 340 924 364 esset
940 333 1069 375 negotii,
1086 344 1156 364 cum
1171 332 1346 364 diffidentia
1359 332 1507 374 quadam,
1522 338 1557 362 ut
1572 331 1649 362 mibi

184 389 360 421 videbatur.
385 395 417 420 et
433 389 486 431 qui
503 390 544 419 de
559 389 597 419 iis
615 388 834 429 loquebantur,
850 388 997 429 permulti
1013 394 1119 427 erant;
1141 388 1342 424 affirmantes,
1357 387 1440 428 quod
1453 395 1504 417 me
1520 384 1649 426 quidem

185 448 404 474 contemneres
430 448 525 484 atque
547 442 587 473 ad
615 442 678 473 alia
699 442 836 472 animum
863 442 1062 473 intendisses.
1085 443 1152 472 haec
1176 442 1270 483 igitur
1294 448 1367 472 tunc
1382 441 1467 471 fama
1478 439 1649 470 increbuit.

184 496 259 536 quid
287 501 392 527 autem
420 502 491 538 post
518 497 585 528 haec
611 496 676 526 fieri
703 500 859 537 oporteat,
884 496 950 537 jam
980 496 1052 527 audi
1067 508 1074 525 :
1100 501 1134 526 ut
1159 495 1198 526 ad
1225 496 1315 532 illud,
1338 495 1423 537 quod
1439 492 1649 534 interrogasti,

181 550 405 590 respondeam,
431 560 495 591 quo
523 554 617 591 pacto
642 559 698 580 nos
723 549 860 581 invicem
883 560 988 590 gerere
1020 550 1202 580 debeamus.
1233 550 1260 580 si
1290 555 1323 580 tu
1351 548 1481 591 quidem
1519 546 1648 578 omnino

185 603 417 645 philosophiam
432 604 562 645 spernis,
579 603 682 634 valere
696 603 833 634 sinamus
847 615 855 634 ε
879 604 926 634 sin
942 609 1045 634 autem
1061 604 1113 635 vel
1128 603 1167 634 ab
1183 603 1245 634 alio
1261 603 1378 634 audisti
1394 603 1445 633 vel
1461 603 1527 643 ipse
1544 611 1602 643 per
1615 605 1648 631 te

183 657 332 688 invenisti
359 658 491 688 meliora
515 667 611 699 quam
636 667 684 694 ea,
709 667 779 698 quae
792 666 811 687 a
825 667 875 687 me
890 656 1066 693 traduntur,
1084 658 1138 688 illa
1152 658 1376 699 complectere.
1400 655 1484 698 quod
1499 656 1526 686 si
1542 661 1649 686 nostra

183 710 242 741 tibi
257 711 395 752 placent,
410 722 469 742 nos
484 722 609 753 quoque
623 711 757 742 maxime
774 712 920 741 honorare
936 711 1044 741 debes.
1065 721 1150 742 nunc
1176 717 1293 748 autem,
1316 717 1466 752 tanquam
1487 710 1527 740 ab
1541 709 1645 745 initio,

182 769 218 795 tu
244 764 353 802 ducas,
384 775 443 806 ego
473 775 599 806 sequar.
622 766 794 796 honoratus
821 765 903 795 enim
929 775 948 795 a
968 770 1034 796 tete
1056 766 1214 795 honorabo
1232 776 1238 794 :
1263 776 1326 795 non
1355 766 1525 795 honoratus
1539 770 1646 794 autem

182 818 414 859 conquiescam.
441 825 592 860 praeterea
620 819 647 849 si
672 824 707 849 tu
734 820 886 848 honorare
905 818 993 859 prius
1018 828 1068 849 me
1084 819 1228 859 coeperis,
1244 818 1476 860 philosophiam
1489 817 1648 848 videberis

181 871 357 902 honorare:
382 872 479 914 idque
508 872 593 913 apud
621 871 868 907 multitudinem,
899 871 984 913 quod
1013 878 1046 902 tu
1072 872 1214 913 inprimis
1240 872 1400 913 cupiebas,
1431 871 1489 902 tibi
1517 872 1646 913 gloriam

181 925 294 966 pariet,
311 930 458 967 tanquam
471 926 634 966 sapientiae
652 926 792 955 amatori.
815 926 863 956 sin
887 932 993 955 autem
1008 936 1066 966 ego
1082 932 1113 956 te
1129 927 1321 957 honoravere
1339 936 1386 956 me
1402 926 1530 956 minime
1546 927 1646 956 hono-

181 984 316 1015 rantem,
330 980 457 1010 divitias
472 979 620 1010 admirari
634 979 764 1010 videbor
778 985 812 1009 et
827 980 929 1020 sequi.
952 980 1011 1010 hoc
1025 990 1101 1010 vero
1117 990 1208 1021 quam
1223 986 1316 1021 turpe
1328 980 1367 1010 ab
1380 979 1526 1010 omnibus
1538 989 1648 1010 cense-

182 1036 262 1068 atur,
279 1043 343 1063 non
358 1032 550 1074 ignoramus.
572 1039 608 1063 ut
618 1037 725 1063 autem
738 1034 916 1063 summatim
928 1033 1041 1070 dicam,
1053 1038 1085 1064 te
1100 1035 1284 1069 honorante,
1298 1033 1448 1064 ambobus
1458 1034 1559 1064 honor
1572 1033 1649 1064 erit:

183 1095 234 1116 me
249 1090 354 1116 autem
366 1087 552 1123 honorante,
567 1086 716 1118 ambobus
730 1087 872 1118 infamia.
885 1092 919 1118 et
932 1086 971 1118 de
983 1087 1033 1117 his
1043 1088 1173 1128 quidem
1188 1088 1273 1118 satis.
1287 1098 1408 1118 summa
1419 1098 1493 1118 vero
1504 1087 1574 1129 ipsa
1583 1096 1648 1118 non

181 1145 269 1170 recte
299 1151 333 1171 se
362 1141 469 1171 habet.
491 1140 630 1171 narrabit
655 1151 728 1172 vero
756 1142 824 1183 ipse
854 1141 912 1171 tibi
936 1141 1166 1177 Archedemus,
1191 1152 1263 1172 cum
1287 1141 1327 1172 ad
1352 1147 1382 1172 te
1405 1141 1543 1173 redierit.
1564 1141 1648 1172 illud

181 1199 287 1224 autem
320 1195 485 1235 pretiosius
511 1200 544 1226 et
569 1195 715 1231 divinius,
744 1195 784 1226 de
809 1206 872 1236 quo
901 1205 956 1236 per
977 1195 1067 1226 illum
1092 1206 1144 1226 me
1170 1196 1354 1237 interrogas,
1380 1196 1510 1226 omnino
1524 1195 1584 1237 ipsi
1599 1201 1648 1225 est

181 1248 426 1280 ostendendum.
444 1249 489 1280 ais
505 1249 600 1285 enim,
617 1254 653 1280 ut
666 1249 722 1279 ille
739 1249 843 1287 refert,
859 1259 921 1280 non
937 1249 1130 1280 sufficienter
1157 1249 1215 1280 tibi
1240 1260 1257 1280 a
1282 1260 1332 1280 me
1350 1249 1389 1280 de
1415 1249 1515 1290 prima
1537 1255 1650 1280 natura

179 1302 427 1333 demonstratum
454 1303 562 1334 fuisse.
586 1302 757 1334 dicendum
777 1308 827 1334 est
851 1304 948 1344 igitur
969 1303 1026 1334 tibi
1041 1315 1126 1334 nune
1143 1313 1200 1345 per
1215 1304 1383 1344 aenigmata
1397 1303 1553 1344 quaedam,
1571 1308 1606 1333 ut
1620 1302 1648 1333 si

178 1356 254 1397 quid
282 1356 355 1388 huic
380 1357 504 1387 tabellae
527 1357 579 1388 vel
608 1357 686 1388 mari
712 1357 762 1388 vel
790 1362 874 1387 terra
901 1358 1076 1399 contingat,
1092 1358 1146 1399 qui
1161 1368 1230 1388 eam
1248 1358 1371 1398 legerit,
1386 1357 1565 1398 intelligere
1579 1366 1644 1387 non

178 1410 295 1441 valeat.
319 1416 368 1441 est
381 1415 488 1441 autem
502 1411 556 1442 ita.
580 1410 663 1442 circa
678 1411 818 1442 omnium
834 1421 936 1452 regem
963 1417 1078 1443 cuncta
1093 1417 1166 1442 sunt
1184 1423 1189 1440 ε
1214 1412 1313 1453 ipsius
1328 1412 1427 1453 gratia
1442 1411 1559 1447 omnia,
1575 1410 1645 1452 ipse

178 1463 377 1503 pulchrorum
408 1464 549 1495 omnium
579 1475 675 1496 causa
689 1476 696 1494 :
733 1465 816 1496 circa
857 1465 1029 1496 secundum
1065 1465 1203 1496 secunda
1219 1477 1225 1495 z
1259 1465 1354 1496 tertia
1390 1465 1473 1495 circa
1502 1464 1645 1495 tertium.

178 1517 334 1548 humanus
349 1518 472 1549 animus
486 1519 624 1555 affectat,
641 1519 748 1560 qualia
761 1519 818 1549 illa
833 1520 906 1555 sint,
920 1520 1109 1560 intelligere,
1124 1520 1280 1561 aspiciens
1296 1520 1327 1549 in
1340 1528 1389 1554 ea,
1405 1529 1476 1560 quae
1493 1518 1550 1549 sibi
1566 1528 1641 1559 cog-

175 1576 250 1601 nata
279 1576 374 1602 sunt:
401 1573 496 1614 [313]
521 1582 653 1613 quorum
681 1573 760 1603 nihil
785 1573 977 1604 sufficienter
1001 1584 1035 1604 se
1061 1573 1167 1604 habet.
1192 1572 1249 1603 sed
1265 1573 1296 1603 in
1311 1582 1385 1613 rege
1400 1572 1472 1613 ipso
1488 1572 1569 1602 etin
1584 1571 1645 1609 his,

177 1634 247 1665 quae
263 1625 338 1662 dixi,
354 1626 433 1656 nihil
447 1631 493 1656 est
510 1626 586 1656 tale.
609 1628 694 1667 quod
711 1632 814 1657 autem
831 1628 971 1668 posthoc
987 1633 1047 1664 est,
1063 1628 1186 1657 animus
1202 1627 1290 1657 dicit.
1313 1632 1345 1657 at
1360 1626 1442 1656 enim
1459 1625 1560 1667 qualis
1575 1626 1645 1657 haec

176 1683 232 1708 tua
261 1678 460 1720 interrogatio
487 1686 546 1715 est,
574 1679 724 1722 Dionysii
751 1686 782 1711 et
809 1680 942 1711 Doridis
970 1682 1025 1717 fili,
1051 1692 1122 1722 quae
1138 1682 1293 1711 malorum
1309 1680 1449 1710 omnium
1461 1689 1554 1710 causa
1571 1678 1644 1709 est?

176 1730 274 1762 immo
298 1743 372 1763 vero
397 1733 495 1774 magis
518 1733 609 1775 hujus
636 1734 781 1765 stimulus
795 1735 924 1775 quidam
940 1736 1044 1765 animo
1060 1740 1166 1765 nostro
1180 1735 1360 1776 ingenitus:
1385 1743 1479 1775 quem
1493 1733 1556 1764 nisi
1571 1733 1644 1774 quis

177 1791 276 1822 eruat,
302 1786 470 1818 veritatem
493 1793 580 1818 certe
603 1798 763 1828 nunquam
786 1795 980 1830 assequetur.
1003 1795 1037 1820 tu
1054 1790 1112 1820 hoc
1128 1789 1169 1819 ad
1181 1799 1231 1820 me
1247 1790 1278 1819 in
1295 1788 1404 1824 hortis,
1419 1797 1490 1819 cum
1503 1797 1646 1818 essemus

175 1839 235 1870 sub
259 1840 366 1886 lauris.
390 1841 618 1883 excogitavisse
650 1842 775 1872 dixisti:
801 1852 838 1874 ac
859 1848 947 1874 tuam
970 1843 1066 1874 fuisse
1092 1843 1317 1874 inventionem.
1340 1847 1373 1872 et
1387 1851 1446 1883 ego
1459 1841 1600 1883 inquam,
1615 1841 1643 1872 si

176 1893 236 1924 hoc
259 1894 305 1924 ita
330 1904 362 1925 se
389 1895 504 1926 habere
531 1895 587 1926 tibi
611 1896 781 1934 videretur,
797 1897 904 1927 multis
920 1907 970 1927 me
981 1896 1245 1938 disputationibus
1260 1897 1445 1927 liberasses:
1471 1905 1530 1926 nec
1543 1894 1643 1926 alium

177 1957 314 1989 unquam
330 1947 427 1988 hujus
453 1949 647 1980 inventorem
661 1950 815 1991 reperisse
828 1962 834 1979 :
860 1950 1091 1991 plurimamque
1106 1951 1378 1992 investigationem
1391 1959 1496 1980 meam
1510 1949 1594 1980 circa
1609 1949 1643 1980 id

175 2002 305 2034 versari.
317 2007 351 2032 tu
367 2002 482 2039 forsan,
497 2003 602 2044 aliquo
618 2004 736 2041 audito,
753 2003 860 2035 divina
875 2005 1012 2045 quadam
1023 2010 1105 2035 sorte
1115 2005 1189 2035 inde
1203 2014 1384 2045 progressus
1394 2003 1645 2034 cs.demonstra-

176 2054 278 2086 tiones
293 2061 397 2086 autem
412 2056 479 2098 ejus
491 2057 538 2087 rei
553 2068 711 2099 nunquam
730 2058 844 2094 firmas,
860 2058 915 2088 sed
933 2058 1012 2089 alias
1026 2059 1115 2089 aliter
1127 2059 1298 2100 protulisti,
1311 2062 1465 2099 quatenus
1476 2057 1646 2098 phantasia

176 2107 390 2149 conjectabas.
414 2110 473 2140 hoc
489 2116 595 2141 autem
609 2111 689 2142 nihil
703 2117 753 2142 est
766 2113 841 2148 tale,
856 2118 889 2142 et
902 2112 961 2143 hoc
977 2123 1040 2143 non
1056 2112 1112 2143 tibi
1127 2113 1187 2143 soli
1202 2112 1346 2153 contigit.
1368 2111 1421 2142 sed
1449 2116 1535 2142 certe
1560 2111 1645 2143 scito

176 2162 347 2199 neminem,
363 2164 490 2204 quando
506 2164 640 2204 primum
655 2175 705 2196 me
720 2165 820 2202 audit,
837 2165 928 2196 aliter
940 2166 1032 2197 affici.
1054 2172 1086 2197 et
1111 2166 1188 2197 alius
1204 2165 1331 2208 quidem
1348 2165 1458 2207 magis,
1473 2165 1552 2196 alius
1566 2175 1645 2196 vero

176 2216 279 2247 minus
303 2215 491 2258 defatigatus
516 2218 566 2248 vix
592 2217 719 2248 tandem
743 2229 760 2248 a
776 2219 880 2250 labore
897 2225 1032 2250 cessant.
1055 2229 1164 2251 omnes
1181 2226 1288 2250 autem
1302 2219 1401 2249 ferme
1419 2218 1561 2249 laborant
1575 2228 1641 2250 non

175 2280 296 2312 parum.
319 2271 386 2301 haec
412 2277 519 2301 autem
542 2282 611 2302 cum
627 2272 671 2302 ita
686 2272 750 2303 sint
764 2278 797 2303 et
810 2273 937 2309 suerint,
952 2273 1017 2303 fere
1034 2274 1221 2310 invenimus,
1237 2278 1273 2304 ut
1294 2273 1416 2314 opinor,
1432 2272 1519 2314 quod
1534 2277 1569 2303 tu
1585 2282 1643 2314 per

176 2325 345 2366 epistolam
360 2325 490 2366 petiisti,
504 2325 769 2367 quemadmodum
784 2332 907 2369 oportet
921 2327 1056 2358 invicem
1073 2337 1130 2358 uos
1146 2327 1270 2358 habere.
1293 2332 1458 2368 postquam
1473 2336 1549 2357 vero
1571 2327 1643 2358 haec

175 2383 210 2409 et
231 2388 288 2419 per
312 2389 347 2410 se
376 2378 568 2416 discusseris,
598 2385 631 2410 et
656 2391 727 2411 cum
751 2381 882 2411 aliorum
902 2381 1107 2423 opinionibus
1129 2381 1382 2423 comparaveris:
1406 2380 1502 2411 modo
1518 2385 1638 2412 rectum

175 2442 307 2462 examen
318 2433 490 2473 peregeris,
505 2434 756 2465 consentientem
771 2434 862 2465 nobis
877 2440 908 2465 te
921 2442 953 2465 et
966 2436 1082 2466 nostris
1095 2435 1259 2477 praebebis.
1282 2444 1420 2476 quonam
1435 2435 1529 2476 igitur
1543 2440 1641 2476 pacto

176 2486 243 2516 liaec
257 2491 290 2516 et
304 2485 376 2522 alia,
393 2497 463 2528 quae
479 2487 622 2523 diximus,
638 2488 739 2518 fient?
763 2493 847 2519 recte
863 2494 897 2519 tu
913 2490 1038 2530 quidem
1054 2499 1092 2520 ea
1107 2489 1147 2520 de
1163 2499 1259 2520 causa
1274 2487 1509 2520 Archedemum
1525 2488 1565 2519 ad
1581 2498 1641 2519 nos

175 2539 300 2570 misisti.
324 2550 360 2570 ac
384 2546 550 2582 postquam
577 2541 617 2572 ad
643 2547 674 2572 te
697 2552 840 2573 reversus
855 2543 1044 2574 sententiam
1063 2543 1118 2574 tibi
1133 2553 1236 2574 meam
1251 2542 1405 2577 retulerit,
1422 2541 1638 2573 dubitationes

175 2593 245 2624 aliae
271 2598 303 2623 te
329 2593 459 2625 forsitan
486 2595 613 2636 capient
628 2606 634 2624 ε
660 2600 694 2626 tu
718 2605 803 2632 vero,
831 2597 856 2626 si
879 2603 962 2628 recte
992 2597 1049 2628 tibi
1072 2597 1228 2632 consules,
1254 2596 1361 2626 mittes
1382 2595 1492 2626 iterum
1520 2594 1560 2625 ad
1585 2604 1637 2626 me

176 2645 409 2677 Archedemum
423 2658 429 2676 :
454 2647 510 2679 ille
526 2659 640 2685 rursus,
653 2650 743 2691 quasi
758 2656 923 2686 mercator,
936 2661 998 2681 non
1016 2651 1081 2681 sine
1098 2651 1184 2682 lucro
1200 2649 1325 2681 redibit.
1348 2649 1430 2689 quod
1458 2649 1483 2678 si
1509 2648 1557 2678 bis
1582 2654 1639 2679 aut

174 2705 224 2731 ter
235 2699 359 2736 fecerim
375 2706 468 2741 atque
483 2701 548 2738 illa,
566 2713 635 2743 quae
651 2703 812 2740 mittimus,
829 2704 995 2745 diligenter
1011 2704 1249 2739 examinaveriS,
1272 2703 1409 2734 mirabor
1432 2701 1592 2743 equidem,
1610 2703 1637 2734 si

173 2763 238 2785 non
265 2753 365 2785 multo
390 2755 502 2786 melius
527 2767 622 2797 quam
643 2767 727 2788 nunc
751 2757 791 2788 ad
814 2768 863 2795 ea,
888 2768 957 2800 quae
972 2758 1112 2794 dubitas,
1129 2764 1159 2788 te
1176 2758 1303 2788 habeas·
1327 2755 1475 2787 audacter
1489 2755 1585 2796 igitur
1600 2756 1635 2787 id

175 2808 286 2849 agatis.
309 2817 412 2849 neque
436 2808 518 2838 enim
545 2811 594 2840 vel
619 2816 651 2841 tu
667 2812 718 2841 vel
735 2811 952 2843 Archedemus
967 2812 1214 2853 negotiationem
1231 2811 1327 2841 ullam
1342 2809 1500 2850 suscipere
1517 2816 1634 2851 potest,

174 2871 245 2902 quae
270 2869 325 2892 aut
338 2862 496 2893 honestior
522 2863 561 2894 sit
588 2869 643 2895 aut
668 2865 740 2896 Deo
765 2867 932 2908 acceptior.
958 2866 1054 2907 [314]
1079 2875 1155 2896 cave
1185 2870 1301 2900 tamen,
1327 2873 1368 2894 ne
1396 2862 1543 2894 excidant
1564 2863 1634 2895 baec

174 2925 313 2957 unquam
337 2916 369 2948 in
394 2926 483 2948 aures
501 2917 659 2950 hominum
675 2919 849 2961 disciplinae
866 2920 1118 2962 eruditionisque
1134 2919 1319 2961 expertium.
1342 2916 1429 2949 nulla
1450 2923 1522 2948 sunt
1535 2917 1634 2953 enim,
