1840 3225
125 246 195 297 54]
759 235 992 273 TuuAEUS.
1508 236 1585 271 ρή-

124 349 248 393 pondus
271 346 441 389 exaequatis
467 345 582 376 viribus
596 342 706 374 referta
720 346 778 378 est,
794 340 880 371 nulla
890 350 927 371 ex
944 344 1031 381 parte
1054 338 1243 381 aequilibrem
1260 350 1339 378 esse,
1353 340 1407 370 scd
1425 340 1586 382 inmquali-

125 411 172 436 ter
198 403 336 445 undique
352 405 528 442 vergentem
554 396 826 437 declinantemque
843 395 881 425 ab
897 393 959 425 illis
974 393 1113 435 quidem,
1130 404 1200 435 quae
1216 394 1362 435 diximus,
1387 394 1508 436 agitari,
1526 405 1592 425 rur-

127 469 242 500 susque
268 458 371 499 ipsam
397 459 583 486 commotam
613 451 725 482 eadem
751 449 868 491 agitare
885 461 891 478 :
917 459 980 490 quo
1006 443 1098 490 puisu
1123 449 1245 479 concita
1268 449 1299 478 in
1327 448 1450 479 diversa
1477 449 1591 490 raptari

124 518 218 555 atque
235 510 380 547 discerni,
398 508 527 551 perinde
553 512 587 537 ut
602 516 671 546 quae
688 506 720 536 in
735 504 882 535 frumenti
897 503 1085 545 purgatione
1101 502 1236 544 pistoriis
1251 502 1462 534 instrumentis
1472 503 1593 545 jactata

124 572 220 608 atque
236 574 364 598 excussa
383 562 516 594 discerni
531 563 693 599 vedemus,
710 565 803 600 atque
820 558 882 588 alio
902 557 1001 588 solida
1018 557 1197 598 graviaque,
1212 557 1273 587 alio
1289 567 1354 587 rara
1370 562 1400 588 et
1415 557 1496 588 levia
1511 557 1595 589 ferri.

130 620 208 662 [53]
226 619 270 651 sic
285 619 338 650 illa
354 623 428 648 tunc
443 621 577 658 quatuor
600 625 714 656 genera
730 614 769 644 ab
786 613 854 654 ipso
877 622 982 643 eorum
1000 611 1209 652 receptaculo,
1225 611 1421 642 instrumenti
1436 611 1517 642 illius
1532 612 1596 652 pis-

125 674 197 708 torii
212 673 319 709 instar,
346 670 555 702 tumultuante
571 675 603 700 et
619 669 816 700 discernente
832 671 998 702 commota,
1016 665 1222 696 dissimillima
1245 675 1379 707 quaeque
1395 675 1413 695 a
1429 665 1598 696 dissimilli-

128 728 184 759 mis
210 728 303 767 longe
332 725 563 767 separabantur,
586 723 741 753 simillima
767 733 838 752 vero
866 731 966 752 rursus
987 720 1115 752 coibant
1129 731 1135 749 :
1162 725 1255 761 atque
1274 719 1386 751 iccirco
1408 719 1500 749 etiam
1525 725 1597 750 ante

128 781 237 812 mundi
251 780 481 812 exornationem
507 778 632 808 sedibus
647 776 747 807 divisa
762 780 861 807 erant.
878 776 932 806 sed
949 785 1051 816 neque
1066 774 1114 804 his
1129 774 1211 804 ratio
1227 773 1327 805 inerat
1342 783 1445 814 neque
1461 774 1570 803 modus
1590 785 1595 802 :

127 841 159 866 at
174 845 245 866 vero
260 834 312 865 ubi
328 838 443 865 cuncta
454 832 551 873 redigi
568 832 607 861 ad
626 831 750 861 modum
765 830 895 872 placuit,
913 829 1003 860 Deus
1018 829 1123 870 ignem
1137 829 1237 870 primo
1253 839 1290 859 ac
1306 833 1416 859 terram
1432 827 1598 868 aeremque

127 894 159 920 et
172 899 298 930 aquam,
318 898 389 929 quae
409 887 535 928 quidem
552 886 775 916 elementorum
792 883 998 926 praeferebant
1019 883 1162 924 vestigia,
1179 883 1232 913 sed
1250 882 1294 913 ita
1307 887 1396 913 erant
1419 882 1542 917 affecta,
1567 886 1602 912 ut

129 953 186 986 par
207 947 256 974 est
279 942 343 978 illa,
359 952 378 972 a
393 941 506 983 quibus
529 940 618 971 Deus
635 940 735 979 abest,
751 939 906 970 distinctis
923 937 1039 978 figuris,
1054 937 1216 978 speciebus
1233 943 1265 968 et
1279 938 1416 968 numeris
1430 936 1603 969 exornavit.

128 1007 167 1029 ea
178 1008 250 1028 vero
270 995 355 1038 apud
368 1007 424 1026 nos
443 994 598 1026 sententia
609 1003 731 1034 semper
743 997 808 1023 rata
820 992 1014 1033 indubiaque
1026 1001 1088 1033 prae
1105 991 1217 1022 ceteris
1230 992 1391 1028 habeatur,
1401 991 1487 1033 quod
1509 990 1601 1021 Deus

129 1051 194 1088 illa,
209 1061 280 1082 cum
292 1050 365 1081 talia
378 1060 443 1080 non
455 1054 570 1088 essent,
585 1059 677 1090 quam
692 1047 895 1088 pulcherrime
907 1046 1088 1088 optimeque
1105 1046 1171 1076 fieri
1188 1051 1320 1086 poterat,
1338 1045 1503 1077 ordinavit.
1518 1057 1602 1078 nuuc

125 1105 191 1147 jam
207 1103 445 1146 dispositionem
464 1102 700 1144 genituramquc
716 1102 853 1143 ipsorum
868 1100 1026 1142 sigillatim
1042 1100 1244 1131 demonstrari
1260 1101 1419 1137 convenit,
1436 1111 1517 1131 novo
1533 1101 1603 1142 qui-

130 1160 202 1190 dem
217 1163 250 1190 et
264 1159 414 1190 inusitato
439 1157 712 1189 demonstrationis
728 1166 854 1198 genere,
869 1156 922 1187 sed
938 1156 1038 1191 vobis,
1054 1155 1108 1196 qui
1131 1165 1239 1186 omnes
1255 1154 1443 1186 eruditionis
1458 1155 1602 1196 iugenuae

132 1214 198 1244 vias
210 1212 437 1255 peragravistiS,
454 1211 548 1253 plano
564 1217 658 1252 atque
675 1211 851 1252 perspicuo.
875 1209 1050 1250 Principio,
1066 1210 1150 1250 quod
1168 1209 1250 1250 ignis
1265 1216 1296 1240 et
1307 1215 1395 1245 terra,
1412 1220 1492 1251 aqua
1504 1215 1536 1240 et
1551 1208 1607 1240 aer

130 1277 265 1310 corpora
289 1267 362 1303 sint,
378 1277 471 1297 nemo
497 1266 605 1307 utique
621 1265 787 1296 dubitabit.
812 1265 912 1295 omnis
929 1269 1032 1294 autem
1049 1264 1186 1305 corporis
1214 1264 1334 1305 species
1360 1263 1604 1305 profunditatem

134 1322 239 1352 habet.
277 1321 525 1362 profunditatem
542 1331 613 1350 vero
631 1319 732 1361 planis
747 1324 890 1350 constare
906 1318 1114 1349 necessarium
1131 1323 1188 1349 est.
1225 1318 1380 1348 rectitudo
1398 1328 1486 1358 porro
1503 1318 1606 1358 planae

132 1374 218 1406 basis
240 1385 278 1406 ex
294 1375 454 1416 triangulis
478 1373 698 1407 constituitur:
715 1379 808 1415 atque
830 1373 977 1414 trianguli
1001 1383 1108 1403 omnes
1133 1384 1168 1403 ex
1192 1373 1315 1403 duobus
1330 1372 1454 1403 initium
1478 1373 1607 1409 habent,

132 1429 323 1460 habentibus
339 1429 477 1470 utrisque
494 1433 611 1460 rectum
628 1428 775 1470 angulum
789 1439 898 1464 unum,
915 1432 1025 1459 acutos
1040 1427 1131 1458 duos.
1155 1437 1284 1468 querum
1301 1427 1378 1457 alter
1394 1427 1538 1468 utrinque
1551 1437 1606 1456 an-

133 1483 199 1525 guli
223 1483 299 1514 recti
315 1488 434 1525 partem
462 1483 594 1520 obtinet,
611 1483 783 1524 aequalibus
809 1482 946 1513 distincti
964 1482 1113 1512 lateribus
1128 1493 1135 1520 ;
1151 1482 1205 1512 sed
1222 1481 1253 1512 in
1277 1481 1374 1512 altero
1400 1481 1607 1523 inaequalibus

132 1537 301 1580 inaequalia
321 1537 557 1569 distribuuntur.
601 1537 694 1579 igitur
709 1549 764 1579 per
779 1537 915 1568 rationes
928 1536 1105 1578 probabiles
1121 1536 1301 1567 necessitati
1316 1535 1502 1577 conjunctas
1522 1536 1607 1566 ince-

135 1593 257 1629 dentes,
273 1592 353 1634 ignis
371 1598 606 1634 ceterorumque
623 1603 785 1634 corporum
802 1591 983 1633 hujusmodi
998 1601 1150 1632 ponamus
1165 1590 1337 1621 exordium.
1366 1590 1523 1631 superiora
1535 1600 1607 1620 vero

135 1646 183 1676 his
205 1647 317 1677 horum
334 1645 488 1687 principia
510 1646 581 1677 Deo
599 1651 672 1676 uota
689 1651 760 1676 sunt
776 1651 869 1687 atque
885 1645 928 1681 ei,
944 1645 1000 1687 qui
1024 1644 1085 1676 Dei
1102 1645 1142 1676 sit
1155 1645 1283 1676 amicus.
1328 1644 1488 1675 videamus
1503 1644 1611 1685 igitur,

137 1710 199 1741 qua
220 1699 415 1742 potissimum
430 1700 553 1731 ratione
568 1705 699 1741 quatuor
715 1710 845 1741 corpora
865 1699 1071 1741 pulcherrima
1087 1700 1182 1730 fiant:
1201 1699 1363 1730 dissimilia
1378 1698 1505 1740 quidem
1528 1699 1609 1728 inter

138 1764 183 1791 se,
200 1754 255 1786 sed
269 1765 338 1796 quae
354 1754 387 1785 in
404 1764 437 1785 se
449 1754 581 1786 invicem
595 1754 803 1785 dissolvantur
818 1759 851 1786 et
866 1765 902 1785 ex
918 1765 951 1785 se
963 1754 1096 1785 invicem
1108 1762 1303 1795 generemur.
1319 1754 1344 1784 si
1359 1754 1391 1784 id
1404 1753 1608 1794 comprehen-

138 1809 286 1848 derimus,
313 1808 472 1840 veritatem
487 1808 586 1850 ipsam
603 1809 643 1839 de
670 1809 870 1850 generatione
886 1808 967 1849 ignis
981 1813 1133 1850 terraeque
1151 1813 1184 1839 et
1198 1818 1315 1844 eorum,
1330 1818 1400 1849 quae
1416 1808 1607 1848 competenti

138 1863 257 1894 ratione
270 1868 390 1894 servata
401 1864 507 1893 horum
525 1862 626 1893 media
638 1862 729 1903 fiunt,
744 1862 931 1894 tenebimus.
948 1868 1021 1892 tunc
1037 1862 1119 1892 enim
1137 1862 1253 1892 nemini
1266 1861 1487 1897 concedemus,
1500 1861 1610 1891 dicen-

138 1916 162 1946 ti
188 1916 303 1947 alicubi
319 1927 386 1947 esse
411 1917 510 1947 oculis
527 1916 667 1957 patentia
685 1916 858 1955 pulchriora
881 1915 930 1945 his
944 1925 1088 1956 corpora,
1104 1925 1232 1956 quorum
1249 1915 1414 1957 quodlibet
1437 1915 1610 1947 secundum

139 1981 235 2001 unum
250 1971 291 2000 sit
307 1981 414 2012 genus.
432 1971 608 2001 conandum
622 1970 715 2011 igitur
726 1975 858 2010 quatuor
873 1980 1036 2011 corporum
1053 1979 1167 2010 genera
1181 1969 1412 2011 pulchritudine
1428 1969 1610 2011 praecellen-

140 2024 184 2054 tia
207 2024 394 2055 constituere
410 2036 416 2053 ε
435 2030 528 2065 atque
544 2024 587 2054 ita
603 2034 736 2054 asserere
753 2025 859 2055 horum
883 2035 940 2054 nos
956 2030 1095 2054 naturam
1113 2024 1301 2055 sufficienter
1326 2023 1610 2065 comprehendisse.

141 2089 158 2109 e
175 2079 297 2109 duobus
313 2078 438 2120 quidem
453 2078 614 2119 triangulis
630 2078 787 2114 isosceles,
803 2078 834 2108 id
851 2083 911 2116 est,
927 2078 982 2119 qui
997 2078 1137 2109 cruribus
1149 2083 1273 2109 constat
1287 2078 1470 2119 aequalibus,
1485 2077 1611 2108 unicam

142 2132 236 2163 habet
259 2139 398 2164 naturam
414 2145 420 2162 :
439 2133 491 2174 qui
507 2143 579 2164 vero
596 2133 692 2164 altera
711 2138 795 2173 parte
811 2138 858 2163 est
872 2133 1049 2174 oblongior‚
1065 2132 1212 2164 infinitas.
1237 2143 1322 2174 erg0,
1339 2133 1362 2163 si
1379 2138 1461 2163 recte
1477 2131 1613 2163 exordiri

142 2187 299 2227 volumus,
315 2187 505 2218 infinitorum
523 2197 647 2229 quoque
665 2187 900 2229 pulcherrimum
925 2187 1104 2228 praecligere
1128 2197 1188 2218 nos
1204 2192 1339 2228 oportet.
1358 2186 1433 2229 [54]
1453 2197 1486 2218 ac
1503 2187 1528 2217 si
1543 2186 1613 2228 quis

144 2242 348 2282 pulchriorem
363 2253 379 2273 a
390 2253 424 2273 se
440 2242 573 2274 electum
583 2243 622 2273 ad
631 2243 738 2273 horum
753 2228 1007 2273 constitutionem
1020 2242 1130 2273 afferre
1143 2242 1285 2278 voluerit,
1296 2241 1376 2283 ejus,
1390 2251 1452 2272 non
1464 2247 1610 2282 tanquam

144 2295 322 2333 adversarii,
339 2296 394 2327 sed
407 2302 556 2339 tanquam
571 2297 674 2333 amici,
690 2297 730 2327 sit
746 2297 899 2327 sententia
918 2297 1032 2338 potior.
1055 2307 1152 2328 unum
1174 2297 1290 2338 itaque,
1306 2296 1435 2338 reliquis
1452 2296 1611 2337 posthabi-

145 2349 196 2385 tis,
212 2349 436 2391 triangulorum
464 2352 628 2382 multorum
651 2351 894 2392 pulcherrimum
922 2352 1078 2392 ponimus,
1094 2362 1110 2380 a
1126 2361 1188 2392 quo
1211 2351 1372 2392 aequilater
1388 2349 1558 2390 triangulus
1577 2361 1613 2379 cx

146 2403 237 2433 tertio
254 2404 405 2434 constitit.
428 2405 507 2435 ratio
523 2416 606 2443 vero,
623 2416 678 2436 cur
692 2406 734 2436 ita
747 2406 799 2442 sit,
813 2405 963 2448 prolixior
989 2412 1081 2437 esset.
1107 2411 1139 2435 at
1154 2416 1235 2441 eum,
1253 2406 1308 2446 qui
1323 2404 1469 2445 diligenti
1483 2403 1614 2434 dicussi-

147 2467 207 2487 one
223 2457 267 2487 ita.
275 2467 343 2489 esse
358 2459 541 2499 comperiet,
558 2460 652 2491 dulce
669 2465 774 2491 manet
787 2460 923 2491 vietoriae
949 2461 1121 2501 praemium.
1168 2459 1330 2501 Propositi
1354 2469 1428 2490 sane
1444 2458 1537 2489 nobis
1552 2459 1614 2488 sint

147 2511 211 2541 duo
226 2522 243 2542 e
258 2512 364 2543 multis
377 2512 533 2554 trianguli,
550 2523 590 2544 ex
600 2514 714 2555 quibus
729 2515 810 2555 ignis
824 2521 1059 2556 ceterorumque
1071 2524 1200 2555 corpora
1216 2513 1393 2554 composita
1407 2518 1491 2543 sunt.
1504 2513 1614 2544 horum

148 2574 230 2595 unus
255 2564 405 2596 isosceles
417 2566 469 2602 sit,
494 2566 667 2607 aequalibus
691 2567 830 2599 cmribus
846 2573 992 2599 constans
1020 2568 1192 2609 triangulus
1208 2579 1214 2598 :
1232 2568 1309 2599 alter
1334 2578 1408 2598 vero
1423 2567 1463 2598 sit
1477 2567 1543 2604 ille,
1559 2567 1613 2608 qui

149 2618 273 2660 longius
295 2619 375 2650 latus
391 2612 513 2662 semper
534 2622 672 2653 breviore
687 2622 783 2654 latere
801 2623 940 2664 potentia
957 2623 1050 2664 triplo
1068 2622 1167 2663 majus
1191 2622 1294 2653 habet.
1331 2633 1448 2659 verum,
1465 2622 1551 2663 quod
1565 2633 1612 2653 se-

151 2671 214 2701 curi
226 2672 354 2703 nimium
369 2673 400 2703 in
416 2675 621 2716 superioribus
635 2675 779 2711 diximus,
794 2687 879 2707 nunc
893 2677 991 2717 magis
1007 2681 1054 2706 est
1065 2675 1333 2716 distinguendum.
1349 2675 1534 2706 videbantur
1545 2675 1615 2717 qui-

151 2725 223 2755 dem
250 2726 353 2764 nobis,
371 2737 471 2769 neque
494 2728 526 2759 id
542 2729 668 2770 quidem
694 2730 770 2761 satis
792 2737 888 2766 recte,
905 2731 1008 2761 munia
1034 2735 1166 2771 quatuor
1180 2740 1294 2771 genera
1309 2740 1346 2760 ex
1362 2740 1395 2761 se
1411 2730 1545 2762 invicem
1561 2740 1614 2770 ge-

151 2780 262 2811 nerari.
297 2782 438 2822 profecto
454 2789 587 2823 quatuor
603 2793 716 2824 genera
731 2795 768 2815 ex
785 2785 962 2827 triangulis,
977 2795 1056 2826 quos
1070 2785 1231 2826 elegimus,
1248 2790 1445 2825 generantur.
1469 2785 1527 2814 tria
1543 2783 1614 2824 qui-

154 2833 225 2863 dem
241 2844 277 2864 ex
292 2845 367 2872 uno,
382 2836 553 2878 inaequalia
567 2836 701 2868 habente
724 2837 822 2868 latera
838 2849 844 2867 :
861 2844 1003 2880 quartum
1019 2848 1091 2869 vero
1117 2839 1244 2869 unicum
1261 2849 1299 2869 ex
1315 2839 1469 2880 triangulo
1484 2837 1616 2868 isoscele

156 2888 362 2927 componitur.
384 2899 451 2920 non
465 2891 559 2931 igitur
576 2897 707 2933 possunt
721 2893 825 2923 onmia
838 2893 883 2924 ita
899 2893 929 2923 in
945 2903 976 2923 se
993 2893 1127 2923 invicem
1143 2894 1256 2924 resolvi
1271 2898 1303 2924 et
1318 2893 1511 2928 commutari,
1527 2896 1561 2921 ut
1578 2901 1616 2920 cx

158 2940 264 2970 multis
279 2943 381 2982 parvis
394 2953 494 2985 pauca
509 2945 661 2986 ingentia,
674 2947 724 2977 vel
741 2956 901 2983 converso,
916 2946 1098 2979 efficiantur,
1124 2947 1183 2977 tria
1197 2952 1279 2978 certe
1295 2953 1433 2988 possunt.
1449 2956 1519 2976 cum
1533 2943 1615 2976 euim
