1840 3225
249 251 296 287 74
851 244 1118 282 PLATONIS
1630 243 1725 297 [229

250 364 324 382 suos
339 353 503 382 defunctos
520 350 644 391 egregio
660 350 766 379 funere
783 349 954 384 decoravit,
971 348 1014 378 sie
1031 358 1048 377 a
1075 347 1145 377 tiliis
1172 347 1234 378 suis
1263 346 1407 388 praec¹arc
1435 351 1528 389 atque
1553 346 1719 388 magnifice

253 406 431 446 sepeliatur.
478 406 533 435 So.
561 405 638 444 llui,
655 403 719 438 hui,
737 413 755 433 o
772 402 903 443 Hippia,
917 412 1009 444 quarn
1030 401 1157 432 mirifice
1172 406 1204 431 et
1220 401 1419 438 excellenter,
1442 406 1475 432 et
1501 406 1535 432 ut
1560 406 1590 432 te
1616 401 1720 437 decet,

251 460 370 490 dixisti.
396 470 448 500 per
463 459 634 494 Junonem,
653 457 741 487 valde
759 464 787 487 te
804 466 886 493 amo,
903 457 977 497 quia
993 455 1068 486 mihi
1086 455 1198 486 videris
1213 465 1334 485 summa
1348 466 1419 486 cum
1437 454 1655 486 benevolentia
1665 464 1721 495 pro

252 514 367 543 viribus
384 513 535 544 auxiliari.
583 512 693 542 Virum
711 516 813 540 tamen
829 509 914 540 illum
933 511 1072 540 nondum
1088 509 1380 550 comprehendimus
1395 521 1402 539 ι
1429 510 1482 540 sed
1497 519 1581 540 nunc
1592 508 1721 539 effusius

253 578 321 606 uos,
338 566 412 596 mihi
428 567 532 604 crede,
547 565 673 596 ridebit.
720 565 802 595 Hrt‘.
824 564 852 594 O
871 563 1011 604 ineptum
1038 563 1152 594 risum!
1179 574 1248 594 cum
1274 563 1357 594 enim
1386 563 1462 593 nihil
1489 563 1635 593 adversus
1660 562 1720 592 ista

254 620 389 661 proferre
416 620 528 656 valeat,
553 619 654 650 rideat
681 626 797 658 autem,
822 629 854 648 se
881 617 983 658 ipsum
1011 617 1135 658 ridebit,
1160 616 1258 659 [292]
1285 616 1553 658 praesentibusque
1577 615 1722 647 omnibus

252 675 320 714 ipse
337 674 471 705 ludibrio
488 674 555 705 erit.
601 673 657 704 So.
681 672 773 702 Forte
788 672 831 702 sic
847 682 879 702 se
895 682 941 702 res
958 672 1062 702 habet.
1087 671 1165 702 forte
1190 671 1282 701 etiam
1310 681 1348 702 ex
1374 671 1432 702 hac
1458 669 1672 711 responsione,
1688 673 1723 698 ut

252 739 312 769 ego
331 728 492 763 vaticinor,
508 738 571 757 non
589 727 687 757 solum
715 726 846 756 illudere
865 736 913 755 me
939 725 1078 756 audebit.
1123 725 1204 756 Hie.
1228 724 1314 762 Quid
1342 725 1444 755 ultra?
1489 725 1545 755 So.
1569 723 1602 754 Si
1626 723 1721 754 bacu-

253 782 316 811 lmu
337 782 491 818 hahuerit,
507 791 609 822 neque
635 792 694 821 ego
721 780 824 810 statim
852 780 971 819 fugero,
987 779 1106 810 caedere
1136 790 1184 810 me
1209 778 1383 810 conabitur.
1429 777 1511 809 ΗΙΡ.
1535 777 1623 814 Quid
1649 776 1720 807 ais?

251 845 291 865 an
309 840 380 865 tuus
397 835 448 865 ille
464 835 632 865 domiuus?
657 834 682 863 si
701 833 755 863 tibi
771 832 936 873 injuriatus
962 832 1065 868 fuerit,
1083 843 1145 863 non
1162 833 1249 863 dabit
1267 833 1398 873 poenas?
1423 842 1463 862 an
1477 831 1597 873 injusta
1620 835 1720 860 vestra

250 888 371 923 civitas,
399 888 582 929 caedereque
609 898 642 918 se
669 891 776 917 mutuo
803 886 887 917 cives
917 886 1090 926 permittit?
1136 887 1193 917 So.
1217 886 1316 916 Nullo
1346 886 1451 918 modo.
1496 885 1578 918 Hu’.
1601 884 1718 915 Nonne

248 942 343 982 igitur
361 943 519 983 punietur,
535 942 561 972 si
579 947 608 972 te
623 941 739 981 injuste
758 940 964 981 percusserit?
1009 941 1064 971 So.
1088 940 1163 970 Non
1193 941 1309 982 injuste
1339 941 1478 982 quidem,
1495 950 1514 970 o
1543 939 1676 980 Hippia,
1695 938 1721 968 si

250 995 324 1025 talia
341 996 571 1037 responderem,
587 996 641 1025 sed
656 994 727 1035 jure
743 994 818 1024 mihi
832 994 966 1026 videtur.
1010 994 1092 1026 Hie.
1118 994 1200 1024 Mihi
1225 1005 1363 1036 quoque,
1378 993 1505 1036 quando
1532 993 1659 1034 quidem
1688 997 1721 1022 et

252 1054 283 1079 tu
299 1051 365 1080 haec
379 1055 479 1090 putas.
504 1050 560 1080 So.
579 1048 634 1078 Vis
648 1048 703 1077 tibi
717 1047 831 1084 dicam,
847 1057 938 1087 quam
953 1048 993 1077 ob
1007 1057 1130 1078 causam
1145 1058 1194 1077 me
1205 1048 1279 1079 talia
1289 1048 1531 1089 respondentem
1543 1046 1720 1078 verberibus

250 1104 381 1144 dignum
401 1103 532 1143 putem?
556 1101 609 1132 An
626 1107 659 1131 tu
676 1112 724 1131 me
741 1101 823 1141 prius
839 1100 1068 1142 quatiijiitlices
1095 1102 1280 1142 verberabis,
1297 1102 1344 1133 vel
1370 1102 1521 1132 rationem
1547 1100 1717 1131 admittes?

253 1157 334 1187 thr.
358 1156 460 1187 Grave
479 1157 537 1187 hec
553 1161 645 1192 esset,
661 1166 679 1185 o
693 1155 846 1191 Socrates,
863 1155 889 1185 si
906 1166 968 1186 nou
986 1155 1194 1187 admitterem.
1218 1156 1273 1186 sed
1289 1166 1351 1197 qua
1366 1155 1486 1186 ratione
1500 1155 1532 1185 id
1548 1154 1615 1185 ais?
1660 1154 1716 1185 So.

255 1210 364 1241 Dicam
383 1210 492 1241 eodem
511 1210 616 1246 modo,
631 1220 695 1251 quo
712 1214 743 1240 et
760 1209 854 1250 paulo
872 1214 958 1249 aute,
975 1209 1112 1240 imitatus
1128 1210 1227 1246 illum,
1244 1221 1283 1241 ne
1299 1220 1402 1240 coram
1431 1214 1462 1240 te
1486 1209 1590 1246 verba,
1606 1208 1720 1250 quibus

250 1263 304 1294 ille
321 1274 440 1294 mecum
458 1264 564 1299 utitur,
580 1262 745 1304 proferam,
759 1263 836 1292 dura.
852 1262 980 1292 nimium
996 1267 1028 1293 et
1043 1263 1187 1294 absurda.
1233 1262 1316 1293 Nam
1333 1263 1378 1294 sic
1409 1273 1457 1293 me
1485 1262 1594 1303 procul
1620 1261 1717 1292 dubio

251 1317 447 1358 alloquetur:
475 1316 538 1347 Dic
554 1327 624 1357 age,
641 1327 659 1346 o
676 1316 832 1354 Socrates,
847 1315 962 1356 injuste
979 1315 1058 1346 caedi
1074 1315 1160 1345 illum
1177 1326 1298 1352 censes,
1316 1316 1370 1357 qui
1393 1316 1624 1358 dithyrambum
1650 1321 1720 1345 tan-

251 1376 315 1400 tum
333 1370 521 1402 inconcinne
538 1370 752 1411 pronuntianS,
771 1374 831 1400 tarn
849 1370 954 1410 procul
971 1380 989 1399 a
1006 1371 1165 1411 proposita
1192 1371 1363 1410 quaestione
1389 1371 1524 1401 abierit?
1571 1371 1618 1400 At
1642 1380 1715 1410 ego,

251 1424 397 1461 Quonam
415 1425 531 1465 pacto?
558 1424 766 1465 interrogabo.
811 1423 891 1454 Tum
908 1423 960 1454 ille
975 1436 982 1453 ε
1009 1423 1094 1460 Quia
1110 1423 1224 1454 oblitus
1241 1435 1284 1460 es,
1302 1424 1468 1466 quaesitum
1493 1423 1588 1454 fuisse
1614 1423 1716 1464 ipsum

252 1478 428 1518 pulchrum,
445 1478 530 1518 quod
558 1477 674 1513 omnia,
693 1477 932 1518 quibuscunque
959 1475 1053 1513 inest,
1070 1477 1199 1517 pulchra
1226 1478 1331 1514 efficit,
1348 1478 1496 1519 lapidem,
1513 1477 1644 1519 lignum,
1660 1477 1716 1507 ho-

254 1533 378 1567 miuem,
396 1531 513 1568 Deum,
529 1531 685 1562 actionem
702 1530 838 1571 denique
866 1540 989 1560 omnem
1015 1534 1047 1560 et
1075 1530 1285 1571 disciplinam.
1310 1533 1369 1562 boc
1396 1532 1511 1573 ipsum,
1527 1542 1546 1561 o
1572 1531 1628 1571 vir,
1646 1529 1717 1572 pul-

247 1587 354 1616 chrum
371 1585 445 1627 quid
462 1590 518 1621 est,
535 1584 691 1626 perquiro.
710 1589 742 1614 tu
760 1594 830 1614 vero
846 1593 909 1613 non
928 1583 1023 1624 magis
1039 1583 1154 1614 audisti
1172 1595 1232 1625 me,
1248 1596 1342 1626 quam
1358 1585 1383 1616 si
1399 1585 1478 1626 lapis
1499 1595 1601 1616 coram
1627 1595 1711 1615 asse-

248 1639 357 1676 (usses,
374 1644 406 1670 et
421 1638 544 1669 molaris
560 1638 699 1680 quidem,
716 1648 774 1668 nec
788 1647 875 1667 aures
892 1647 994 1677 neque
1010 1638 1168 1668 cerebrum
1185 1638 1315 1670 habens.
1352 1639 1456 1676 ,Quod
1473 1638 1499 1668 si
1515 1649 1576 1680 ego
1598 1643 1715 1679 perter⁴

248 1694 322 1723 ritus
338 1694 378 1723 ad
394 1694 459 1724 haec
476 1693 520 1724 ita
534 1693 754 1734 respondeam,
771 1702 843 1722 num
861 1691 993 1733 graviter
1017 1691 1108 1726 feres,
1125 1691 1247 1733 Hippia
1265 1693 1275 1722 ?
1319 1692 1402 1724 Hn’.
1427 1693 1572 1730 Quonam
1595 1691 1713 1722 modo?

251 1748 309 1778 So.
333 1747 396 1783 Sic,
412 1747 552 1789 inquam.
598 1746 670 1778 IIoc
689 1752 790 1776 tamen
809 1745 943 1786 Hippias
961 1744 1122 1785 pulchrum
1138 1756 1205 1775 esse
1233 1745 1333 1776 dixit:
1359 1746 1501 1788 quamvis
1526 1756 1585 1786 ego
1612 1745 1714 1780 illum,

252 1807 285 1830 ut
302 1806 334 1831 tu
353 1791 399 1832 nie
416 1811 511 1837 nuuc,
529 1801 774 1840 interrogassem,
791 1799 876 1840 quod
894 1798 1037 1829 omnibus
1055 1798 1216 1839 pulchrum
1240 1810 1423 1841 semperque
1449 1798 1580 1831 exsistit.
1627 1798 1714 1836 Quid

249 1855 319 1885 ais?
343 1865 383 1885 an
408 1855 537 1885 moleste
562 1855 654 1893 feres,
669 1854 693 1884 si
722 1854 788 1884 haec
814 1853 944 1883 dixero?
990 1852 1073 1884 ΗΠ».
1099 1852 1193 1884 Certo
1218 1854 1294 1890 scio,
1310 1866 1329 1884 o
1355 1854 1508 1890 Socrates,
1525 1853 1611 1894 quod
1636 1851 1715 1892 dixi,

250 1909 394 1939 munibus
409 1920 475 1940 esse
493 1908 667 1949 pulchrum,
684 1913 716 1938 ct
730 1907 775 1938 ita
792 1907 958 1937 videbitur.
1001 1907 1055 1938 So.
1082 1906 1136 1937 An
1152 1913 1184 1938 et
1199 1908 1282 1938 erit?
1308 1907 1393 1938 dicct
1407 1907 1469 1938 ille.
1494 1917 1615 1947 semper
1629 1906 1712 1937 enim

252 1962 437 2003 pulchrum?
483 1962 565 1993 1119.
591 1962 742 1992 Omnino.
788 1962 844 1992 So.
868 1961 983 1992 Nonne
999 1966 1030 1991 et
1046 1961 1132 1992 erat?
1156 1961 1369 2003 interrogabit.
1394 1961 1476 1992 1111‘.
1499 1961 1540 1992 Et
1551 1966 1627 1992 erat.
1656 1960 1714 1991 So.

250 2016 463 2048 Adhuccine:
482 2016 524 2046 Et
535 2016 678 2056 nunquid
693 2015 826 2045 Eliensis
840 2016 952 2056 hospes
966 2015 1068 2056 inquit
1082 2015 1196 2046 Achilli
1208 2016 1369 2057 pulchrum
1385 2026 1463 2052 esse,
1478 2019 1548 2056 post
1560 2014 1714 2056 genitores

250 2082 321 2101 suos
336 2075 453 2101 natura:
468 2070 665 2101 concedere?
687 2077 719 2100 et
735 2079 791 2099 avo
806 2068 889 2099 illius
908 2069 1020 2105 Aiaco,
1039 2069 1180 2110 aliisque,
1196 2070 1375 2112 quicunque
1391 2081 1427 2101 ex
1445 2069 1517 2100 Diis
1539 2069 1604 2100 nati
1629 2073 1713 2103 sunt,

251 2126 348 2166 [293]
374 2130 405 2155 et
420 2124 495 2165 ipsis
511 2124 646 2164 denique
665 2123 759 2153 Diis?
805 2123 888 2153 1111‘.
913 2123 999 2159 Quid
1017 2124 1100 2153 hoc?
1148 2124 1308 2163 Macmiae,
1324 2123 1468 2155 Herculis
1494 2123 1577 2160 filim,
1593 2123 1633 2153 ad
1659 2133 1712 2153 ex-

251 2179 399 2220 piandum
415 2179 515 2209 scelus
531 2188 617 2208 sacra
632 2178 738 2208 facito.
765 2177 900 2218 profanae
915 2177 997 2207 enim
1015 2183 1098 2214 sunt,
1114 2188 1132 2207 o
1149 2178 1304 2216 Socrates,
1322 2176 1500 2219 hujusmodi
1512 2176 1714 2218 quaestiones.

247 2234 302 2264 So.
327 2233 414 2270 Quid
432 2233 524 2263 vero?
554 2237 757 2273 percontante
772 2232 834 2262 alio
852 2233 916 2262 haec
932 2241 1065 2262 asserere
1091 2241 1154 2261 non
1182 2231 1272 2262 valde
1295 2231 1483 2272 profanum?
1530 2230 1613 2262 ltu».
1638 2229 1710 2260 For-

249 2288 339 2318 sitan.
386 2287 442 2317 So.
466 2286 557 2317 Forte
575 2286 666 2327 igitur
683 2291 714 2315 tu
732 2286 757 2316 is
774 2296 819 2325 es,
836 2285 889 2316 ille
906 2286 1002 2321 dicct,
1016 2285 1069 2326 qui
1094 2285 1223 2316 cuilibet
1249 2296 1285 2315 ac
1309 2295 1432 2326 semper
1457 2284 1620 2325 pulchrum
1645 2294 1712 2314 esse

248 2342 338 2376 dicis,
355 2353 373 2371 a
400 2340 470 2370 tiliis
496 2340 603 2370 funere
629 2340 784 2375 honorari,
803 2339 981 2380 parentibus
1011 2344 1181 2380 parentare.
1228 2339 1280 2369 An
1309 2350 1372 2368 non
1398 2349 1435 2369 ex
1461 2338 1606 2369 omuibus
1632 2348 1712 2368 unus

252 2395 400 2426 llercules
416 2399 492 2430 erat,
507 2393 635 2434 aliique,
651 2404 729 2434 quos
746 2399 838 2423 antea
864 2393 1121 2423 memoravimus?
1167 2393 1248 2424 ΗΠ».
1275 2393 1318 2423 At
1342 2403 1414 2423 vero
1438 2403 1501 2422 nou
1528 2391 1601 2422 Diis
1625 2391 1711 2422 dice-

250 2449 330 2479 bam.
377 2449 434 2480 So.
459 2447 528 2478 Nec
544 2447 688 2477 heroibus
707 2447 812 2482 etiam,
829 2451 863 2476 ut
880 2446 1001 2476 videris.
1047 2446 1129 2476 Hir.
1154 2446 1228 2477 Non
1254 2451 1348 2482 certe,
1363 2446 1544 2487 quicunque
1569 2444 1710 2476 Deorum

249 2502 452 2532 tiliisuerunt.
497 2501 552 2532 So.
577 2500 644 2530 Illis
670 2511 753 2536 vero,
770 2499 825 2541 qui
852 2510 916 2530 non
942 2499 1106 2530 Deorum?
1153 2500 1233 2530 Ilrr‘.
1259 2500 1319 2530 llis
1344 2499 1431 2540 ipsis.
1475 2499 1531 2530 So.
1554 2498 1636 2540 Ergo
1661 2509 1711 2530 se-

247 2555 383 2586 cundum
399 2565 570 2585 sermonem
589 2559 674 2584 tuum
697 2564 733 2584 ex
763 2554 888 2584 heroum
915 2563 1042 2583 numero
1066 2553 1200 2583 Tantalo
1226 2552 1353 2594 quidem
1378 2556 1411 2581 et
1436 2551 1589 2582 Dardano
1615 2555 1711 2591 atquc

248 2608 343 2638 Zetho
361 2618 463 2648 grave,
481 2608 643 2648 profanum
671 2612 702 2638 ct
728 2613 817 2648 turpe
842 2611 912 2637 est:
938 2606 1049 2647 Pelopi
1078 2617 1149 2637 voro
1176 2606 1307 2647 aliisque
1333 2605 1473 2636 similiter
1497 2604 1610 2644 genitis
1638 2604 1708 2645 pul-

248 2662 366 2691 chrum.
414 2660 494 2690 1111‘.
519 2660 568 2690 ha
587 2661 658 2690 mihi
690 2660 821 2691 videtur.
868 2660 924 2690 So.
950 2659 1002 2689 Ad
1031 2660 1096 2689 ha=c
1122 2660 1194 2689 ille:
1218 2658 1290 2689 Tibi
1315 2669 1388 2700 ergo
1415 2657 1648 2698 videtur,quod
1676 2658 1709 2688 iu

245 2713 452 2754 superioribus
470 2724 531 2743 nou
548 2714 686 2749 ‹tic-etms,
703 2714 833 2755 sepelire
849 2719 1003 2754 parentes,
1020 2723 1037 2742 a
1064 2713 1133 2743 filiis
1157 2713 1293 2754 sepeliri,
1310 2712 1499 2753 quaudoque
1524 2717 1557 2742 et.
1578 2711 1707 2752 quibus-

246 2769 316 2798 dam
335 2773 423 2807 turpe
439 2766 621 2807 contingere
637 2779 645 2804 ;
669 2768 760 2797 inuno
779 2767 968 2808 impossibile
985 2777 1063 2801 esse,
1081 2768 1139 2798 hoe
1156 2767 1299 2797 omnibus
1311 2776 1376 2796 csse
1391 2765 1564 2805 pulchrum.
1587 2765 1706 2800 Quam-

245 2822 348 2851 obrem
366 2820 503 2850 similiter
520 2820 577 2850 hoc
595 2827 686 2860 atque
703 2821 859 2861 superiora
876 2821 938 2857 illa,
955 2820 1073 2851 scilicet
1090 2820 1173 2861 virgo
1190 2825 1220 2850 et
1237 2820 1311 2860 olla,
1327 2819 1474 2850 allicitur:
1500 2824 1594 2858 atque
1609 2817 1702 2847 etiam

245 2874 373 2904 ridicule
390 2874 497 2914 magis,
514 2873 582 2902 aliis
601 2873 759 2913 pulchrum
778 2881 835 2911 est,
853 2875 919 2904 aliis
949 2875 1084 2904 minime.
1126 2874 1281 2910 Qttocirea
1308 2873 1351 2903 sic
1382 2883 1429 2902 me
1457 2871 1509 2901 ille
1537 2871 1701 2911 corripiel:

245 2927 394 2958 Nondum
411 2926 503 2958 hodic
520 2932 619 2968 putes,
633 2939 650 2958 υ
669 2928 820 2965 suunt-2,
837 2928 912 2970 quial
930 2929 1043 2970 ipsum,
1058 2929 1096 2960 de
1111 2939 1173 2971 quo
1190 2928 1346 2970 quaeritur,
1365 2926 1526 2968 pulchrum
1539 2924 1590 2966 sit,
1601 2923 1703 2966 expri-
