1840 3225
129 247 226 298 249]
670 244 1025 284 MENEXENUS.
1551 245 1599 281 (37

129 350 176 381 illi
202 351 409 381 mandarunt:
433 360 492 392 ego
522 359 605 386 vero,
634 353 785 390 quantum
817 358 957 389 possum,
996 346 1233 387 diligentissime
1271 356 1395 382 menen,
1431 355 1600 387 corumque

131 404 258 435 nomine
276 405 415 441 obsecro,
428 403 570 445 juniores
585 402 724 443 quidem,
753 407 787 431 ut
803 401 964 442 praeclaras
980 411 1103 431 suorum
1123 411 1168 431 res
1191 401 1370 438 imitentur;
1394 400 1529 431 seniores
1547 411 1602 430 au-

135 463 210 494 tem,
239 463 273 488 ut
298 459 338 489 de
363 468 395 489 se
418 457 535 498 optime
562 461 699 497 sperent.
724 466 837 496 nempe
864 460 1057 485 senectutem
1090 460 1219 485 vestram
1247 454 1389 495 privatim
1415 454 1602 495 publiceque

135 511 264 548 alemus,
281 517 314 543 et
336 521 555 552 quemcunque
579 521 615 541 ex
645 510 765 540 illorum
792 509 940 550 progenie
967 508 1051 538 nacti
1074 508 1233 544 fuerimus,
1250 519 1369 538 summa
1385 507 1603 538 benevolentia

134 566 389 607 complectemur.
436 565 580 596 Civitatis
609 575 678 595 vero
703 564 929 604 providentiam
959 563 1017 603 ipsi
1047 562 1172 592 minime
1190 562 1347 602 ignoratis,
1379 572 1449 603 quae
1478 562 1604 592 statutis

136 619 257 660 legibus
275 624 416 660 parentes
433 624 465 649 et
481 618 560 648 lilios
577 628 695 654 eorum,
712 617 813 658 quiin
833 617 914 647 bello
930 616 1085 653 interiere,
1112 615 1208 658 [249]
1235 622 1363 654 tutatur,
1384 621 1415 646 et
1431 620 1503 646 ante
1526 615 1604 646 alios

135 674 219 704 cives
235 684 354 704 summo
381 672 571 713 magistratui
590 672 696 702 talium
721 670 889 702 committit
904 680 1020 707 curam,
1034 681 1074 701 ne
1099 670 1162 700 ulla
1178 680 1304 711 prorsus
1328 670 1443 711 injuria
1461 674 1604 710 parentes

135 727 244 757 horum
260 726 444 757 afficiantur.
490 726 588 756 Filios
613 730 716 756 autem
733 725 847 756 educat
864 725 946 765 ipsa,
964 725 1144 766 studetque,
1162 729 1196 754 ut
1211 723 1271 754 illis
1290 723 1399 764 ignota
1415 724 1454 753 sit
1477 723 1604 755 orbitas.

136 790 208 810 nam
235 780 302 821 ipsa
319 780 454 822 parentis
483 780 561 819 gerit
577 779 686 816 vicem,
711 787 743 810 et
766 780 839 809 dum
866 779 956 820 pueri
979 784 1072 809 sunt:
1098 784 1131 809 et
1153 789 1223 809 curn
1248 778 1288 808 ad
1314 782 1462 808 maturam
1479 782 1601 808 aetatem

138 839 300 868 venerunt,
317 835 355 864 ad
373 834 475 864 officia
491 844 545 864 sua
563 833 754 869 transmittit,
778 833 863 864 omni
887 838 1039 863 armatura
1054 832 1155 868 fulcit,
1172 831 1270 873 patris
1293 831 1397 862 studia
1412 831 1550 862 ostendit
1572 836 1606 862 et

135 893 295 924 memorat,
311 888 385 918 dum
402 893 541 928 paternae
558 887 680 918 virtutis
703 887 813 918 tribuit
836 888 1040 918 instrumenta
1055 898 1062 918 :
1088 897 1124 918 ac
1141 886 1231 917 simul
1254 885 1388 927 auspicii
1405 885 1608 927 gratiajubet

135 946 211 971 tunc
227 941 358 982 primum
376 941 502 972 domum
521 945 680 982 paternam
698 940 817 982 ingredi
841 941 952 980 filium,
969 940 1057 981 quasi
1070 941 1291 981 imperaturum
1315 945 1347 970 et
1362 940 1452 970 armis
1469 950 1539 971 cum
1556 950 1605 970 ro-

135 995 210 1026 bore
224 995 368 1026 sulctum.
414 994 476 1026 Eos
494 1000 656 1037 praeterea,
672 995 725 1036 qui
743 995 946 1026 decesserunt
968 1005 986 1025 e
1002 994 1078 1030 vita,
1094 995 1236 1030 honorat,
1253 993 1455 1026 caeremonias
1471 998 1605 1035 quotan-

136 1049 186 1079 nis
212 1049 281 1090 lege
305 1050 445 1080 decretas
468 1049 675 1079 communiter
697 1049 818 1080 cunctis
841 1049 1025 1086 instaurans,
1041 1059 1111 1090 quae
1135 1048 1277 1090 privatim
1294 1048 1464 1089 unicuique
1481 1047 1606 1089 proprie

135 1103 243 1145 peragi
258 1103 372 1134 solent.
418 1102 578 1145 Gymnica
602 1103 677 1134 item
700 1104 869 1134 certamina
891 1103 1110 1145 equestriaque
1133 1103 1280 1144 instituit,
1302 1103 1490 1143 musicaeque
1514 1102 1606 1132 ludos

137 1157 237 1188 varios
252 1157 392 1189 adhibet.
437 1156 487 1188 Ac
504 1157 657 1199 prosect0,
674 1158 779 1199 quoad
805 1157 972 1188 defunctos
995 1161 1128 1198 spectat,
1151 1156 1273 1187 heredis
1295 1161 1327 1187 et
1350 1156 1406 1187 filii
1421 1156 1506 1187 subit
1528 1165 1604 1187 con-

136 1211 311 1242 ditionem:
338 1212 442 1252 quoad
466 1211 560 1251 filios,
585 1212 700 1253 patris:
726 1213 829 1254 quoad
855 1217 1000 1253 parentes
1023 1217 1204 1253 ceterosque
1220 1210 1414 1252 hujusmodi,
1431 1210 1602 1241 curatoris:

137 1265 221 1296 omni
238 1265 402 1306 diligentia
416 1275 537 1306 semper
563 1266 705 1296 omnibus
722 1265 902 1306 providens.
946 1266 1086 1302 Quarum
1109 1276 1207 1296 rerum
1231 1264 1510 1302 animadversione,
1534 1274 1606 1306 quae

135 1320 327 1355 acciderunt,
343 1329 433 1360 aequo
450 1319 554 1349 animo
570 1319 647 1350 ferre
663 1319 797 1351 debetis.
821 1329 892 1350 nam
909 1320 969 1350 hoc
985 1325 1080 1360 pacto
1096 1324 1128 1349 et
1142 1319 1270 1349 mortuis
1285 1324 1317 1349 et
1331 1318 1508 1349 viventibus
1520 1318 1606 1348 eritis

136 1373 298 1415 gratioreS‚
314 1373 470 1414 facileque
485 1373 645 1410 curabitis,
662 1378 693 1404 et
708 1374 800 1404 facile
815 1374 1010 1405 curabimini.
1034 1373 1130 1404 Nune
1147 1383 1219 1403 vero
1235 1383 1303 1413 vos,
1320 1383 1356 1404 ac
1372 1373 1467 1404 ceteri
1483 1382 1603 1412 omneS‚

137 1428 192 1469 qui
208 1427 413 1459 communiter
429 1428 601 1458 secundum
618 1428 717 1468 legem
741 1438 808 1468 eos,
825 1428 879 1469 qui
895 1433 1012 1458 naturae
1036 1426 1281 1468 cesserunt,jam
1299 1426 1481 1467 lugubribus
1496 1426 1607 1467 expia-

135 1482 275 1513 tionibus
299 1482 455 1523 prosecuti
479 1482 565 1518 estis,
589 1482 684 1513 abite.
728 1482 791 1513 Hic
817 1487 875 1518 est,
901 1492 919 1512 ο
948 1482 1139 1517 Menexenc,
1171 1481 1315 1522 Aspasiae
1342 1481 1477 1511 Milesiae
1494 1491 1607 1514 sermo.

137 1536 235 1567 Mun.
259 1536 319 1567 Per
332 1536 456 1573 Jovem,
471 1547 489 1566 o
506 1537 660 1572 Socrates,
676 1537 798 1567 beatam
810 1536 889 1567 dicis
900 1535 1078 1578 Aspasiam,
1091 1536 1128 1573 si,
1141 1547 1211 1566 cum
1228 1535 1336 1566 mulier
1346 1535 1399 1576 sit,
1413 1535 1489 1566 tales
1502 1540 1608 1576 potest

137 1590 294 1621 orationes
309 1600 507 1631 componere.
529 1591 584 1622 So.
611 1590 664 1627 At,
681 1591 707 1622 si
722 1591 824 1622 minus
839 1591 950 1628 credis,
967 1601 1095 1632 sequere
1111 1602 1160 1622 me
1175 1603 1181 1621 :
1201 1591 1357 1622 dicentem
1375 1590 1473 1631 ipsam
1486 1590 1606 1622 audies,

136 1644 236 1675 ΝΙΕΝ.
258 1644 479 1686 Saepenumero
495 1655 566 1675 cum
583 1644 720 1685 Aspasia
736 1645 793 1681 sui,
815 1645 970 1686 Socrates,
985 1650 1017 1675 et
1040 1645 1141 1686 qualis
1156 1644 1207 1680 sit,
1223 1644 1309 1676 novi.
1355 1644 1411 1677 So.
1437 1643 1501 1674 Cur
1515 1644 1609 1685 igitur

137 1709 206 1729 cam
231 1708 295 1728 non
325 1699 499 1729 veneraris?
523 1709 577 1729 cur
601 1710 664 1729 non
692 1700 787 1730 habes
813 1703 940 1741 propter
961 1699 1042 1730 hanc
1057 1699 1228 1730 orationem
1244 1698 1288 1728 illi
1305 1698 1458 1739 gratiam?
1505 1699 1604 1731 ΜΕΝ.

138 1751 304 1792 Ingentem
329 1752 487 1792 equidem,
505 1763 522 1782 o
539 1752 694 1789 Socrates,
710 1753 811 1785 habeo
829 1754 956 1795 gratiam
981 1753 1101 1784 mulieri
1119 1753 1203 1789 huic,
1220 1763 1274 1784 seu
1291 1753 1366 1789 viro,
1384 1752 1524 1794 quisquis
1548 1752 1606 1783 tibi

137 1804 308 1836 orationem
323 1805 403 1836 hanc
421 1805 549 1837 tradidit
563 1818 569 1836 :
594 1817 630 1838 ac
647 1817 710 1847 prae
725 1808 836 1839 ceteris
851 1808 957 1838 multis
973 1808 1108 1838 narranti
1132 1807 1261 1848 gratiam
1278 1807 1389 1839 habeo.
1434 1807 1491 1838 So.
1516 1807 1604 1838 Bene

138 1859 276 1901 quidem.
300 1858 362 1890 Sed
380 1870 419 1890 ne
435 1870 483 1890 me
501 1861 625 1900 prodas,
641 1866 675 1891 ut
691 1861 840 1903 deinceps
857 1863 969 1892 multas
984 1861 1052 1902 ejus
1069 1861 1293 1902 praeclarasque
1308 1861 1348 1891 de
1358 1860 1502 1892 civilibus
1514 1861 1605 1891 rebus

138 1913 294 1943 orationes
321 1913 379 1944 tibi
401 1924 591 1949 recenseam.
637 1915 734 1948 ΜΕΝ.
761 1916 907 1948 Confido.
930 1926 992 1946 non
1012 1917 1153 1958 prodam.
1177 1915 1288 1946 referas
1304 1915 1411 1947 modo.
1456 1915 1510 1946 So.
1535 1915 1607 1946 Fiet

139 1970 175 1997 ut
190 1967 342 2008 postulaS.
