1840 3225
127 241 218 288 119]
658 238 980 278 ALCIBIADES*
1016 240 1042 276 l.
1535 239 1586 274 49

122 343 317 384 gubernatori
329 344 516 379 concedens,
533 343 669 384 quietem
688 342 818 383 ageres?
867 342 930 372 Ar..
957 340 1176 371 Gubernatori.
1223 340 1279 371 So.
1305 338 1377 369 Non
1397 339 1488 380 igitur
1505 349 1583 370 erras

121 397 152 427 in
172 397 208 427 iis
225 407 296 438 quae
312 397 425 438 nescis,
443 397 467 428 si
483 396 601 427 nescire
619 402 650 426 te
677 395 810 426 noveris.
857 394 922 425 AL.
946 394 1019 424 Non
1037 394 1169 424 videtur.
1215 394 1270 425 So.
1295 392 1405 424 Cernis
1420 403 1534 423 errores
1550 393 1584 423 in

121 450 296 482 actionibus
319 461 386 482 esse
409 451 449 481 ob
472 451 552 481 hanc
575 449 791 491 ignorantiam,
807 448 891 488 quod
915 447 968 488 qui
993 447 1104 488 nescit,
1119 447 1194 478 scire
1215 457 1246 477 se
1265 447 1378 487 putat?
1423 446 1485 477 AL.
1510 447 1583 484 Quo

123 511 215 546 pacto
238 505 269 536 id
293 505 362 536 ais?
407 504 462 536 So.
483 505 573 535 Tunc
599 513 690 544 agere
716 501 924 543 aggredimur,
951 511 1021 532 cum
1048 511 1138 531 nosse
1167 506 1322 541 putamus,
1339 501 1424 543 quod
1451 500 1583 541 agimuS.

123 559 187 590 AL.
210 559 260 589 Ita
282 563 338 589 est.
383 558 437 589 So.
464 557 586 595 Quodsi
613 556 667 597 qui
691 555 874 596 ignorantiae
897 565 959 585 suae
982 554 1102 585 conscii
1126 560 1210 595 sunt,
1233 554 1300 584 aliis
1324 565 1356 585 se
1371 554 1581 585 committunt.

124 612 189 644 AL.
215 612 360 650 Quidni?
405 613 461 643 So.
483 612 683 652 Quapropter
707 609 758 640 isti
781 620 818 640 ex
844 609 1058 650 ignorantibus
1086 609 1143 640 soli
1171 609 1237 640 sine
1252 609 1346 650 culpa
1363 608 1455 639 vitam
1472 612 1582 650 agunt,

120 675 156 695 ex
172 675 210 696 eo
224 665 308 706 quod
326 664 454 696 aliorum
471 675 552 696 curae
565 675 596 695 se
613 664 758 696 credunt.
805 662 868 693 AL.
891 662 1051 694 Profecto.
1096 661 1152 693 So.
1175 662 1311 698 Quinam
1337 662 1494 703 peccant?
1517 672 1582 692 non

120 718 202 748 enim
219 719 363 749 scientes.
408 718 474 750 AL.
499 718 573 749 Non
585 723 678 749 certe.
724 717 780 748 So.
803 716 974 757 Postquam
1002 726 1103 757 neque
1120 716 1253 748 scientes
1269 726 1371 758 neque
1384 727 1420 747 ex
1436 717 1581 757 ignoran-

119 772 202 803 tibus
213 772 248 809 ii,
265 772 319 813 qui
333 772 516 813 ignorantiae
531 782 594 802 suae
609 771 727 802 conscii
743 776 825 807 sunt,
843 775 943 801 errant
959 782 965 800 :
992 771 1118 811 quinam
1136 769 1187 800 alii
1203 775 1318 801 restant
1330 780 1422 811 quam
1435 770 1467 806 ii,
1485 769 1581 811 [118]

118 825 171 867 qui
188 836 259 857 curn
275 826 425 861 nesciant,
441 826 518 857 scire
534 836 566 856 se
585 825 719 866 putant?
765 824 828 855 AL.
853 824 928 855 Non
942 824 1007 865 alii,
1023 824 1077 855 sed
1093 824 1155 856 isti.
1201 823 1257 855 So.
1282 823 1362 854 Haec
1383 823 1476 864 igitur
1491 823 1579 864 igno-

118 880 218 910 rantia
234 879 382 910 malorum
398 890 491 911 causa
507 885 555 910 est
582 886 612 910 et
629 879 834 920 vituperanda
861 878 993 910 inscitia.
1038 879 1101 910 ΑΙ..
1126 877 1263 919 Nempe.
1309 876 1364 909 So.
1387 877 1430 907 Et
1452 877 1579 918 quando

117 933 198 965 circa
224 934 355 964 maxima
380 939 438 970 est,
469 939 543 965 tunc
570 934 733 964 deterrima
765 939 859 974 atque
891 932 1080 973 turpissima.
1127 932 1191 964 Ar..
1216 931 1367 963 Maxime.
1413 931 1471 962 So.
1493 930 1579 961 Num

116 987 210 1018 habes
237 987 403 1029 quicquam
436 987 534 1028 majus
563 997 655 1028 quam
682 987 814 1028 justum,
845 987 974 1028 bonum,
1005 986 1104 1017 utile?
1151 986 1217 1017 Ar..
1259 985 1478 1028 Nequaquam.
1525 984 1580 1016 So.

117 1040 233 1072 Nonne
248 1042 328 1072 circa
343 1043 409 1073 haec
425 1052 538 1072 errasse
565 1047 594 1072 te
621 1041 753 1072 asseris?
800 1041 864 1072 Ar..
890 1041 1014 1072 Assem.
1063 1040 1119 1071 So.
1143 1040 1238 1077 Quod
1265 1040 1289 1072 si
1313 1050 1405 1077 erras,
1421 1049 1526 1070 nonne
1542 1050 1578 1068 ex

116 1094 325 1135 superioribus
354 1095 551 1136 perspicuum
576 1099 633 1131 est,
650 1095 734 1136 quod
759 1105 820 1124 non
845 1095 938 1124 modo
963 1095 997 1124 in
1021 1094 1160 1124 maximis
1176 1094 1265 1125 rebus
1279 1094 1396 1125 inscius
1413 1104 1456 1130 es,
1474 1102 1579 1124 verum

115 1147 222 1186 etiam,
237 1159 308 1179 cum
334 1148 374 1178 sis
398 1148 536 1190 ignarus,
552 1149 629 1180 scire
653 1154 683 1179 te
706 1148 822 1189 putas?
872 1148 937 1179 Ar..
961 1148 1092 1180 Videor.
1134 1147 1190 1179 SO.
1214 1147 1322 1189 Papae,
1339 1158 1357 1178 o
1385 1147 1579 1183 Alcibiades,

115 1211 178 1242 quo
204 1212 326 1244 pressus
349 1212 382 1233 es
406 1202 533 1233 morbo!
558 1203 640 1233 hunc
656 1202 801 1242 equidem
829 1202 988 1233 nominare
1014 1203 1167 1232 horresco.
1191 1207 1404 1237 veruntamen,
1420 1211 1490 1232 cum
1519 1200 1578 1230 soli

115 1254 221 1291 simus,
246 1256 414 1286 dicendum
438 1260 496 1287 est.
542 1256 581 1286 In
607 1255 783 1297 turpissima
804 1266 938 1298 namque
964 1255 1097 1291 inscitia,
1115 1266 1132 1285 o
1149 1255 1279 1296 optime,
1296 1254 1433 1290 versaris,
1449 1259 1483 1284 ut
1508 1254 1577 1295 ipse

115 1309 256 1340 oratione
271 1314 324 1340 tua
339 1310 379 1340 de
397 1315 427 1340 te
442 1309 566 1351 arguis:
590 1310 791 1350 quamobrem
817 1311 900 1351 prius
927 1314 958 1341 te
974 1310 1010 1341 ad
1029 1309 1134 1340 civilia
1150 1309 1284 1344 confers,
1301 1319 1392 1350 quam
1409 1308 1449 1338 sis
1466 1307 1577 1348 guber-

114 1363 210 1393 nandi
228 1363 357 1404 peritus.
383 1374 483 1405 neque
503 1368 532 1395 te
548 1364 647 1394 solum
665 1364 789 1395 morbus
806 1363 856 1395 hic
868 1365 980 1401 tenuit,
995 1375 1099 1395 verum
1113 1363 1206 1394 etiam
1222 1373 1342 1404 omnes,
1353 1363 1406 1403 qui
1419 1362 1500 1392 hanc
1513 1371 1576 1391 rem

112 1416 269 1457 publicam
286 1417 549 1457 administrarunt,
564 1421 675 1458 praeter
690 1417 857 1448 admodum
875 1428 991 1458 paucos
1009 1428 1044 1449 ac
1062 1418 1190 1449 sortasse
1208 1422 1318 1459 praeter
1333 1422 1466 1447 tutorem
1483 1420 1572 1446 tuum

114 1469 277 1502 Periclem.
323 1471 386 1501 Ar..
411 1470 530 1508 Fertur,
554 1481 572 1502 o
597 1471 750 1507 Socrates,
766 1482 829 1502 non
858 1482 932 1503 casu
957 1472 1094 1513 quodam
1117 1472 1242 1513 sapiens
1265 1470 1399 1502 evasisse
1427 1469 1576 1509 Pericles,

113 1523 188 1565 quin
208 1523 313 1555 multis
329 1534 365 1555 ac
389 1525 582 1566 sapientibus
601 1524 673 1555 viris
696 1525 887 1556 familiariter
911 1536 984 1556 usus
1008 1525 1116 1561 fuisse,
1140 1525 1331 1567 Pythoclide
1356 1524 1388 1554 in
1411 1522 1518 1565 primis
1545 1528 1577 1553 et

111 1577 317 1620 Anaxagora:
343 1584 374 1609 et
398 1589 480 1610 nunc
509 1579 602 1610 etiam
629 1583 692 1610 tam
714 1579 838 1620 grandis
867 1584 943 1610 natu
970 1579 1132 1620 sapientiae
1161 1579 1259 1620 gratia
1288 1577 1434 1609 Damone
1464 1577 1573 1608 utitur.

113 1631 168 1663 So.
193 1631 278 1663 Num
295 1642 386 1674 quem
403 1633 508 1664 vidisti
524 1633 710 1674 sapientem,
726 1634 780 1675 qui
797 1634 828 1664 in
845 1644 882 1666 ea
897 1644 941 1671 re,
957 1634 989 1664 in
1006 1644 1069 1675 qua
1091 1633 1159 1674 ipse
1181 1633 1275 1675 sapit,
1289 1632 1385 1663 alium
1402 1631 1575 1673 sapientem

112 1685 232 1717 efficere
248 1697 310 1717 non
323 1688 450 1728 posset?
473 1687 569 1718 veluti
584 1687 638 1729 qui
655 1693 685 1719 te
701 1687 732 1718 in
749 1687 846 1719 literis
862 1687 1010 1725 erudivit,
1027 1687 1094 1728 ipse
1108 1686 1236 1728 quidem
1253 1691 1319 1718 erat
1328 1686 1464 1727 sapiens,
1480 1690 1574 1726 teque

112 1740 226 1780 pariter
240 1741 377 1772 reddidit
392 1741 563 1782 sapientem
579 1753 585 1772 :
604 1747 635 1772 et
647 1742 759 1772 eodem
774 1747 867 1783 pacto
880 1741 1021 1783 quemvis
1037 1741 1130 1772 alium
1147 1746 1280 1782 poterat.
1327 1739 1390 1771 ΑΙ..
1416 1738 1574 1770 Profecto.

111 1792 167 1824 So.
190 1793 234 1824 Et
253 1799 285 1824 tu
313 1804 450 1836 quoque,
467 1795 606 1826 eruditus
632 1796 671 1825 ab
699 1795 764 1832 illo,
781 1795 874 1826 alium
902 1796 1052 1826 instruere
1068 1794 1209 1837 poteris?
1254 1793 1319 1825 AL.
1344 1793 1470 1824 Potero.
1516 1792 1574 1824 So.

114 1846 261 1877 Similiter
276 1847 464 1879 citharoedus
479 1853 511 1879 et
525 1849 670 1890 magister
685 1849 852 1891 gymnasii.
896 1849 959 1882 AL.
985 1849 1128 1880 Penitus.
1173 1848 1229 1879 So.
1254 1847 1385 1888 Optima
1400 1846 1493 1888 igitur
1506 1846 1574 1877 haec

111 1899 292 1942 conjectura
308 1906 366 1938 est,
390 1902 541 1943 quosdam
555 1902 674 1943 aliquid
690 1913 792 1938 nosse,
808 1913 878 1933 cum
895 1903 989 1933 alium
1015 1913 1140 1944 quoque
1164 1902 1292 1933 doctum
1316 1901 1355 1931 ab
1377 1900 1453 1942 ipsis
1469 1904 1574 1931 osten·

110 1953 183 1985 dere
199 1960 341 1996 possunt.
387 1955 450 1988 Ar..
477 1956 558 1986 Mihi
575 1957 701 1998 quidem
717 1956 849 1988 videtur.
894 1957 949 1989 So.
972 1956 1080 1987 Habes
1105 1966 1198 1997 quem
1214 1956 1317 1986 dicere
1334 1955 1434 1997 possis
1449 1964 1468 1984 a
1484 1953 1573 1985 Peri-

109 2007 158 2039 cle
183 2008 354 2049 sapientem
383 2009 511 2046 factum,
528 2020 545 2040 a
565 2010 635 2040 filiis
662 2010 841 2052 incipiens?
886 2011 951 2042 AL.
975 2010 1063 2048 Quid
1089 2010 1115 2041 si
1142 2009 1272 2041 Periclis
1298 2008 1353 2039 filii
1377 2007 1484 2039 stolidi
1507 2008 1574 2038 nati

110 2062 205 2092 sunt?
250 2062 306 2093 So.
330 2061 374 2092 At
388 2073 460 2094 vero
475 2063 598 2094 fratrem
615 2069 702 2095 tuum
719 2064 854 2096 Cliniam
870 2065 881 2095 ?
925 2064 989 2096 AL.
1015 2064 1100 2102 Quid
1118 2063 1255 2096 Cliniam
1272 2063 1303 2094 in
1320 2062 1457 2094 medium
1471 2062 1573 2093 addu-

109 2115 165 2152 cis,
192 2115 349 2148 hominem
376 2116 542 2147 insanum?
586 2117 641 2150 So.
663 2118 834 2160 Postquam
858 2117 977 2150 Clinias
1004 2118 1132 2159 quidem
1158 2117 1244 2155 furit,
1259 2116 1316 2148 filii
1342 2127 1413 2148 vero
1441 2115 1572 2147 Periclis

109 2169 212 2201 stolidi
236 2170 300 2201 nati
326 2176 410 2208 sunt,
426 2171 482 2202 tibi
509 2181 602 2213 quam
627 2182 752 2203 causam
778 2172 1004 2210 adscribemus,
1020 2176 1147 2213 propter
1174 2181 1268 2213 quam
1284 2176 1327 2209 te,
1344 2181 1415 2203 cum
1432 2170 1501 2201 talis
1518 2170 1571 2206 sis,

107 2223 270 2266 negligat?
314 2225 379 2257 ΑΙ..
404 2224 471 2266 Ego
487 2225 568 2266 ipse,
583 2230 618 2256 ut
634 2226 775 2262 arbitror,
790 2226 821 2257 in
838 2226 932 2268 culpa
948 2237 1027 2262 sum,
1043 2236 1114 2257 cum
1130 2225 1176 2256 illi
1192 2230 1328 2256 mentem
1343 2235 1406 2256 non
1419 2224 1571 2255 adhibue-

106 2277 174 2309 rim.
220 2278 275 2309 So.
297 2278 414 2310 Verum
427 2290 462 2310 ex
480 2279 548 2310 aliis
572 2279 670 2321 [119]
694 2279 942 2311 Atheniensibus
954 2280 1002 2311 vel
1016 2279 1203 2322 hospitibus,
1214 2279 1267 2311 dic
1280 2289 1372 2320 quem
1385 2279 1434 2310 vel
1450 2288 1571 2309 servum

105 2331 154 2361 vel
170 2331 298 2362 liberum
314 2332 532 2373 sapientiorem
549 2343 604 2364 sua
620 2333 848 2364 consuetudine
863 2333 972 2365 fecerit
987 2345 994 2363 ε
1019 2333 1111 2365 sicuti
1124 2343 1183 2375 ego
1196 2333 1253 2363 tibi
1266 2333 1428 2364 ostendere
1444 2342 1572 2374 possum

106 2389 232 2426 propter
247 2385 387 2416 Xenonis
399 2386 636 2418 familiaritatem
654 2386 874 2429 Pythodorum
892 2387 1031 2419 Isoloclii
1045 2392 1077 2418 et
1092 2387 1224 2419 Calliam
1243 2387 1394 2418 Calliadze
1408 2387 1488 2417 filios
1505 2387 1569 2417 fac-

107 2444 156 2469 tos
171 2449 237 2470 esse
253 2439 364 2481 dignos
379 2441 598 2482 sapientesque
615 2441 708 2482 viros,
719 2451 850 2483 quorum
867 2447 997 2483 uterque
1025 2447 1150 2472 centum
1175 2441 1272 2472 minas
1288 2441 1412 2471 Xenoni
1429 2439 1568 2472 tradidit.

107 2489 170 2523 ΑΙ..
194 2492 255 2524 Per
269 2493 379 2524 Jovem
395 2505 457 2524 non
475 2495 588 2536 habeo,
603 2505 696 2537 quem
712 2495 825 2528 dicam.
872 2496 925 2526 So,
950 2495 1038 2527 Esto.
1061 2495 1137 2537 quid
1154 2506 1227 2537 ergo
1243 2496 1283 2526 de
1294 2500 1324 2525 te
1338 2495 1406 2536 ipso
1423 2495 1542 2536 cogitas
1556 2494 1567 2523 ?

107 2551 207 2578 utrum
223 2547 323 2588 qualis
339 2558 422 2578 nunc
438 2559 483 2584 es,
500 2554 532 2579 ct
553 2549 586 2580 in
610 2554 767 2591 posterum
790 2549 867 2587 sore,
883 2560 922 2580 an
946 2549 1045 2581 curari
1071 2550 1205 2591 quodam
1222 2548 1336 2579 modo?
1383 2549 1448 2579 Λι.
1473 2547 1570 2579 Com-

107 2601 192 2631 muni
209 2601 338 2632 consilio
355 2612 433 2643 opus
446 2607 504 2642 est,
519 2613 537 2633 ο
553 2603 706 2634 Socrates.
731 2603 845 2634 etenim
858 2609 911 2634 tua
926 2603 1011 2635 dicta
1026 2603 1181 2644 intellig0,
1196 2602 1303 2643 eisque
1319 2602 1478 2633 assentior.
1496 2612 1568 2632 nam

106 2654 160 2696 qui
182 2665 245 2686 rem
269 2655 427 2697 publicam
449 2656 678 2699 administrant,
692 2662 803 2700 przeter
825 2658 994 2688 admodum
1020 2667 1147 2699 paucos,
1171 2655 1319 2687 ineruditi
1343 2655 1417 2686 mibi
1441 2666 1567 2696 quoque

106 2707 262 2741 videntur.
307 2708 362 2740 So.
386 2709 471 2745 Quid
490 2714 554 2739 tum
569 2709 580 2739 ?
626 2709 689 2742 AL.
713 2711 746 2741 Si
762 2711 854 2752 periti
867 2716 981 2748 essent,
999 2711 1162 2752 oportebat
1179 2710 1408 2751 aggredientem
1423 2708 1566 2740 cumillis

105 2760 220 2801 pariter
235 2767 424 2799 concertare,
442 2768 605 2804 postquam
630 2763 792 2795 didicisset
814 2774 851 2795 ac
878 2775 910 2795 se
932 2765 1035 2806 ipsum
1052 2764 1249 2800 exercuisset,
1267 2768 1341 2794 tunc
1357 2763 1481 2794 dcnmm
1499 2767 1566 2791 tan-

105 2823 198 2855 quam
215 2815 253 2845 ad
271 2815 402 2847 athletas
419 2816 572 2858 proficisci
589 2829 594 2847 :
620 2827 703 2848 nunc
719 2823 820 2849 autem
837 2823 1002 2860 postquam
1019 2824 1050 2849 et
1066 2818 1115 2848 isti
1131 2817 1266 2859 imperiti
1279 2818 1317 2847 ad
1333 2828 1394 2848 rem
1410 2817 1565 2857 publicam

105 2874 310 2906 accesserunt,
323 2870 397 2911 quid
416 2871 636 2902 exercitatione
657 2883 735 2913 opus·
754 2877 799 2903 est
818 2873 889 2903 milii
905 2873 915 2890 ²
941 2873 1014 2913 quid
1042 2872 1144 2902 studio
1162 2872 1333 2912 disciplinae
1350 2872 1359 2899 ?
1385 2870 1455 2899 novi
1470 2870 1564 2902 cuim,

106 2921 188 2960 quod
207 2927 321 2952 naturae
340 2924 464 2954 dotibus·
483 2924 572 2957 longe
592 2926 645 2955 lios
664 2928 824 2967 superabo.
875 2929 926 2955 So,
955 2926 1061 2967 Papa:
1082 2926 1240 2967 quidnam,
1260 2936 1278 2953 s.
1293 2924 1415 2963 [ψιὶιψῇ
1438 2922 1540 2952 dixisti
1554 2933 1560 2940 ’

198 2975 283 3005 ΓΙΜ.
313 2976 363 3007 Τι’.
863 2980 906 3009 ll·
1449 2977 1474 3009 (f
