1840 3225
125 244 220 295 284]
526 234 531 239 ’
627 244 844 283 11111Ρ1Α5
878 244 1079 284 11111011.
1543 248 1594 285 69

124 357 202 382 sum,
220 347 466 388 obstupesceres.
513 345 608 377 Mitto
626 347 697 377 alia.
722 357 826 378 verum
843 347 875 377 111
893 347 1029 378 Siciliam
1055 349 1245 390 quandoque
1263 350 1430 390 profectus,
1449 353 1501 384 ubi
1519 359 1592 386 tuuc

127 399 314 442 Protagoras
331 402 490 433 habitabat
506 411 688 442 summoque
705 401 736 430 in
755 401 871 431 honore
889 401 1069 436 habebatur,
1099 412 1146 432 me
1175 403 1343 434 admodum
1368 407 1481 442 senior,
1508 408 1592 439 brevi

126 453 198 494 plus
214 465 305 496 quarn
331 460 455 486 centum
472 460 504 486 et
519 455 749 496 quinquaginta
774 455 874 484 minas
901 454 1026 495 collegi,
1043 460 1074 485 et
1091 466 1126 485 ex
1146 456 1272 497 regione
1295 459 1431 499 quadam
1449 468 1592 501 angusta,

127 506 230 549 Inyca
255 509 391 544 nomine,
422 509 491 550 plus
514 519 606 550 quam
633 509 730 538 minas
753 508 885 549 viginti:
912 518 1046 549 cumque
1070 509 1195 538 domum
1213 511 1384 547 rediissem,
1403 514 1481 554 patri
1497 515 1593 545 dedi:

128 563 214 603 quod
231 563 355 604 quidem
372 567 433 593 tam
450 563 517 598 ille,
533 573 624 604 quam
642 561 865 603 reliquimives,
882 562 1083 592 vehementer
1098 562 1240 593 admirati
1257 570 1339 594 sunt.
1363 566 1520 598 enimvero
1545 579 1594 599 nie

129 616 234 658 plures
258 617 353 647 ferme
368 616 530 657 pecunias,
555 627 648 657 quam
672 616 751 646 duos
767 616 843 646 alios
868 616 970 651 simul,
994 626 1198 657 quoscunque
1216 617 1273 652 vis,
1289 618 1450 659 Sophistas
1466 631 1597 663 congre-

129 681 219 712 gasse
240 669 395 701 existimo.
439 670 496 701 So.
520 670 548 701 O
566 681 628 701 rem
647 670 823 711 przeclaram
841 670 846 699 !
874 670 1082 710 potissimum,
1100 670 1231 710 Hippia,
1247 670 1279 700 id
1297 680 1511 713 argumentum
1536 683 1596 712 cst,

128 729 246 766 quanto
271 729 303 755 et
327 723 423 766 [283]
449 729 482 755 tu
508 729 539 755 et
562 723 616 755 alii
643 724 735 764 hujus
763 723 857 755 seculi
885 724 1042 765 sapientes
1069 730 1187 755 veteres
1213 727 1378 765 superatis.
1402 738 1472 758 nam
1500 730 1597 769 prima

128 783 247 820 quanta
271 778 396 809 inscitia
419 778 612 819 Anaxagorae
635 779 730 808 fuisse
754 778 899 809 videtur?
924 778 973 808 cui
997 783 1105 808 contra
1130 789 1165 808 ac
1191 779 1276 809 vobis
1292 780 1436 821 contigit.
1459 784 1596 823 amplum

127 832 247 874 quippe
263 832 481 874 patrimonium
495 832 666 873 neglexisse
682 832 911 874 dissipasseque
928 832 1049 863 dicatur
1064 844 1071 862 :
1096 833 1174 863 adeo
1186 833 1280 863 stulte
1294 833 1574 876 philosophabatur
1588 850 1594 867 :

129 886 232 927 deque
247 886 358 917 ceteris
374 886 495 916 illorum
513 892 687 927 temporum
705 886 899 927 sapientibus
916 886 976 917 alia
992 887 1134 928 quaedam
1153 886 1332 927 hujusmodi
1348 889 1484 919 tradunt.
1510 891 1597 926 Qua-

125 945 254 982 propter
268 940 419 982 optimam
434 941 515 971 hanc
539 941 679 971 attulisse
696 939 908 981 conjecturam
927 940 1051 975 videris,
1069 940 1154 981 quod
1171 940 1328 981 sapientes
1345 943 1441 972 nostri
1457 945 1598 984 superio-

128 994 212 1025 ribus
227 999 394 1036 praestent:
422 995 573 1036 multique
599 995 630 1025 in
653 996 714 1026 hoc
737 995 949 1033 consentiunt,
974 995 1147 1036 sapientem
1174 993 1315 1036 inprimis
1331 996 1388 1027 sibi
1404 997 1464 1038 ipsi
1488 1008 1596 1039 sapere

130 1054 285 1091 oportere.
308 1049 401 1090 hujus
418 1054 521 1080 autem
539 1050 604 1080 ha‘c
621 1054 669 1080 cst
691 1060 821 1086 summa,
845 1053 879 1079 ut
903 1054 1063 1090 argentum
1088 1049 1253 1090 plurimum
1269 1050 1455 1091 acquiratur.
1501 1052 1543 1082 Et
1558 1053 1598 1083 de

128 1103 166 1134 iis
182 1103 268 1134 satis.
291 1104 350 1134 hoc
365 1109 468 1134 autern
485 1103 560 1133 mihi
576 1103 674 1139 dicas,
692 1114 762 1133 cum
780 1103 891 1133 multas
907 1104 997 1133 urbes
1013 1103 1138 1139 adieris,
1150 1103 1276 1133 ubinam
1294 1104 1486 1144 potissimum
1502 1106 1600 1136 lucra·

131 1162 182 1187 tus
197 1157 254 1187 es?
278 1167 351 1187 num
368 1157 608 1192 Lacedaemone,
625 1168 688 1198 quo
705 1156 898 1197 frequentius
913 1168 945 1187 es
963 1156 1141 1197 profectus?
1187 1156 1269 1187 ΗΠ».
1292 1157 1379 1194 Non,
1404 1169 1460 1199 per
1473 1160 1598 1198 Jovem,

131 1222 149 1242 ο
173 1211 327 1242 Socrates.
373 1211 430 1241 So.
454 1211 538 1247 Quid
563 1211 629 1241 ais?
654 1211 796 1251 nunquid
821 1211 1007 1240 minimum?
1054 1211 1135 1241 ΗΠ».
1158 1210 1258 1241 Immo
1283 1211 1359 1242 nihil
1392 1213 1516 1253 penitus
1540 1225 1598 1243 un-

130 1276 236 1306 quam.
281 1266 338 1296 So.
363 1265 540 1295 Monstrum
558 1270 616 1300 est,
642 1266 727 1306 quod
752 1264 844 1300 dicis,
872 1276 889 1295 ο
915 1264 1045 1306 Hippia,
1062 1265 1212 1305 dictuque
1229 1264 1378 1296 mirabile.
1424 1266 1598 1308 Responde

131 1318 171 1348 ad
188 1319 254 1349 haec
269 1330 275 1348 :
303 1322 403 1348 utrum
419 1318 574 1359 sapientia
590 1324 643 1349 tua
660 1319 744 1356 illos,
760 1319 814 1360 qui
832 1324 933 1350 tecum
952 1324 1110 1349 versantur
1121 1319 1321 1360 discuntque,
1335 1320 1474 1351 meliores
1485 1322 1523 1351 ad
1539 1323 1599 1352 vir-

129 1377 227 1403 tutem
244 1371 365 1403 efficere
382 1373 491 1412 possit,
508 1373 630 1404 necne?
678 1372 760 1402 Hm.
785 1373 826 1402 Et
844 1372 974 1403 maxime
987 1373 1125 1413 quidem.
1173 1373 1227 1404 So.
1253 1373 1405 1414 Nunquid
1418 1375 1597 1416 Iriyciorurii

129 1425 244 1457 civium
261 1425 341 1456 filios
365 1426 507 1457 meliores
522 1426 653 1457 reddere
681 1427 822 1468 potuisti,
847 1426 928 1456 filios
951 1432 1054 1458 autem
1079 1427 1300 1468 Spartanorum
1318 1428 1469 1458 minime?
1516 1429 1599 1460 Hir·-

126 1479 232 1510 Absit.
277 1479 332 1510 So.
358 1479 406 1510 An
423 1480 502 1510 forte
518 1480 614 1511 Siculi
634 1481 773 1511 meliores
790 1481 854 1511 fieri
869 1481 1009 1522 student,
1024 1481 1266 1511 Lacedaemones
1282 1481 1468 1522 negligunt?
1515 1482 1602 1512 Hm.

127 1533 230 1565 Immo
246 1539 278 1564 et
294 1533 537 1565 Lacedaemones
553 1535 635 1565 idem
653 1535 814 1566 affectant.
858 1535 914 1566 So.
939 1534 1024 1565 Num
1043 1536 1243 1576 pecuniarum
1260 1536 1386 1566 defectu
1404 1543 1456 1566 tua
1468 1547 1600 1567 consue-

128 1588 239 1619 tudine
254 1593 419 1619 caruerunt
434 1588 444 1618 .)
490 1588 587 1619 Hira*
597 1589 819 1630 Nequaquam.
843 1590 954 1620 divites
971 1590 1053 1620 enim
1071 1595 1154 1620 sunt.
1198 1589 1253 1620 So.
1277 1590 1358 1620 Cum
1375 1590 1600 1632 igitursapien-

131 1641 206 1672 tiam
224 1642 418 1678 affectarent,
433 1647 465 1673 et
481 1648 684 1684 suppeterent
700 1643 875 1681 facultates,
893 1648 989 1685 tuque
1004 1643 1073 1674 illos
1090 1644 1153 1673 voti
1165 1649 1327 1685 compotes
1338 1645 1465 1675 reddere
1482 1655 1599 1685 posses,

129 1706 183 1727 cur
198 1707 261 1726 non
287 1697 363 1728 iude
391 1697 654 1738 locupletissimus
671 1697 813 1728 rediisti?
837 1708 877 1727 an
906 1698 984 1728 forte
1007 1697 1068 1738 ipsi
1092 1697 1336 1728 Lacedaemones
1361 1698 1481 1734 melius,
1505 1709 1598 1740 quam

131 1755 178 1786 tu,
203 1750 284 1781 fili'os
300 1761 372 1781 suos
389 1750 557 1780 erudiunt?
603 1751 659 1781 Vis
682 1751 726 1781 ita
751 1751 912 1782 dicamus?
936 1762 973 1782 ac
989 1756 1021 1781 tu
1039 1752 1220 1782 consentis?
1266 1751 1348 1782 Hie.
1373 1751 1470 1782 Nullo
1494 1753 1602 1783 modo.

129 1804 185 1835 So.
210 1804 322 1835 Utrum
346 1804 518 1846 juvenibus
542 1804 771 1836 Lacedaemone
798 1806 984 1846 persuadere
1015 1816 1077 1835 non
1107 1806 1250 1846 potuisti,
1274 1811 1308 1835 ut
1332 1806 1387 1836 tibi
1405 1807 1598 1837 adhaerentes

130 1858 228 1899 magis
246 1858 430 1900 proficerent
446 1859 484 1888 ad
504 1859 660 1896 virtutem,
677 1870 769 1901 quam
786 1860 811 1890 si
828 1871 898 1891 cum
915 1861 978 1890 suis
993 1859 1149 1890 vixerint?
1167 1871 1205 1890 an
1220 1865 1363 1900 parentes
1375 1860 1523 1891 inducere
1536 1871 1599 1891 non

130 1913 272 1954 potuisti,
289 1917 325 1943 ut
341 1912 397 1943 tibi
414 1913 493 1944 tilios
510 1914 626 1954 potius,
646 1924 738 1954 quam
756 1914 927 1955 diligentiae
951 1924 1027 1949 suar,
1050 1914 1290 1948 committerent,
1315 1913 1338 1943 si
1356 1914 1448 1944 modo
1467 1914 1597 1945 liliorum

129 1977 234 1997 curam
251 1954 425 1998 haberent?
450 1978 551 2009 neque
578 1969 659 1998 enim
687 1969 766 1998 adeo
790 1968 976 1998 invidebant
998 1968 1081 2004 filiis,
1104 1974 1139 1998 ut
1162 1969 1298 2009 optimos
1320 1969 1451 1998 evadere
1468 1969 1600 2000 nollent.

130 2019 213 2050 Hip.
238 2020 392 2061 Equidem
419 2021 570 2052 invidisse
594 2033 656 2052 non
688 2022 826 2052 arbitror.
871 2024 927 2054 So.
951 2022 1105 2064 Nunquid
1134 2022 1341 2053 Lacedaemon
1368 2023 1456 2052 bonis
1480 2022 1601 2064 legibus

128 2073 270 2103 instituta
300 2074 372 2104 est?
419 2074 501 2105 Hm.
525 2075 624 2105 Bonis
653 2075 808 2116 profecto.
854 2076 910 2107 So.
936 2076 974 2106 In
1004 2076 1185 2117 hujusmodi
1215 2087 1286 2106 vero
1324 2077 1599 2117 gubernationibus
1645 2105 1648 2114 ,

130 2126 228 2168 [284]
254 2127 348 2158 virtus
372 2129 503 2159 maxime
521 2129 659 2159 omnium
677 2130 856 2161 honoratur.
902 2130 985 2161 Hm.
1009 2129 1150 2161 Maxime
1167 2131 1305 2171 quidem.
1351 2131 1406 2162 So.
1431 2131 1478 2160 Tu
1495 2136 1598 2161 autem

129 2181 210 2212 banc
226 2181 295 2212 aliis
310 2181 443 2219 tradere,
460 2194 523 2224 prae
538 2184 647 2215 ceteris
669 2184 848 2215 hominibus
865 2186 984 2226 optime
1008 2186 1101 2216 nosti.
1146 2185 1228 2215 Hu‘.
1253 2185 1393 2222 Prorsus,
1411 2196 1429 2214 ο
1445 2185 1599 2216 Socrates.

130 2235 188 2266 So.
211 2235 276 2272 Qui
302 2235 482 2267 facultatem
509 2243 682 2279 equestrem
707 2240 831 2280 egregie
856 2240 967 2271 docere
992 2245 1106 2281 potest,
1131 2250 1235 2270 nonne
1259 2240 1288 2269 in
1312 2239 1472 2270 'l'hessalia
1489 2239 1600 2280 magis,

130 2300 223 2331 quam
240 2290 271 2319 in
287 2290 406 2331 reliqua
429 2290 565 2328 Graecia,
592 2292 755 2330 coleretur,
781 2294 1011 2335 lucrareturque
1035 2294 1214 2336 plurimum,
1243 2293 1443 2334 similiterque
1466 2298 1496 2324 et
1513 2292 1600 2332 alibi,

133 2343 311 2384 ubicunque
328 2344 394 2374 liaec
410 2354 457 2374 ars
472 2345 505 2375 in
523 2345 621 2386 pretio
639 2347 708 2377 est?
754 2347 837 2378 Hm.
861 2349 1118 2380 Consentaneum
1134 2349 1165 2378 id
1183 2348 1322 2390 quidem.
1369 2347 1425 2378 So.
1449 2346 1511 2382 Qui
1526 2357 1598 2387 ergo

134 2396 216 2438 potis
231 2402 278 2427 est
294 2397 533 2437 praeclarissimis
549 2399 672 2430 virtutis
695 2401 859 2442 praiceptis
871 2401 1005 2442 juvenes
1022 2402 1195 2438 instituere,
1219 2412 1273 2432 cur
1294 2412 1356 2431 non
1374 2401 1601 2431 Lacedaemone

131 2461 327 2492 summopere
343 2452 522 2489 honoretur,
548 2453 654 2494 ibique
676 2454 855 2485 innumeras
870 2455 988 2486 affatim
1017 2456 1165 2498 pecunias
1178 2456 1328 2490 cumulet,
1354 2465 1389 2485 ac
1407 2454 1546 2485 similiter
1569 2455 1600 2484 111

129 2515 319 2546 quacunque
337 2505 464 2536 civitate
482 2506 662 2538 Graecorum
681 2508 777 2539 virtus
793 2510 916 2540 maximi
935 2511 1126 2541 aestimatur?
1173 2509 1220 2540 At
1236 2511 1314 2540 forte
1331 2509 1361 2539 111
1378 2508 1485 2539 Sicilia
1502 2508 1599 2548 magis

129 2564 161 2590 et
179 2559 210 2589 in
228 2558 352 2600 Inycia‚
378 2565 482 2599 putas,
499 2559 556 2590 ista
571 2562 696 2593 credere
719 2563 880 2599 debemus,
907 2564 1038 2605 Hippia.
1063 2564 1087 2594 si
1113 2569 1143 2594 tu
1168 2563 1309 2604 jusseris,
1326 2563 1516 2593 credendum
1540 2568 1599 2592 est.

129 2612 212 2643 Hu‘.
237 2612 309 2642 Non
327 2617 384 2648 est,
401 2623 420 2642 o
445 2613 598 2649 Socrates,
617 2625 682 2645 mos
705 2617 822 2656 patrius
839 2617 1098 2657 Lacedaemoniis,
1115 2622 1232 2648 mutare
1250 2617 1345 2657 leges,
1370 2626 1471 2656 neque
1489 2620 1599 2656 praeter

130 2665 388 2696 consuetudinem
407 2665 487 2696 tilios
502 2667 646 2698 educare.
692 2670 749 2699 So.
773 2669 859 2706 Quid
885 2671 952 2701 ais?
1000 2669 1279 2702 Lacedaemonibus
1303 2669 1384 2699 haud
1402 2668 1533 2709 patrium
1551 2673 1599 2697 est

131 2723 214 2749 recte
242 2729 346 2760 agere,
373 2719 428 2749 sed
455 2721 618 2751 aberrare?
664 2721 746 2752 1111».
771 2722 941 2764 Nunquam
967 2724 998 2754 id
1022 2735 1081 2764 ego
1109 2733 1284 2754 assererem.
1330 2723 1385 2753 So.
1411 2721 1511 2752 Recte
1527 2730 1597 2750 vero

131 2778 270 2813 agerent,
287 2773 311 2802 si
337 2773 459 2810 melius,
476 2784 539 2804 non
565 2775 590 2804 si
606 2775 741 2806 deterius
759 2776 894 2817 juvenes
917 2778 1098 2809 erudirent?
1144 2777 1223 2809 Hn’.
1250 2777 1364 2807 Recte.
1389 2785 1490 2806 verum
1509 2785 1597 2814 perc-

130 2826 232 2866 griuas
248 2826 431 2868 disciplinas
448 2828 496 2858 lex
511 2828 634 2859 illorum
651 2840 712 2860 non
730 2831 879 2862 admittit.
904 2833 1043 2873 alioquin
1062 2832 1086 2862 si
1102 2832 1171 2873 quis
1189 2841 1324 2872 unquam
1342 2830 1420 2860 alius
1438 2828 1477 2859 ibi
1495 2838 1594 2868 quan-

129 2879 234 2920 doque
250 2880 426 2922 disciplinae
442 2883 540 2923 gratia
555 2883 690 2915 lucratus
707 2890 799 2922 essct,
815 2887 893 2917 scito
909 2898 955 2917 uie
969 2886 1131 2927 plurimum
1146 2885 1445 2917 t'uisselucraturum.
1469 2882 1593 2911 1111111111-

126 2937 174 2963 tur
190 2944 275 2975 crgo,
293 2945 362 2967 cum
379 2947 426 2968 ino
450 2938 594 2977 audiunt,
619 2944 712 2980 atque
736 2940 886 2972 laudant:
913 2941 979 2978 sed,
997 2947 1029 2971 ut
1044 2941 1198 2977 dicebam,
1224 2939 1271 2970 lex
1295 2938 1414 2969 illorum
1434 2935 1593 2977 peregriua
