1840 3225
228 224 279 261 70
813 216 1077 255 PLAToNLs
1605 218 1704 271 [285

230 329 327 356 vetat.
371 324 428 354 So.
452 321 579 362 Legem,
595 330 614 351 o
630 319 763 361 Hippia,
780 319 950 361 perniciem
967 319 1114 357 civitatis,
1129 329 1168 349 an
1185 319 1327 354 salutem,
1345 319 1460 351 vocas?
1505 319 1588 352 Hie.
1613 318 1703 350 Con-

231 379 325 415 ditur‚
341 388 410 409 mea
424 377 550 418 quidem
568 375 734 412 sententia,
750 375 895 406 utilitatis
911 375 1009 416 gratia
1025 375 1072 406 lex
1088 387 1094 404 :
1112 385 1337 415 nonnunquam
1351 379 1454 405 tamen
1468 374 1568 411 obest,
1584 374 1700 406 simale

229 433 269 463 sit
292 432 404 474 posita.
449 431 505 461 So.
529 429 646 460 Nonne
672 434 707 460 ut
736 430 902 460 maximum
933 429 1092 470 quoddam
1122 428 1239 459 civitati
1273 430 1388 459 bonum
1417 428 1518 469 legem
1555 429 1701 459 condunt

229 486 343 517 latores
359 485 483 526 legum?
508 484 639 526 legeque
653 483 787 519 sublata,
803 494 874 514 cum
890 483 1057 524 iniquitate
1080 482 1171 513 sinml
1189 483 1290 513 vivere
1314 483 1345 512 in
1362 482 1490 513 civitate
1507 492 1568 512 non
1585 491 1700 523 possu-

228 540 321 570 mus?
367 538 451 571 HrP.
472 538 556 569 Vera
571 537 717 579 loqueris.
762 536 818 570 So.
844 537 1002 574 Quotiens
1026 537 1120 578 igitur
1146 547 1164 567 a
1187 537 1271 567 bono
1298 537 1440 567 aberrant
1464 536 1507 572 hi,
1535 535 1588 577 qui
1614 535 1700 576 leges

226 595 308 625 ferre
338 593 490 630 nituntur,
520 603 538 623 a
566 592 705 633 legitimo
743 592 875 633 legeque
913 591 1093 622 discedunt.
1137 590 1224 627 Quid
1261 591 1300 621 ad
1336 590 1427 622 haec?
1473 589 1556 620 Hm.
1579 588 1700 620 Exacta

229 648 357 691 quidem
387 648 507 679 ratione
534 646 579 677 sic
605 657 637 677 se
664 656 711 677 res
737 647 843 683 habet,
870 657 889 676 o
917 646 1080 676 Socrates:
1106 656 1168 676 non
1196 651 1299 676 tamen
1322 645 1365 676 sic
1381 644 1521 675 homines
1537 643 1698 674 nominare

227 707 468 735 consueverunt.
513 701 570 733 So.
595 700 720 737 Utrum,
748 711 766 730 o
794 700 926 741 Hippia,
953 700 1008 741 qui
1033 703 1229 741 cognoscunt
1253 698 1300 729 vet
1325 698 1378 740 qui
1401 697 1568 739 ignorant?
1613 696 1697 727 Hir·-

226 757 362 798 Vulgus.
407 755 464 786 So.
487 754 552 792 Qui
590 765 696 785 verum
733 758 940 794 cognoscunt,
979 753 1089 794 vulgus
1126 753 1220 784 sunt?
1266 753 1348 784 11112.
1372 751 1594 794 Nequaquam.
1639 751 1696 782 So.

226 810 274 843 At
297 821 370 842 vero
395 810 449 851 qui
474 809 610 850 sapiunt,
638 808 682 848 hi,
705 809 789 849 quod
817 807 924 838 utilius
951 813 1008 844 est,
1025 808 1122 849 magis
1150 807 1333 848 legitimum,
1349 817 1442 848 quam
1459 806 1544 847 quod
1567 804 1696 846 inutile,

223 874 330 896 revera
345 863 489 895 omnibus
504 862 682 893 hominibus
698 872 764 892 esse
780 866 921 892 censent.
945 871 1050 892 nonne
1066 861 1193 892 fateris?
1240 861 1322 892 Hip,
1348 860 1459 891 Fateor
1473 859 1631 901 equidem,
1647 859 1694 890 ita.

223 929 330 950 revera
357 928 434 949 esse.
490 917 545 948 So.
568 915 622 946 An
646 926 708 945 nou
732 915 776 945 ita
797 919 855 952 est,
874 919 907 945 ut
930 915 1062 946 scientes
1088 915 1288 946 existimant?
1334 915 1417 946 Hu‘.
1451 914 1591 945 Prorsus.
1635 913 1694 944 So.

223 971 355 1002 Praestat
370 976 486 1011 autem,
499 975 533 1000 ut
548 975 580 1000 tu
591 969 648 1007 ais,
660 968 918 1001 Lacedaemonios
932 969 1101 1009 disciplina
1111 975 1174 1005 tua,
1199 968 1297 1010 [285]
1321 969 1394 1000 licet
1410 970 1585 1010 peregrina,
1597 978 1692 1010 quarn

225 1025 323 1066 patria
341 1025 450 1056 imbui.
496 1024 579 1056 Hie.
604 1023 646 1054 Et
671 1034 743 1054 vera
759 1024 880 1064 loquor.
927 1024 982 1055 So.
1008 1024 1093 1060 Quin
1121 1024 1215 1054 etiam
1237 1034 1435 1064 quaecunque
1461 1022 1585 1054 utiliora
1608 1027 1694 1058 sunt,

225 1079 323 1120 magis
336 1079 473 1120 legitima
497 1078 601 1109 dicis?
648 1077 729 1108 Hm
754 1077 829 1108 Dixi
855 1077 1012 1118 equidem.
1059 1077 1114 1109 So.
1138 1077 1221 1118 Ergo
1247 1078 1418 1109 secundum
1439 1077 1591 1108 rationem
1607 1082 1693 1108 tuam

225 1133 323 1173 magis
338 1143 355 1163 e
372 1133 441 1174 lege
457 1137 515 1169 est,
531 1137 567 1162 ut
582 1132 890 1164 Lacedaemoniorum
907 1132 962 1162 filii
978 1132 1018 1162 ab
1033 1131 1168 1173 Hippia,
1185 1143 1278 1173 quam
1302 1142 1321 1162 a
1347 1131 1540 1173 parentibus,
1555 1131 1706 1176 docean-¹

224 1191 273 1217 tur
288 1198 294 1217 :
321 1186 576 1228 quandoquidem
592 1191 624 1216 tu
641 1186 749 1227 magis,
764 1197 857 1228 quam
875 1185 931 1226 illi,
945 1197 1049 1217 revera
1061 1187 1233 1227 prodesses.
1278 1185 1360 1219 Hm.
1385 1186 1568 1216 Prodessem
1583 1185 1693 1226 procul

225 1240 334 1278 dubio,
349 1241 502 1272 Socrates.
547 1241 602 1272 So.
627 1241 743 1271 Praeter
759 1240 857 1282 legem
875 1241 970 1282 igitur
991 1246 1089 1281 agunt
1105 1240 1348 1279 Lacedaemonii,
1363 1251 1434 1271 curn
1451 1239 1509 1270 tibi
1525 1239 1605 1270 filios
1621 1249 1694 1271 suos

224 1295 424 1332 erudiendos,
441 1295 506 1325 auri
531 1295 637 1325 oblata
663 1295 816 1330 mercede,
833 1305 896 1324 non
921 1295 1057 1326 tradant.
1103 1294 1186 1326 Hie.
1213 1294 1376 1325 Assentior
1397 1294 1555 1334 equidem.
1579 1293 1692 1324 videris

223 1348 306 1378 enirn
332 1358 387 1388 pro
412 1358 460 1378 mc
483 1348 599 1379 dicere.
623 1348 822 1388 quamobrem
839 1358 1012 1389 repugnare
1029 1348 1084 1378 tibi
1101 1359 1163 1378 non
1180 1348 1283 1379 decet.
1328 1348 1384 1379 So.
1409 1348 1568 1379 Bonarum
1584 1347 1689 1389 legum

223 1406 364 1443 expertes
380 1402 521 1433 Laconas
536 1413 603 1433 esse
618 1402 806 1438 invenimus,
823 1407 855 1432 et
878 1403 909 1432 in
926 1403 1015 1433 rebus
1033 1402 1159 1443 quidem
1177 1401 1329 1441 maximis,
1345 1412 1416 1432 cum
1434 1406 1537 1432 tamen
1555 1400 1690 1432 meliori-

221 1455 279 1485 bus
296 1455 416 1497 legibus
432 1466 524 1496 quam
539 1455 649 1496 reliqui
662 1456 766 1487 Graeci
778 1456 822 1487 uti
835 1456 1009 1488 videantur.
1055 1456 1100 1488 Te
1116 1467 1185 1487 vero
1198 1456 1324 1497 quando
1337 1456 1532 1497 potissimum
1549 1455 1691 1492 laudant,

224 1509 358 1550 Hippia,
372 1514 404 1539 et
420 1509 533 1550 quibus
548 1510 638 1539 rebus
655 1509 819 1540 audiendis
837 1510 994 1551 praecipue
1011 1510 1228 1541 delectantur?
1253 1521 1292 1540 an
1309 1509 1456 1541 videlicet
1467 1520 1537 1540 cunr
1554 1508 1606 1540 illa
1621 1519 1692 1539 nar-

222 1573 282 1600 ras,
299 1573 369 1604 quae
385 1562 452 1604 ipse
469 1563 593 1604 egregie
610 1563 704 1600 nosti,
720 1568 800 1594 astra
816 1563 1021 1604 coelestesque
1047 1573 1222 1604 progressus
1236 1564 1247 1593 ?
1293 1563 1376 1595 Hir.
1401 1562 1500 1593 Nullo
1513 1563 1606 1593 modo
1622 1563 1690 1594 haec

221 1617 386 1649 sustinent.
430 1617 485 1648 So.
510 1616 596 1647 Num
621 1617 798 1658 geometriae
821 1628 920 1648 sermo
946 1617 1018 1648 illos
1050 1617 1211 1648 oblectat?
1258 1617 1341 1649 Hie.
1376 1617 1511 1648 Minime
1541 1617 1692 1650 omniurn.

221 1682 293 1702 nam
321 1670 414 1712 pauci
440 1671 607 1701 admodum
637 1682 673 1701 ex
698 1671 770 1707 illis,
787 1676 821 1701 ut
844 1671 888 1702 ita
912 1671 1025 1708 dicam,
1051 1682 1211 1702 numerare
1236 1672 1350 1703 sciunt.
1395 1672 1451 1703 So.
1475 1671 1586 1712 Longe
1600 1671 1694 1712 igitur

221 1725 320 1760 abest,
349 1730 384 1755 ut
410 1725 664 1756 ratiocinationes
689 1725 1005 1766 computationesque
1033 1725 1165 1757 libenter
1195 1726 1336 1757 audiant.
1382 1725 1464 1758 Hu’.
1486 1725 1608 1766 Longe,
1636 1736 1692 1767 per

221 1779 346 1811 Jovem.
375 1779 444 1810 ·So.
469 1778 623 1819 Nunquid
640 1778 782 1819 illa,quae
799 1783 831 1808 tu
845 1779 1021 1810 acutissime
1034 1779 1172 1810 omnium
1183 1780 1342 1810 hominum
1357 1779 1520 1820 intelligis,
1533 1779 1689 1810 literarum

221 1832 473 1874 syllabarumque
490 1832 719 1868 distinctiones»,
736 1833 950 1874 rhythmorum
976 1834 1265 1875 harmoniarumque
1289 1833 1436 1864 naturas?
1483 1833 1563 1864 Hir.
1588 1833 1689 1870 Quas,

222 1896 240 1915 o
258 1885 340 1916 bone
356 1885 410 1922 vir,
427 1885 602 1916 harmonias
616 1896 652 1917 ac
670 1886 772 1917 literas
787 1887 797 1916 ?
843 1887 899 1917 So.
924 1886 967 1916 At
985 1898 1054 1929 quae
1072 1888 1198 1918 tandem
1212 1887 1272 1918 ista
1288 1892 1371 1923 sunt,
1385 1897 1455 1928 quae
1467 1886 1631 1917 audientes
1644 1886 1689 1917 illi

220 1939 375 1976 laetantur,
393 1944 486 1980 teque
510 1940 661 1970 laudant?
687 1945 718 1970 tu
744 1940 851 1971 saltem
879 1940 1003 1978 referas,
1020 1947 1184 1983 postquam
1210 1953 1269 1983 ego
1292 1941 1430 1972 invenire
1456 1952 1519 1971 non
1546 1951 1685 1983 possum.

219 1993 302 2024 Hu‘.
327 1994 458 2034 Stirpem
481 1995 607 2024 heroum
632 1999 725 2034 atque
748 1995 920 2030 hominum,
947 2001 979 2026 et
1006 1996 1202 2037 antiquarum
1223 1997 1342 2027 urbium
1369 1995 1628 2031 constructiones,
1650 2004 1688 2026 ac

219 2047 394 2078 summatim
412 2057 534 2077 omnem
551 2047 745 2088 antiquitatis
773 2049 928 2079 historiam
953 2054 1071 2080 attente
1095 2050 1239 2081 audiunt.
1285 2049 1441 2086 Quocirca
1456 2049 1577 2080 illorum
1592 2058 1688 2079 causa

220 2100 370 2138 ediscere,
393 2100 598 2142 meditarique
622 2100 714 2142 liujus
739 2102 860 2142 generis
883 2102 987 2132 onmia
1010 2108 1138 2133 coactus
1160 2113 1239 2134 sum.
1285 2103 1342 2135 SO.
1366 2102 1470 2140 Quam
1487 2102 1566 2134 bene
1582 2107 1687 2133 tecum

219 2159 323 2186 aetum
339 2159 397 2191 est,
413 2165 431 2185 o
456 2155 588 2196 Hippia,
605 2155 690 2196 quod
715 2155 945 2186 Lacedaemonii
971 2155 1101 2186 moleste
1128 2156 1239 2193 ferant,
1255 2156 1281 2187 si
1307 2155 1377 2197 quis
1393 2161 1513 2186 nostros
1529 2155 1687 2197 principes

217 2208 372 2250 incipiens
388 2219 406 2239 a
420 2207 536 2239 Solone
553 2214 721 2240 recenseat.
745 2209 884 2250 alioquin
902 2220 1008 2240 eorum
1026 2210 1203 2240 nominibus
1220 2210 1396 2241 ediscendis
1409 2209 1532 2251 fatigari
1547 2215 1576 2241 te
1593 2220 1686 2251 opor-

220 2262 340 2295 tuisset,
385 2262 468 2294 Hir.
492 2262 578 2299 Quid
595 2263 728 2304 fatigari,
746 2263 915 2294 Socrates?
941 2263 1034 2294 semel
1062 2264 1192 2294 audiens
1215 2263 1444 2305 quinquaginta
1464 2263 1604 2304 nomina,
1619 2274 1684 2295 me·

220 2316 344 2346 moriter
359 2321 508 2357 repetam.
553 2317 610 2347 So.
637 2317 737 2348 Probe
754 2318 899 2358 loqueris,
924 2318 978 2348 sod
995 2328 1052 2358 ego
1067 2323 1095 2348 te
1113 2318 1258 2348 memoria
1274 2317 1391 2358 pollere
1407 2327 1468 2348 non
1482 2317 1686 2349 adverteram.

219 2371 418 2411 Quapropter
446 2370 704 2402 Lacedaemonios
733 2377 761 2402 te
787 2371 895 2402 merito
919 2371 1078 2407 delectari,
1099 2377 1245 2413 tanquam
1273 2370 1436 2403 multarum
1461 2381 1560 2402 rerum
1585 2370 1684 2414 [286]

219 2424 329 2464 perito,
341 2423 407 2465 jam
424 2424 578 2466 intelligO,
595 2430 687 2467 teque
704 2426 834 2467 perinde
850 2426 909 2463 uti,
925 2436 961 2456 ac
978 2426 1109 2458 aniculis
1125 2425 1226 2466 pueri,
1241 2426 1278 2456 ad
1296 2425 1685 2467 confabtilaudijucuudi-

217 2482 323 2508 tatem.
371 2478 451 2510 Hm.
475 2479 535 2510 Per
550 2479 676 2519 Jovem,
693 2490 711 2509 o
731 2479 885 2516 Socrates,
908 2490 1008 2520 nuper
1023 2480 1142 2510 ibidem
1158 2481 1197 2510 de
1216 2478 1351 2520 pulchris
1367 2479 1491 2520 studiis,
1506 2479 1620 2521 quibus
1635 2479 1685 2510 in·

218 2532 361 2562 cumbere
374 2531 523 2572 juvenem
541 2534 644 2570 decet,
655 2534 826 2565 edisserens
842 2533 1038 2564 admirationi
1054 2533 1111 2564 fui.
1156 2533 1265 2564 Exstat
1285 2533 1368 2563 enim
1394 2533 1434 2564 dc
1450 2533 1486 2563 iis
1501 2543 1520 2564 a
1535 2543 1584 2564 me
1599 2543 1685 2564 com-

219 2584 322 2625 posita
338 2585 497 2616 luculenta
523 2587 666 2627 quaedam
691 2587 802 2625 oratio,
817 2598 888 2630 quae
911 2588 1070 2629 praecipue
1093 2588 1253 2619 verborum
1277 2587 1434 2628 elegantia
1454 2585 1565 2628 pollet.
1586 2586 1685 2619 forma

219 2648 291 2668 vero
307 2643 338 2669 et
354 2638 541 2680 principium
558 2641 705 2672 orationis
721 2641 876 2683 ejusmodi
888 2647 951 2673 est:
977 2642 1146 2684 Postquam
1163 2647 1256 2682 capta
1271 2647 1317 2672 est
1332 2639 1438 2681 Troja,
1453 2639 1683 2681 Neoptolemus

219 2691 383 2723 Nestorem
400 2692 611 2735 interrogavit,
627 2705 696 2736 qum
714 2696 777 2726 sint
794 2696 997 2737 pulcherrima
1021 2697 1138 2736 studia,
1154 2696 1266 2737 quibus
1294 2694 1476 2726 incumbens
1495 2693 1623 2735 juvenis
1639 2693 1684 2724 vir

218 2745 346 2776 illustris
372 2746 497 2778 evadat.
542 2747 602 2778 Cui
632 2749 825 2790 respondens
854 2749 970 2781 Nestor
993 2750 1090 2781 inulta
1115 2755 1146 2781 ct
1172 2749 1301 2791 pulchra
1337 2752 1494 2790 praecepta
1530 2754 1683 2780 recenset.

219 2798 312 2830 Ilanc
328 2799 473 2840 equidem
491 2800 662 2833 orationem
679 2803 720 2833 ibi
738 2804 874 2842 ostendi,
889 2809 920 2835 et
935 2804 985 2835 hic
1005 2814 1132 2846 quoque
1157 2805 1248 2836 tertia
1275 2804 1346 2835 hinc
1369 2802 1420 2834 die
1442 2802 1474 2834 in
1491 2801 1684 2833 Phidostrati

219 2852 306 2890 ludo,
323 2857 416 2894 atquc
433 2853 559 2895 insuper
569 2855 629 2886 alia
648 2857 743 2888 multa
760 2858 869 2889 auditu
886 2858 994 2900 digna,
1011 2863 1187 2890 ostensurus
1203 2869 1282 2890 sum.
1330 2857 1469 2889 Endicus
1487 2855 1582 2892 enim,
1603 2854 1686 2896 Api-

219 2906 314 2938 manti
332 2906 423 2946 filius,
440 2918 487 2939 me
503 2908 632 2950 rogavit.
677 2912 781 2947 Quare
798 2913 837 2944 da
855 2923 991 2955 operam,
1010 2918 1043 2944 ut
1060 2920 1091 2945 tu
1109 2924 1234 2955 quoque
1251 2911 1345 2951 adsis,
1360 2916 1391 2943 et
1410 2910 1488 2943 alios
1505 2914 1607 2942 tecum
1624 2908 1688 2940 du-
