1840 3225
141 178 237 228 930]
594 175 666 215 DE
697 172 927 212 LEGIBUS
960 173 1055 212 LlB.
1088 175 1159 212 XI.
1515 175 1589 212 431

135 290 199 312 non
223 291 242 311 a
265 286 352 322 patre
375 281 452 317 solo,
483 281 538 311 sed
566 290 585 310 a
607 290 720 322 genere
748 279 891 309 universo
918 279 1047 319 depelli.
1068 278 1173 319 itaque
1189 278 1221 308 in
1235 277 1327 308 rebus
1343 274 1521 317 hujusmodi
1537 275 1594 306 tali

132 335 270 375 quadam
284 334 353 376 lege
368 335 523 376 agendum
538 346 545 365 :
591 333 728 371 Quando
743 333 855 374 aliquis
867 332 985 363 infelici
1000 332 1218 373 indignatione
1235 336 1415 366 commotus,
1432 330 1499 360 sive
1517 329 1590 371 jure

135 398 190 419 seu
206 388 322 429 injuria
334 389 494 424 irascatur,
510 399 604 429 quem
620 388 729 429 gennit
743 387 953 427 educavitque
969 398 988 417 a
1002 387 1186 428 cognatione
1203 396 1258 416 sua
1272 385 1360 426 cupit
1374 385 1517 426 rejicere,-
1532 394 1597 414 non

136 441 233 472 liceat
259 443 370 473 leviter
394 443 559 483 subitoque
587 442 618 472 id
650 442 751 473 facere
765 453 770 470 z
797 441 851 471 sed
868 441 1003 482 primurn
1018 450 1132 481 genere
1149 440 1209 470 sibi
1224 440 1426 480 propinquos,
1442 449 1541 479 usque
1557 437 1598 468 ad

137 496 304 535 patrueles,
330 496 518 537 propinquos
538 497 613 526 item
637 495 701 526 filio
727 505 764 525 ex
781 495 880 536 >parte
909 495 1018 524 matris
1044 498 1198 524 convocet
1214 504 1219 522 :
1246 493 1332 534 apud
1361 503 1440 533 quos
1467 496 1594 522 accuset

139 550 247 585 filium,
265 551 475 592 ostendatque
488 549 616 591 dignum
633 560 713 585 esse,
730 549 784 590 qui
800 559 819 579 a
835 548 1018 590 propinquis
1043 548 1105 578 suis
1121 548 1265 578 omnibus
1280 547 1467 588 depellatur.
1484 546 1600 576 deinde

138 603 202 634 filio
219 615 343 646 quoque
358 594 483 634 causam
496 614 583 634 suam
600 604 725 634 dicendi
737 607 925 644 potestatem
939 602 1107 636 concedat,
1124 603 1207 642 quod
1219 601 1368 632 videlicet
1384 601 1454 630 talis
1468 611 1530 630 non
1548 601 1601 640 sit,

141 663 175 688 ut
199 658 290 700 rejici
319 658 443 689 debeat.
473 664 631 699 postremo
657 657 805 698 suffragia
833 662 943 698 przeter
967 661 1114 697 parentes
1138 662 1172 685 et
1198 655 1296 685 filium
1312 655 1413 696 ipsum
1429 653 1603 695 propinqui

140 721 258 748 omnes,
273 717 338 742 tam
349 712 409 742 viri
423 723 518 753 quam
535 712 690 752 mulieres,
707 712 878 746 conferant,
894 710 956 741 nisi
967 715 1040 741 aetas
1056 709 1283 751 impedimento
1307 710 1358 739 sit.
1383 714 1415 739 et
1444 709 1471 739 si
1501 709 1603 749 plura,

141 775 235 806 quam
257 765 396 796 dimidiae
420 767 529 807 partis,
555 766 700 807 suffragia
716 765 796 807 patri
813 764 1030 805 suffragantur,
1046 764 1140 794 liceat
1153 763 1182 794 ei
1200 763 1296 793 filium
1315 763 1460 793 abdicare
1479 773 1485 791 :
1511 762 1603 792 aliter

141 819 280 851 minime.
304 821 330 850 si
352 820 419 862 quis
446 827 551 852 autem
574 820 688 855 civium
704 819 882 850 abdicatum
900 819 1050 860 adoptare
1068 818 1212 854 voluerit,
1227 817 1315 848 nulla
1329 817 1363 847 id
1389 817 1459 858 lege
1473 821 1607 847 vetetur.

137 873 290 914 juvenum
306 875 388 904 enim
405 885 505 905 mores
520 884 606 916 saepe
618 874 651 904 in
667 874 736 904 dies
753 873 900 914 varieque
916 878 1088 903 mutantur.
1112 883 1148 903 ac
1173 872 1200 903 si
1219 882 1312 903 nemo
1328 872 1406 902 citra
1418 870 1607 902 decennium

143 928 297 970 rejectum
322 928 419 959 filium
443 923 639 970 conjungere⁴
658 928 716 958 sibi
739 927 910 968 adoptione
924 927 1068 962 voluerit,
1085 932 1245 958 curatores
1260 925 1357 967 prolis
1374 935 1467 966 supra
1482 924 1608 955 modum

143 983 297 1019 adauctae,
311 993 404 1023 quam
420 983 639 1014 constituimus
654 982 841 1014 transmissis
858 981 990 1012 coloniis
1006 981 1172 1022 amputari,
1194 980 1234 1010 de
1261 981 1308 1010 his
1325 990 1448 1021 quoque
1464 978 1611 1020 provide·-=

144 1042 209 1072 ant,
226 1041 261 1067 ut
276 1036 416 1078 ejusdem
432 1037 563 1068 coloniae
579 1037 752 1078 participes
768 1046 906 1076 congrue
922 1035 1009 1065 fiant.
1021 1036 1045 1065 si
1061 1036 1130 1075 quis
1141 1034 1249 1065 morbo
1261 1039 1314 1064 aut
1326 1034 1413 1064 senio
1427 1039 1479 1063 aut
1488 1042 1610 1063 morum

144 1090 314 1121 acerbitate
330 1096 384 1121 aut
399 1091 448 1121 his
464 1091 608 1121 omnibus
621 1092 721 1132 magis
737 1101 828 1132 quam
841 1090 892 1120 alii
905 1089 1081 1130 exagitatus
1096 1090 1128 1118 in
1143 1088 1337 1119 dementiam
1349 1087 1480 1122 incidat,
1492 1088 1553 1117 late
1565 1092 1611 1116 at-

145 1155 205 1185 que
212 1144 244 1174 id
258 1155 366 1175 omnes
378 1150 492 1186 praeter
502 1138 710 1184 domesticosj.
727 1145 782 1175 ille
792 1155 865 1174 vero
877 1149 1027 1184 tanquam
1039 1143 1184 1173 dominus
1195 1153 1259 1174 rem
1272 1143 1455 1173 familiarem
1469 1141 1613 1182 dissipet,

147 1205 179 1230 et
201 1199 284 1230 filius
308 1199 476 1230 dementiae
502 1205 619 1241 patrem
644 1209 790 1230 accusare
816 1198 984 1229 formidet:
1010 1199 1061 1228 lex
1076 1199 1121 1227 ita
1137 1197 1204 1227 fieri
1221 1196 1344 1237 jubeat.
1368 1196 1470 1236 primo
1485 1195 1613 1236 quidem

148 1253 241 1290 filius,
272 1253 314 1283 ad
329 1254 469 1283 seniores
499 1254 603 1292 legum
631 1254 778 1284 custodes
801 1253 967 1293 profectus,
985 1251 1195 1282 calamitatem
1218 1250 1317 1291 patris
1343 1254 1487 1280 enarret:
1514 1249 1615 1289 quire

146 1307 224 1338 satis
254 1307 408 1348 inspecta,
439 1308 635 1337 accusandus
667 1318 767 1338 necne
797 1312 888 1347 pater
915 1306 966 1342 sit,
997 1306 1176 1336 consulant.
1201 1303 1317 1334 deinde
1345 1304 1372 1334 si
1402 1303 1614 1334 accusandum

147 1361 356 1396 decreverint,
383 1365 479 1391 testes
503 1361 593 1391 simul
617 1366 650 1390 et
675 1360 838 1401 adjutores
866 1360 930 1390 sint
945 1360 1120 1390 accusanti.
1137 1363 1170 1388 et
1185 1358 1212 1388 si
1229 1362 1316 1398 pater
1332 1357 1542 1395 damnabitur,
1556 1368 1616 1388 nee

147 1415 311 1445 minimum
334 1414 461 1455 quidem
500 1413 540 1444 de
570 1414 661 1443 rebus
692 1414 757 1442 suis
785 1413 818 1442 in
852 1417 1012 1453 posterum
1044 1411 1212 1452 disponere
1239 1400 1345 1452 queat,
1375 1422 1434 1442 nec
1464 1416 1616 1451 tanquam

148 1468 373 1511 paterfamilias
387 1468 532 1509 amplius,
549 1467 604 1497 sed
622 1467 711 1507 quasi
726 1467 810 1497 filius
828 1477 864 1497 ac
878 1477 966 1507 puer,
977 1467 1105 1497 domum
1119 1466 1248 1496 habitet.
1261 1466 1287 1497 si
1300 1466 1347 1496 vir
1360 1470 1392 1496 et
1402 1475 1478 1496 uxor
1489 1470 1619 1506 propter

149 1533 266 1554 morum
294 1521 493 1553 acerbitatem
517 1521 650 1552 invicem
678 1532 740 1552 non
757 1520 958 1556 conveniant,
973 1520 1086 1550 decem
1100 1520 1160 1550 viri
1174 1520 1213 1550 de
1229 1521 1334 1561 legum
1350 1519 1546 1554 custodibus,
1563 1520 1619 1560 qui

149 1576 243 1608 medii
273 1576 348 1611 sint,
373 1580 407 1606 et
435 1575 548 1606 decem
578 1575 722 1606 mulieres
741 1575 781 1605 de
806 1574 1008 1605 curatricibus
1038 1574 1261 1604 connubiorum
1294 1573 1491 1613 provideant.
1517 1573 1616 1614 [930]

149 1642 278 1673 quorum
302 1630 462 1660 sententia
488 1630 516 1660 si
540 1630 585 1660 ita
611 1629 772 1660 conciliati
797 1629 924 1664 fuerint,
951 1627 1055 1658 valida
1078 1631 1111 1657 et
1125 1626 1248 1657 stabilis
1264 1627 1424 1657 habeatur.
1448 1626 1496 1656 sin
1512 1632 1618 1657 autem

148 1686 271 1717 illorum
288 1684 384 1715 animi
399 1684 618 1715 vehementius
633 1684 726 1714 etiam
740 1683 901 1720 iracundia
915 1682 1085 1717 fluctuent,
1099 1681 1183 1711 facto
1199 1679 1334 1710 divortio
1351 1681 1422 1710 illos
1435 1690 1490 1721 pro
1504 1680 1620 1711 viribus

151 1739 372 1781 quaerant‚⁴qui
383 1739 520 1780 utrisque
535 1738 734 1769 conveniant.
758 1736 904 1767 videntur
916 1741 1022 1767 autem
1037 1735 1070 1766 in
1083 1734 1238 1777 ejusmodi
1251 1734 1428 1764 hominibus
1443 1734 1621 1765 acerbiores

151 1800 262 1826 natura
275 1803 377 1825 mores
392 1793 505 1824 inesse.
531 1784 625 1834 quare
644 1793 808 1822 maturiora
823 1790 1009 1832 mitioraque
1022 1790 1152 1831 ingenia
1167 1789 1236 1820 istis
1250 1788 1519 1820 accommodanda
1533 1794 1620 1829 suut,

151 1853 194 1885 et,
211 1839 389 1890 quicunque
405 1847 472 1885 sine
486 1847 559 1877 filiis
574 1852 647 1877 sunt
657 1852 711 1877 aut
720 1850 1064 1888 paucosprocrearunt,
1080 1844 1345 1885 dissentiuntque‚
1357 1843 1622 1884 procreandorum

151 1903 317 1934 liberorum
345 1912 449 1938 causa·
460 1901 638 1943 conjugium
649 1933 651 1936 ⁴
662 1911 767 1938 rursus
788 1911 925 1942 quaerere
941 1898 1171 1940 compellendi.
1194 1898 1279 1939 quod
1296 1897 1321 1928 si
1338 1898 1416 1928 filios
1429 1907 1492 1927 non
1507 1906 1624 1938 paucos

152 1956 271 1993 habent,
295 1961 389 1997 atque
413 1956 614 1992 dissentiunt,
642 1956 814 1987 senectutis
841 1959 950 1995 mutuo
972 1954 1118 1985 curandae
1146 1953 1255 1994 gratia,
1276 1952 1409 1987 divortio
1424 1951 1518 1988 facto,
1536 1951 1624 1982 aliud

155 2009 333 2052 conjugium
362 2010 480 2040 ineant.
503 2010 529 2040 si
543 2009 652 2040 mulier
677 2009 788 2040 liberis
816 2009 954 2039 maribus
981 2008 1170 2048 seminisque
1202 2006 1319 2038 relictis
1347 2012 1468 2036 mortua
1490 2010 1549 2043 est,
1574 1995 1626 2037 lex⁴

153 2065 252 2095 virum
268 2074 332 2094 non
349 2069 440 2104 cogat
454 2063 595 2105 quidem,
611 2063 668 2094 sed
684 2063 884 2105 persuadeat,
911 2063 992 2093 filios
1009 2072 1082 2093 suos
1099 2061 1246 2096 educare,
1261 2061 1398 2091 adducta
1425 2070 1569 2095 noverca.
1593 2064 1626 2090 at

153 2118 180 2150 si
197 2117 345 2155 defuncta
369 2128 447 2148 uxor
465 2118 546 2148 filios
560 2128 624 2148 non
639 2118 815 2159 reliquerit,
831 2117 904 2148 duci
921 2117 1051 2148 alteram
1067 2121 1169 2157 cogat,
1195 2125 1231 2145 ex
1249 2124 1313 2155 qua
1335 2119 1403 2145 tum
1417 2114 1544 2145 familiae
1560 2125 1626 2146 suae

155 2177 221 2203 turn
247 2171 378 2208 civitati,
403 2179 555 2213 quantum
581 2172 658 2203 satis
682 2173 735 2212 sit,
759 2172 880 2213 prolem
904 2175 1058 2214 procreet.
1083 2170 1108 2200 si
1124 2170 1168 2199 vir
1184 2169 1376 2205 sufficientes
1392 2168 1518 2210 reliquit
1533 2168 1626 2209 filios,

155 2233 254 2258 mater
276 2227 360 2268 ipsos
385 2226 482 2257 vidua
506 2227 652 2260 educato.
675 2228 759 2268 quod
784 2227 810 2258 si
837 2226 941 2268 junior
966 2235 1038 2256 esse
1055 2223 1208 2259 videatur,
1224 2233 1319 2264 quam
1334 2228 1368 2253 ut
1383 2233 1460 2252 sana
1477 2223 1544 2253 sine
1557 2223 1627 2259 *viro

156 2280 263 2311 vivere
292 2280 403 2321 possit,
433 2281 603 2322 propinqui
631 2280 709 2322 ejus,
735 2291 804 2311 cum
836 2279 1021 2310 mulieribus
1036 2277 1260 2309 connubiorum
1276 2276 1479 2307 curatricibus
1493 2277 1626 2308 consilio

155 2333 275 2368 habito,
290 2333 375 2374 qnod
387 2333 445 2364 sibi
459 2334 586 2374 illisque
600 2327 767 2384 videbitur,
777 2334 812 2365 id
823 2338 1045 2375 exsequantur.
1069 2333 1092 2363 si
1109 2341 1182 2362 vero
1195 2331 1304 2361 liberis
1316 2336 1441 2371 egeant,
1456 2331 1626 2362 liberorum

158 2398 282 2429 quoque
296 2387 395 2428 gratia
409 2387 526 2418 ducant
546 2388 718 2419 nubantve.
740 2388 907 2419 liberorum
923 2393 1030 2419 autem
1045 2386 1203 2417 sufficiens
1218 2394 1366 2415 numerus
1382 2394 1446 2414 mas
1462 2389 1495 2415 et
1510 2384 1628 2416 femina

158 2441 333 2473 secuudum
346 2441 459 2482 legem.
485 2441 630 2482 quotiens
646 2443 792 2483 utrinque
808 2443 1004 2478 conceditur,
1021 2445 1110 2471 natos
1127 2449 1237 2480 pueros
1253 2449 1360 2469 eorum
1376 2438 1458 2469 filios
1474 2448 1555 2475 esse,
1571 2438 1630 2480 qui

159 2496 219 2527 sibi
235 2506 290 2526 eos
303 2495 482 2532 vendicant,
499 2496 554 2526 sed
571 2506 622 2526 res
632 2495 755 2537 judicio
771 2501 855 2537 eget,
871 2503 974 2527 utrum
986 2499 1154 2537 parentum
1170 2493 1277 2535 potius
1293 2493 1382 2533 sequi
1396 2497 1489 2523 natus
1502 2493 1628 2529 debeat,

159 2551 203 2582 sic
231 2557 350 2591 agatur.
373 2559 463 2580 serva
487 2549 513 2579 si
541 2559 630 2580 servo
652 2555 707 2580 aut
728 2550 825 2581 libero
847 2556 901 2581 aut
924 2550 1036 2580 liberto
1052 2549 1222 2590 conjuncta
1235 2547 1370 2588 peperit,
1385 2557 1482 2577 serrae
1499 2546 1628 2578 domiuo

158 2610 251 2635 natus
266 2605 372 2635 detur:
397 2604 444 2634 sin
461 2614 498 2634 cx
510 2613 600 2634 servo
614 2604 712 2635 libera
727 2594 860 2645 peperit.
876 2603 958 2634 servi
974 2603 1118 2634 dominus
1131 2601 1197 2631 nati
1216 2600 1360 2631 similiter
1382 2600 1526 2632 dominus
1548 2608 1629 2632 esto.

159 2659 245 2700 quod
268 2659 292 2689 si
321 2658 478 2699 quispiam
503 2667 542 2687 ex
564 2667 653 2687 serva
679 2668 736 2688 sua
760 2663 869 2688 natum
897 2658 1080 2698 susceperit,
1107 2661 1160 2686 aut
1175 2654 1333 2695 quaepiam
1344 2666 1382 2685 ex
1397 2664 1487 2685 servo
1502 2655 1628 2696 peperit

160 2712 296 2752 proprio,
313 2711 406 2752 idque
423 2716 540 2752 pateat,
555 2716 664 2740 natum
679 2710 805 2751 quidem
822 2721 859 2741 ex
877 2720 968 2741 serva
985 2717 1015 2741 et
1032 2711 1129 2740 libero
1143 2708 1294 2739 mulieres
1307 2708 1340 2739 in
1355 2708 1451 2739 aliam
1466 2708 1629 2749 regionem

163 2775 232 2796 cum
244 2770 331 2806 patre
345 2765 434 2795 simul
451 2765 594 2794 emittant
612 2776 618 2794 :
643 2771 751 2795 natum
780 2775 854 2795 vero
871 2776 908 2795 ex
926 2765 1023 2795 libera
1039 2770 1071 2794 et
1087 2773 1175 2793 servo
1192 2763 1299 2803 legum
1313 2762 1463 2793 custodes
1479 2772 1541 2792 una
1556 2772 1628 2791 cuni

164 2823 260 2859 matre
276 2825 362 2849 extra
377 2819 454 2848 fines
471 2819 642 2859 expellant.
665 2824 811 2860 parentes
825 2819 985 2859 negligere
1000 2829 1058 2848 nec
1075 2817 1168 2848 Deus
1182 2826 1240 2847 nec
1258 2817 1350 2848 horno
1365 2816 1480 2846 mentis
1501 2825 1630 2855 compos

165 2871 261 2913 alicui
285 2881 423 2913 unquam
437 2873 591 2904 consulet.
615 2874 670 2903 sed
687 2873 771 2915 quod
788 2874 827 2903 de
844 2873 929 2904 cultu
947 2873 1087 2903 Deorum
1104 2872 1247 2912 ignorare
1263 2881 1326 2903 non
1342 2875 1473 2912 oportet,
1497 2869 1528 2900 id
1546 2876 1627 2902 recte
