<?xml version="1.0" encoding="UTF-8"?>
<!DOCTYPE html PUBLIC "-//W3C//DTD XHTML 1.0 Transitional//EN"
    "http://www.w3.org/TR/xhtml1/DTD/xhtml1-transitional.dtd">
<html xmlns="http://www.w3.org/1999/xhtml" xml:lang="en" lang="en">
 <head>
  <title>
</title>
<meta http-equiv="Content-Type" content="text/html;charset=utf-8" />
  <meta name='ocr-system' content='tesseract 3.04.00' />
  <meta name='ocr-capabilities' content='ocr_page ocr_carea ocr_par ocr_line ocrx_word'/>
</head>
<body>
  <div class='ocr_page' id='page_1' title='image "./platonisetquaeve11plat_0129.png"; bbox 0 0 1840 3225; ppageno 0'>
   <div class='ocr_carea' id='block_1_1' title="bbox 156 241 1613 294">
    <p class='ocr_par' dir='ltr' id='par_1_1' title="bbox 156 241 1613 294">
     <span class='ocr_line' id='line_1_1' title="bbox 156 241 1613 294; baseline -0.001 -12"><span class='ocrx_word' id='word_1_1' title='bbox 156 245 251 294; x_wconf 86' lang='lat'>387]</span> <span class='ocrx_word' id='word_1_2' title='bbox 580 243 651 280; x_wconf 93' lang='lat' dir='ltr'>DE</span> <span class='ocrx_word' id='word_1_3' title='bbox 683 241 988 279; x_wconf 84' lang='lat' dir='ltr'><strong>REPUBLICA</strong></span> <span class='ocrx_word' id='word_1_4' title='bbox 1020 241 1118 279; x_wconf 84' lang='lat' dir='ltr'>LlB.</span> <span class='ocrx_word' id='word_1_5' title='bbox 1151 242 1222 279; x_wconf 91' lang='lat' dir='ltr'>lll.</span> <span class='ocrx_word' id='word_1_6' title='bbox 1539 244 1613 280; x_wconf 73' lang='lat'>115</span> 
     </span>
    </p>
   </div>
   <div class='ocr_carea' id='block_1_2' title="bbox 145 342 1611 868">
    <p class='ocr_par' dir='ltr' id='par_1_2' title="bbox 145 342 1611 868">
     <span class='ocr_line' id='line_1_2' title="bbox 155 342 1611 387; baseline 0 -11"><span class='ocrx_word' id='word_1_7' title='bbox 155 356 256 387; x_wconf 86' lang='lat' dir='ltr'>neque</span> <span class='ocrx_word' id='word_1_8' title='bbox 272 345 469 386; x_wconf 77' lang='lat' dir='ltr'>AEschylum‚</span> <span class='ocrx_word' id='word_1_9' title='bbox 485 355 554 375; x_wconf 92' lang='lat' dir='ltr'>cum</span> <span class='ocrx_word' id='word_1_10' title='bbox 570 344 677 374; x_wconf 83' lang='lat' dir='ltr'>Thetis</span> <span class='ocrx_word' id='word_1_11' title='bbox 695 343 796 385; x_wconf 89' lang='lat' dir='ltr'>inquit</span> <span class='ocrx_word' id='word_1_12' title='bbox 810 342 990 384; x_wconf 83' lang='lat' dir='ltr'><strong>Apollinem</strong></span> <span class='ocrx_word' id='word_1_13' title='bbox 1007 343 1102 372; x_wconf 78' lang='lat' dir='ltr'>filium</span> <span class='ocrx_word' id='word_1_14' title='bbox 1127 344 1196 383; x_wconf 80' lang='lat' dir='ltr'>ejus</span> <span class='ocrx_word' id='word_1_15' title='bbox 1221 344 1423 383; x_wconf 75' lang='lat' dir='ltr'>interemisse,</span> <span class='ocrx_word' id='word_1_16' title='bbox 1439 345 1491 385; x_wconf 88' lang='lat' dir='ltr'>qui</span> <span class='ocrx_word' id='word_1_17' title='bbox 1510 350 1611 376; x_wconf 81' lang='lat' dir='ltr'>tamen</span> 
     </span>
     <span class='ocr_line' id='line_1_3' title="bbox 150 395 1610 440; baseline 0 -11"><span class='ocrx_word' id='word_1_18' title='bbox 150 399 184 429; x_wconf 88' lang='lat' dir='ltr'>in</span> <span class='ocrx_word' id='word_1_19' title='bbox 199 398 266 440; x_wconf 85' lang='lat' dir='ltr'>ejus</span> <span class='ocrx_word' id='word_1_20' title='bbox 283 399 402 440; x_wconf 78' lang='lat' dir='ltr'>nuptiis</span> <span class='ocrx_word' id='word_1_21' title='bbox 417 398 615 430; x_wconf 87' lang='lat' dir='ltr'>discumbens</span> <span class='ocrx_word' id='word_1_22' title='bbox 630 396 796 428; x_wconf 84' lang='lat' dir='ltr'>cecinisset</span> <span class='ocrx_word' id='word_1_23' title='bbox 811 396 919 427; x_wconf 79' lang='lat' dir='ltr'>bonam</span> <span class='ocrx_word' id='word_1_24' title='bbox 936 395 1080 426; x_wconf 75' lang='lat' dir='ltr'>Thetidis</span> <span class='ocrx_word' id='word_1_25' title='bbox 1095 396 1223 436; x_wconf 74' lang='lat' dir='ltr'>stirpem</span> <span class='ocrx_word' id='word_1_26' title='bbox 1229 397 1304 434; x_wconf 84' lang='lat' dir='ltr'>fore</span> <span class='ocrx_word' id='word_1_27' title='bbox 1330 398 1504 436; x_wconf 76' lang='lat' dir='ltr'>longoemm</span> <span class='ocrx_word' id='word_1_28' title='bbox 1530 409 1610 429; x_wconf 86' lang='lat' dir='ltr'>mor-</span> 
     </span>
     <span class='ocr_line' id='line_1_4' title="bbox 150 449 1610 503; baseline 0 -20"><span class='ocrx_word' id='word_1_29' title='bbox 150 451 258 494; x_wconf 78' lang='lat' dir='ltr'>bisque</span> <span class='ocrx_word' id='word_1_30' title='bbox 273 453 442 484; x_wconf 83' lang='lat' dir='ltr'>intactam.-</span> <span class='ocrx_word' id='word_1_31' title='bbox 469 452 594 483; x_wconf 78' lang='lat' dir='ltr'>Cecinit</span> <span class='ocrx_word' id='word_1_32' title='bbox 607 451 718 491; x_wconf 79' lang='lat' dir='ltr'>quippe</span> <span class='ocrx_word' id='word_1_33' title='bbox 733 451 831 481; x_wconf 83' lang='lat' dir='ltr'>multa</span> <span class='ocrx_word' id='word_1_34' title='bbox 849 449 972 490; x_wconf 80' lang='lat' dir='ltr'><em>Apollo,</em></span> <span class='ocrx_word' id='word_1_35' title='bbox 988 449 1099 489; x_wconf 86' lang='lat' dir='ltr'>inquit,</span> <span class='ocrx_word' id='word_1_36' title='bbox 1108 449 1320 503; x_wconf 66' lang='lat' dir='ltr'>fortuuqsque</span> <span class='ocrx_word' id='word_1_37' title='bbox 1335 461 1417 482; x_wconf 84' lang='lat' dir='ltr'>meas</span> <span class='ocrx_word' id='word_1_38' title='bbox 1436 451 1505 482; x_wconf 87' lang='lat' dir='ltr'>Deo</span> <span class='ocrx_word' id='word_1_39' title='bbox 1531 453 1610 484; x_wconf 75' lang='grc' dir='ltr'>ιιιηὶ-</span> 
     </span>
     <span class='ocr_line' id='line_1_5' title="bbox 151 502 1611 548; baseline -0.001 -10"><span class='ocrx_word' id='word_1_40' title='bbox 151 516 206 538; x_wconf 85' lang='lat' dir='ltr'>cas</span> <span class='ocrx_word' id='word_1_41' title='bbox 220 506 296 545; x_wconf 76' lang='lat' dir='ltr'>sore</span> <span class='ocrx_word' id='word_1_42' title='bbox 313 505 479 548; x_wconf 75' lang='lat' dir='ltr'>praedixit,</span> <span class='ocrx_word' id='word_1_43' title='bbox 495 509 524 536; x_wconf 84' lang='lat' dir='ltr'>et</span> <span class='ocrx_word' id='word_1_44' title='bbox 549 505 665 536; x_wconf 63' lang='lat' dir='ltr'>aetitia</span> <span class='ocrx_word' id='word_1_45' title='bbox 687 514 735 535; x_wconf 82' lang='lat' dir='ltr'>mc</span> <span class='ocrx_word' id='word_1_46' title='bbox 760 502 994 534; x_wconf 79' lang='lat' dir='ltr'><em>laudationibus</em></span> <span class='ocrx_word' id='word_1_47' title='bbox 1009 503 1075 533; x_wconf 77' lang='lat' dir='ltr'>suis</span> <span class='ocrx_word' id='word_1_48' title='bbox 1094 502 1212 543; x_wconf 80' lang='lat' dir='ltr'>affecit.</span> <span class='ocrx_word' id='word_1_49' title='bbox 1243 508 1336 544; x_wconf 82' lang='lat' dir='ltr'>atque</span> <span class='ocrx_word' id='word_1_50' title='bbox 1361 515 1417 544; x_wconf 73' lang='lat' dir='ltr'>ego</span> <span class='ocrx_word' id='word_1_51' title='bbox 1440 515 1473 536; x_wconf 84' lang='lat' dir='ltr'>os</span> <span class='ocrx_word' id='word_1_52' title='bbox 1497 505 1611 536; x_wconf 76' lang='lat' dir='ltr'>Phoebc&#39;</span> 
     </span>
     <span class='ocr_line' id='line_1_6' title="bbox 148 556 1610 600; baseline -0.001 -10"><span class='ocrx_word' id='word_1_53' title='bbox 148 560 312 600; x_wconf 78' lang='lat' dir='ltr'><strong><em>sperabam</em></strong></span> <span class='ocrx_word' id='word_1_54' title='bbox 325 560 480 600; x_wconf 71' lang='lat' dir='ltr'>divinum,</span> <span class='ocrx_word' id='word_1_55' title='bbox 496 558 906 598; x_wconf 71' lang='lat' dir='ltr'>veridicumfatidicamque</span> <span class='ocrx_word' id='word_1_56' title='bbox 927 567 1004 588; x_wconf 77' lang='lat' dir='ltr'>esse.</span> <span class='ocrx_word' id='word_1_57' title='bbox 1027 556 1093 597; x_wconf 82' lang='lat' dir='ltr'>ipse</span> <span class='ocrx_word' id='word_1_58' title='bbox 1115 567 1187 588; x_wconf 74' lang='lat' dir='ltr'>vero</span> <span class='ocrx_word' id='word_1_59' title='bbox 1212 558 1305 594; x_wconf 80' lang='lat' dir='ltr'>idem,</span> <span class='ocrx_word' id='word_1_60' title='bbox 1322 559 1376 599; x_wconf 79' lang='lat' dir='ltr'>qui</span> <span class='ocrx_word' id='word_1_61' title='bbox 1402 559 1562 599; x_wconf 80' lang='lat' dir='ltr'>laudabat,</span> <span class='ocrx_word' id='word_1_62' title='bbox 1575 559 1610 590; x_wconf 79' lang='lat' dir='ltr'>in</span> 
     </span>
     <span class='ocr_line' id='line_1_7' title="bbox 149 610 1611 654; baseline -0.001 -9"><span class='ocrx_word' id='word_1_63' title='bbox 149 623 256 645; x_wconf 85' lang='lat' dir='ltr'>mensa</span> <span class='ocrx_word' id='word_1_64' title='bbox 269 617 300 645; x_wconf 85' lang='lat' dir='ltr'>et</span> <span class='ocrx_word' id='word_1_65' title='bbox 314 613 380 654; x_wconf 77' lang='lat' dir='ltr'>ipse</span> <span class='ocrx_word' id='word_1_66' title='bbox 394 612 599 649; x_wconf 79' lang='lat' dir='ltr'><strong><em>discumbens,</em></strong></span> <span class='ocrx_word' id='word_1_67' title='bbox 616 612 680 652; x_wconf 76' lang='lat' dir='ltr'>ipse</span> <span class='ocrx_word' id='word_1_68' title='bbox 703 612 769 642; x_wconf 78' lang='lat' dir='ltr'>haec</span> <span class='ocrx_word' id='word_1_69' title='bbox 777 610 883 649; x_wconf 71' lang='lat' dir='ltr'>satu-3,</span> <span class='ocrx_word' id='word_1_70' title='bbox 897 611 963 650; x_wconf 80' lang='lat' dir='ltr'>ipse</span> <span class='ocrx_word' id='word_1_71' title='bbox 978 610 1062 641; x_wconf 79' lang='lat' dir='ltr'>idem</span> <span class='ocrx_word' id='word_1_72' title='bbox 1077 610 1155 641; x_wconf 65' lang='lat' dir='ltr'>milti</span> <span class='ocrx_word' id='word_1_73' title='bbox 1169 611 1280 653; x_wconf 80' lang='lat' dir='ltr'>filium</span> <span class='ocrx_word' id='word_1_74' title='bbox 1304 612 1475 650; x_wconf 74' lang='lat' dir='ltr'>interfecit.</span> <span class='ocrx_word' id='word_1_75' title='bbox 1521 613 1611 643; x_wconf 76' lang='lat' dir='ltr'>Talia</span> 
     </span>
     <span class='ocr_line' id='line_1_8' title="bbox 150 664 1609 708; baseline 0 -11"><span class='ocrx_word' id='word_1_76' title='bbox 150 667 293 707; x_wconf 85' lang='lat' dir='ltr'>quaedam</span> <span class='ocrx_word' id='word_1_77' title='bbox 309 667 452 708; x_wconf 75' lang='lat' dir='ltr'>quotiens</span> <span class='ocrx_word' id='word_1_78' title='bbox 468 667 507 697; x_wconf 86' lang='lat' dir='ltr'>de</span> <span class='ocrx_word' id='word_1_79' title='bbox 524 666 595 696; x_wconf 87' lang='lat' dir='ltr'>Diis</span> <span class='ocrx_word' id='word_1_80' title='bbox 620 666 773 702; x_wconf 80' lang='lat' dir='ltr'>dicentur,</span> <span class='ocrx_word' id='word_1_81' title='bbox 791 664 930 705; x_wconf 81' lang='lat' dir='ltr'>protinus</span> <span class='ocrx_word' id='word_1_82' title='bbox 956 664 1190 694; x_wconf 79' lang='lat' dir='ltr'>reclamabimus</span> <span class='ocrx_word' id='word_1_83' title='bbox 1214 665 1528 707; x_wconf 63' lang='lat' dir='ltr'>exsibilabimusque:</span> <span class='ocrx_word' id='word_1_84' title='bbox 1555 677 1609 698; x_wconf 91' lang='lat' dir='ltr'>nc-</span> 
     </span>
     <span class='ocr_line' id='line_1_9' title="bbox 148 717 1609 761; baseline -0.001 -10"><span class='ocrx_word' id='word_1_85' title='bbox 148 729 211 761; x_wconf 79' lang='lat' dir='ltr'>que</span> <span class='ocrx_word' id='word_1_86' title='bbox 227 720 449 761; x_wconf 68' lang='lat' dir='ltr'>permittemus,</span> <span class='ocrx_word' id='word_1_87' title='bbox 464 726 497 750; x_wconf 87' lang='lat' dir='ltr'>ut</span> <span class='ocrx_word' id='word_1_88' title='bbox 522 719 664 750; x_wconf 90' lang='lat' dir='ltr'>ludorum</span> <span class='ocrx_word' id='word_1_89' title='bbox 692 718 827 759; x_wconf 79' lang='lat' dir='ltr'>magistri</span> <span class='ocrx_word' id='word_1_90' title='bbox 853 719 892 748; x_wconf 87' lang='lat' dir='ltr'>ad</span> <span class='ocrx_word' id='word_1_91' title='bbox 915 717 1091 758; x_wconf 83' lang='lat' dir='ltr'>juventutis</span> <span class='ocrx_word' id='word_1_92' title='bbox 1117 718 1314 758; x_wconf 77' lang='lat' dir='ltr'>disciplinam</span> <span class='ocrx_word' id='word_1_93' title='bbox 1341 719 1407 749; x_wconf 84' lang='lat' dir='ltr'>istis</span> <span class='ocrx_word' id='word_1_94' title='bbox 1433 724 1567 756; x_wconf 80' lang='lat' dir='ltr'>utantur,</span> <span class='ocrx_word' id='word_1_95' title='bbox 1585 720 1609 749; x_wconf 87' lang='lat' dir='ltr'>si</span> 
     </span>
     <span class='ocr_line' id='line_1_10' title="bbox 145 771 1607 814; baseline 0.001 -11"><span class='ocrx_word' id='word_1_96' title='bbox 145 774 294 804; x_wconf 76' lang='lat' dir='ltr'><strong>custodes</strong></span> <span class='ocrx_word' id='word_1_97' title='bbox 309 774 392 814; x_wconf 87' lang='lat' dir='ltr'>apud</span> <span class='ocrx_word' id='word_1_98' title='bbox 410 784 466 803; x_wconf 91' lang='lat' dir='ltr'>nos</span> <span class='ocrx_word' id='word_1_99' title='bbox 483 773 528 814; x_wconf 85' lang='lat' dir='ltr'>pii</span> <span class='ocrx_word' id='word_1_100' title='bbox 544 780 637 814; x_wconf 88' lang='lat' dir='ltr'>atquc</span> <span class='ocrx_word' id='word_1_101' title='bbox 653 773 763 807; x_wconf 84' lang='lat' dir='ltr'>divini,</span> <span class='ocrx_word' id='word_1_102' title='bbox 779 773 883 813; x_wconf 86' lang='lat' dir='ltr'>quoad</span> <span class='ocrx_word' id='word_1_103' title='bbox 901 771 1016 801; x_wconf 88' lang='lat' dir='ltr'>homini</span> <span class='ocrx_word' id='word_1_104' title='bbox 1035 772 1183 812; x_wconf 85' lang='lat' dir='ltr'>possibile</span> <span class='ocrx_word' id='word_1_105' title='bbox 1209 778 1267 809; x_wconf 81' lang='lat' dir='ltr'>cst,</span> <span class='ocrx_word' id='word_1_106' title='bbox 1284 773 1379 803; x_wconf 83' lang='lat' dir='ltr'>futuri</span> <span class='ocrx_word' id='word_1_107' title='bbox 1396 779 1479 806; x_wconf 85' lang='lat' dir='ltr'>sunt.</span> <span class='ocrx_word' id='word_1_108' title='bbox 1527 773 1607 805; x_wconf 82' lang='lat' dir='ltr'>Am.</span> 
     </span>
     <span class='ocr_line' id='line_1_11' title="bbox 150 824 1154 868; baseline -0.002 -10"><span class='ocrx_word' id='word_1_109' title='bbox 150 825 285 868; x_wconf 82' lang='lat' dir='ltr'><strong>Accipio</strong></span> <span class='ocrx_word' id='word_1_110' title='bbox 301 827 446 868; x_wconf 79' lang='lat' dir='ltr'><strong>equidem</strong></span> <span class='ocrx_word' id='word_1_111' title='bbox 463 828 517 857; x_wconf 86' lang='lat' dir='ltr'>has</span> <span class='ocrx_word' id='word_1_112' title='bbox 534 827 657 868; x_wconf 82' lang='lat' dir='ltr'>figuras,</span> <span class='ocrx_word' id='word_1_113' title='bbox 674 837 791 867; x_wconf 80' lang='lat' dir='ltr'>proque</span> <span class='ocrx_word' id='word_1_114' title='bbox 808 826 928 867; x_wconf 86' lang='lat' dir='ltr'>legibus</span> <span class='ocrx_word' id='word_1_115' title='bbox 945 824 1060 865; x_wconf 88' lang='lat' dir='ltr'>ubique</span> <span class='ocrx_word' id='word_1_116' title='bbox 1076 831 1154 856; x_wconf 86' lang='lat' dir='ltr'>utar.</span> 
     </span>
    </p>
   </div>
   <div class='ocr_carea' id='block_1_3' title="bbox 699 1037 1071 1086">
    <p class='ocr_par' dir='ltr' id='par_1_3' title="bbox 699 1037 1071 1086">
     <span class='ocr_line' id='line_1_12' title="bbox 699 1037 1071 1086; baseline 0 -1"><span class='ocrx_word' id='word_1_117' title='bbox 699 1037 925 1086; x_wconf 88' lang='lat' dir='ltr'>LIBER</span> <span class='ocrx_word' id='word_1_118' title='bbox 971 1038 1071 1086; x_wconf 85' lang='lat'>111.</span> 
     </span>
    </p>
   </div>
   <div class='ocr_carea' id='block_1_4' title="bbox 142 1212 1608 2972">
    <p class='ocr_par' dir='ltr' id='par_1_4' title="bbox 142 1212 1608 2972">
     <span class='ocr_line' id='line_1_13' title="bbox 148 1212 1608 1257; baseline -0.001 -10"><span class='ocrx_word' id='word_1_119' title='bbox 148 1215 247 1257; x_wconf 78' lang='lat'>[386]</span> <span class='ocrx_word' id='word_1_120' title='bbox 273 1214 354 1245; x_wconf 68' lang='lat' dir='ltr'>Hffic</span> <span class='ocrx_word' id='word_1_121' title='bbox 371 1213 463 1255; x_wconf 86' lang='lat' dir='ltr'>igitur</span> <span class='ocrx_word' id='word_1_122' title='bbox 479 1218 562 1249; x_wconf 85' lang='lat' dir='ltr'>sunt,</span> <span class='ocrx_word' id='word_1_123' title='bbox 579 1217 611 1242; x_wconf 92' lang='lat' dir='ltr'>ut</span> <span class='ocrx_word' id='word_1_124' title='bbox 630 1212 703 1242; x_wconf 86' lang='lat' dir='ltr'>mihi</span> <span class='ocrx_word' id='word_1_125' title='bbox 720 1212 853 1249; x_wconf 83' lang='lat' dir='ltr'>videtur,</span> <span class='ocrx_word' id='word_1_126' title='bbox 870 1222 939 1253; x_wconf 83' lang='lat' dir='ltr'>quae</span> <span class='ocrx_word' id='word_1_127' title='bbox 955 1213 994 1243; x_wconf 86' lang='lat' dir='ltr'>de</span> <span class='ocrx_word' id='word_1_128' title='bbox 1012 1212 1084 1243; x_wconf 88' lang='lat' dir='ltr'>Diis</span> <span class='ocrx_word' id='word_1_129' title='bbox 1099 1213 1256 1243; x_wconf 82' lang='lat' dir='ltr'>audienda</span> <span class='ocrx_word' id='word_1_130' title='bbox 1283 1218 1336 1243; x_wconf 77' lang='lat' dir='ltr'>aut</span> <span class='ocrx_word' id='word_1_131' title='bbox 1361 1223 1423 1243; x_wconf 89' lang='lat' dir='ltr'>non</span> <span class='ocrx_word' id='word_1_132' title='bbox 1450 1215 1608 1245; x_wconf 80' lang='lat' dir='ltr'>audienda</span> 
     </span>
     <span class='ocr_line' id='line_1_14' title="bbox 146 1266 1605 1310; baseline -0.001 -10"><span class='ocrx_word' id='word_1_133' title='bbox 146 1270 208 1300; x_wconf 77' lang='lat' dir='ltr'>sint</span> <span class='ocrx_word' id='word_1_134' title='bbox 224 1269 322 1310; x_wconf 84' lang='lat' dir='ltr'>prima</span> <span class='ocrx_word' id='word_1_135' title='bbox 337 1278 355 1298; x_wconf 84' lang='lat' dir='ltr'>a</span> <span class='ocrx_word' id='word_1_136' title='bbox 369 1267 499 1308; x_wconf 83' lang='lat' dir='ltr'>pueritia</span> <span class='ocrx_word' id='word_1_137' title='bbox 516 1266 575 1305; x_wconf 92' lang='lat' dir='ltr'>his,</span> <span class='ocrx_word' id='word_1_138' title='bbox 589 1266 642 1306; x_wconf 93' lang='lat' dir='ltr'>qui</span> <span class='ocrx_word' id='word_1_139' title='bbox 660 1266 747 1296; x_wconf 87' lang='lat' dir='ltr'>Deos</span> <span class='ocrx_word' id='word_1_140' title='bbox 763 1271 794 1296; x_wconf 86' lang='lat' dir='ltr'>et</span> <span class='ocrx_word' id='word_1_141' title='bbox 809 1271 953 1306; x_wconf 83' lang='lat' dir='ltr'>parentes</span> <span class='ocrx_word' id='word_1_142' title='bbox 968 1267 1146 1297; x_wconf 83' lang='lat' dir='ltr'>honoraturi</span> <span class='ocrx_word' id='word_1_143' title='bbox 1162 1271 1234 1297; x_wconf 84' lang='lat' dir='ltr'>sunt</span> <span class='ocrx_word' id='word_1_144' title='bbox 1247 1277 1505 1308; x_wconf 81' lang='lat' dir='ltr'>communemque</span> <span class='ocrx_word' id='word_1_145' title='bbox 1531 1268 1605 1298; x_wconf 85' lang='lat' dir='ltr'>ami—</span> 
     </span>
     <span class='ocr_line' id='line_1_15' title="bbox 144 1318 1603 1363; baseline -0.001 -10"><span class='ocrx_word' id='word_1_146' title='bbox 144 1322 249 1354; x_wconf 86' lang='lat' dir='ltr'>citiam</span> <span class='ocrx_word' id='word_1_147' title='bbox 266 1332 329 1352; x_wconf 88' lang='lat' dir='ltr'>non</span> <span class='ocrx_word' id='word_1_148' title='bbox 345 1320 430 1363; x_wconf 84' lang='lat' dir='ltr'>parvi</span> <span class='ocrx_word' id='word_1_149' title='bbox 446 1319 569 1350; x_wconf 84' lang='lat' dir='ltr'>facturi.</span> <span class='ocrx_word' id='word_1_150' title='bbox 618 1318 702 1350; x_wconf 85' lang='lat' dir='ltr'>Am.</span> <span class='ocrx_word' id='word_1_151' title='bbox 724 1318 876 1349; x_wconf 80' lang='lat' dir='ltr'><strong>Existimo</strong></span> <span class='ocrx_word' id='word_1_152' title='bbox 892 1319 981 1349; x_wconf 92' lang='lat' dir='ltr'>nobis</span> <span class='ocrx_word' id='word_1_153' title='bbox 996 1319 1040 1349; x_wconf 91' lang='lat' dir='ltr'>sic</span> <span class='ocrx_word' id='word_1_154' title='bbox 1056 1325 1139 1350; x_wconf 78' lang='lat' dir='ltr'>recte</span> <span class='ocrx_word' id='word_1_155' title='bbox 1156 1319 1266 1350; x_wconf 75' lang='lat' dir='ltr'>videri.</span> <span class='ocrx_word' id='word_1_156' title='bbox 1310 1320 1364 1350; x_wconf 91' lang='lat' dir='ltr'>So.</span> <span class='ocrx_word' id='word_1_157' title='bbox 1390 1320 1474 1356; x_wconf 86' lang='lat' dir='ltr'><strong>Quid</strong></span> <span class='ocrx_word' id='word_1_158' title='bbox 1502 1326 1603 1352; x_wconf 79' lang='lat' dir='ltr'>autem</span> 
     </span>
     <span class='ocr_line' id='line_1_16' title="bbox 147 1372 1606 1417; baseline -0.001 -11"><span class='ocrx_word' id='word_1_159' title='bbox 147 1376 207 1412; x_wconf 81' lang='lat' dir='ltr'>liis,</span> <span class='ocrx_word' id='word_1_160' title='bbox 222 1376 277 1417; x_wconf 83' lang='lat' dir='ltr'>qui</span> <span class='ocrx_word' id='word_1_161' title='bbox 293 1375 387 1406; x_wconf 85' lang='lat' dir='ltr'>fortes</span> <span class='ocrx_word' id='word_1_162' title='bbox 402 1374 496 1404; x_wconf 82' lang='lat' dir='ltr'>futuri</span> <span class='ocrx_word' id='word_1_163' title='bbox 514 1378 586 1403; x_wconf 83' lang='lat' dir='ltr'>sunt</span> <span class='ocrx_word' id='word_1_164' title='bbox 601 1385 607 1403; x_wconf 89' lang='lat'>:</span> <span class='ocrx_word' id='word_1_165' title='bbox 633 1383 738 1403; x_wconf 89' lang='lat' dir='ltr'>nonne</span> <span class='ocrx_word' id='word_1_166' title='bbox 755 1383 791 1403; x_wconf 89' lang='lat' dir='ltr'>ea</span> <span class='ocrx_word' id='word_1_167' title='bbox 807 1372 954 1410; x_wconf 86' lang='lat' dir='ltr'>dicenda,</span> <span class='ocrx_word' id='word_1_168' title='bbox 968 1383 1038 1414; x_wconf 82' lang='lat' dir='ltr'>quae</span> <span class='ocrx_word' id='word_1_169' title='bbox 1054 1373 1138 1414; x_wconf 87' lang='lat' dir='ltr'>ipsos</span> <span class='ocrx_word' id='word_1_170' title='bbox 1155 1373 1258 1404; x_wconf 86' lang='lat' dir='ltr'>mortis</span> <span class='ocrx_word' id='word_1_171' title='bbox 1274 1373 1400 1403; x_wconf 85' lang='lat' dir='ltr'>minime</span> <span class='ocrx_word' id='word_1_172' title='bbox 1426 1373 1606 1405; x_wconf 81' lang='lat' dir='ltr'>formidolo—</span> 
     </span>
     <span class='ocr_line' id='line_1_17' title="bbox 144 1426 1607 1469; baseline -0.001 -9"><span class='ocrx_word' id='word_1_173' title='bbox 144 1440 194 1460; x_wconf 82' lang='lat' dir='ltr'>sos</span> <span class='ocrx_word' id='word_1_174' title='bbox 210 1429 365 1460; x_wconf 80' lang='lat' dir='ltr'>reddant?</span> <span class='ocrx_word' id='word_1_175' title='bbox 389 1438 427 1458; x_wconf 83' lang='lat' dir='ltr'>an</span> <span class='ocrx_word' id='word_1_176' title='bbox 445 1433 536 1469; x_wconf 86' lang='lat' dir='ltr'>putas</span> <span class='ocrx_word' id='word_1_177' title='bbox 551 1427 686 1468; x_wconf 85' lang='lat' dir='ltr'>aliquem</span> <span class='ocrx_word' id='word_1_178' title='bbox 702 1426 811 1457; x_wconf 86' lang='lat' dir='ltr'>fortem</span> <span class='ocrx_word' id='word_1_179' title='bbox 829 1437 895 1457; x_wconf 83' lang='lat' dir='ltr'>esse</span> <span class='ocrx_word' id='word_1_180' title='bbox 911 1437 1060 1468; x_wconf 86' lang='lat' dir='ltr'>unquam,</span> <span class='ocrx_word' id='word_1_181' title='bbox 1077 1427 1130 1469; x_wconf 90' lang='lat' dir='ltr'>qui</span> <span class='ocrx_word' id='word_1_182' title='bbox 1156 1428 1236 1458; x_wconf 88' lang='lat' dir='ltr'>hanc</span> <span class='ocrx_word' id='word_1_183' title='bbox 1258 1427 1389 1458; x_wconf 86' lang='lat' dir='ltr'>timeat?</span> <span class='ocrx_word' id='word_1_184' title='bbox 1436 1427 1519 1458; x_wconf 80' lang='lat' dir='ltr'>Am.</span> <span class='ocrx_word' id='word_1_185' title='bbox 1542 1429 1607 1459; x_wconf 83' lang='lat' dir='ltr'>Mi-</span> 
     </span>
     <span class='ocr_line' id='line_1_18' title="bbox 145 1481 1607 1524; baseline -0.001 -10"><span class='ocrx_word' id='word_1_186' title='bbox 145 1483 228 1514; x_wconf 88' lang='lat' dir='ltr'>nime</span> <span class='ocrx_word' id='word_1_187' title='bbox 241 1493 295 1524; x_wconf 87' lang='lat' dir='ltr'>per</span> <span class='ocrx_word' id='word_1_188' title='bbox 308 1482 432 1514; x_wconf 83' lang='lat' dir='ltr'>Jovem.</span> <span class='ocrx_word' id='word_1_189' title='bbox 477 1482 532 1513; x_wconf 87' lang='lat' dir='ltr'>So.</span> <span class='ocrx_word' id='word_1_190' title='bbox 557 1481 620 1512; x_wconf 87' lang='lat' dir='ltr'>Sed</span> <span class='ocrx_word' id='word_1_191' title='bbox 638 1486 670 1512; x_wconf 81' lang='lat' dir='ltr'>et</span> <span class='ocrx_word' id='word_1_192' title='bbox 685 1481 738 1523; x_wconf 84' lang='lat' dir='ltr'>qui</span> <span class='ocrx_word' id='word_1_193' title='bbox 754 1491 803 1518; x_wconf 82' lang='lat' dir='ltr'>ea,</span> <span class='ocrx_word' id='word_1_194' title='bbox 819 1491 890 1522; x_wconf 84' lang='lat' dir='ltr'>quae</span> <span class='ocrx_word' id='word_1_195' title='bbox 907 1481 947 1512; x_wconf 87' lang='lat' dir='ltr'>de</span> <span class='ocrx_word' id='word_1_196' title='bbox 963 1481 1069 1511; x_wconf 87' lang='lat' dir='ltr'>inferis</span> <span class='ocrx_word' id='word_1_197' title='bbox 1094 1482 1252 1518; x_wconf 87' lang='lat' dir='ltr'>dicuntur,</span> <span class='ocrx_word' id='word_1_198' title='bbox 1269 1482 1376 1513; x_wconf 84' lang='lat' dir='ltr'>credat</span> <span class='ocrx_word' id='word_1_199' title='bbox 1401 1486 1433 1512; x_wconf 86' lang='lat' dir='ltr'>et</span> <span class='ocrx_word' id='word_1_200' title='bbox 1460 1482 1607 1513; x_wconf 82' lang='lat' dir='ltr'>terribilia</span> 
     </span>
     <span class='ocr_line' id='line_1_19' title="bbox 145 1534 1606 1577; baseline -0.001 -10"><span class='ocrx_word' id='word_1_201' title='bbox 145 1547 212 1568; x_wconf 80' lang='lat' dir='ltr'>esse</span> <span class='ocrx_word' id='word_1_202' title='bbox 225 1536 393 1572; x_wconf 75' lang='lat' dir='ltr'>existimet,</span> <span class='ocrx_word' id='word_1_203' title='bbox 407 1540 540 1577; x_wconf 87' lang='lat' dir='ltr'>putasne</span> <span class='ocrx_word' id='word_1_204' title='bbox 556 1545 625 1566; x_wconf 90' lang='lat' dir='ltr'>eum</span> <span class='ocrx_word' id='word_1_205' title='bbox 639 1535 832 1576; x_wconf 80' lang='lat' dir='ltr'>intrepidum</span> <span class='ocrx_word' id='word_1_206' title='bbox 849 1535 887 1565; x_wconf 87' lang='lat' dir='ltr'>ad</span> <span class='ocrx_word' id='word_1_207' title='bbox 905 1540 1032 1566; x_wconf 83' lang='lat' dir='ltr'>mortem</span> <span class='ocrx_word' id='word_1_208' title='bbox 1049 1535 1197 1572; x_wconf 83' lang='lat' dir='ltr'>futurum,</span> <span class='ocrx_word' id='word_1_209' title='bbox 1212 1534 1243 1566; x_wconf 89' lang='lat' dir='ltr'>in</span> <span class='ocrx_word' id='word_1_210' title='bbox 1256 1535 1388 1576; x_wconf 87' lang='lat' dir='ltr'>ipsaque</span> <span class='ocrx_word' id='word_1_211' title='bbox 1404 1546 1511 1577; x_wconf 87' lang='lat' dir='ltr'>pugna</span> <span class='ocrx_word' id='word_1_212' title='bbox 1527 1547 1606 1566; x_wconf 84' lang='lat' dir='ltr'>mor·</span> 
     </span>
     <span class='ocr_line' id='line_1_20' title="bbox 145 1588 1605 1630; baseline -0.001 -9"><span class='ocrx_word' id='word_1_213' title='bbox 145 1596 208 1621; x_wconf 85' lang='lat' dir='ltr'>tem</span> <span class='ocrx_word' id='word_1_214' title='bbox 225 1589 363 1621; x_wconf 85' lang='lat' dir='ltr'>servituti</span> <span class='ocrx_word' id='word_1_215' title='bbox 379 1595 410 1620; x_wconf 92' lang='lat' dir='ltr'>et</span> <span class='ocrx_word' id='word_1_216' title='bbox 426 1588 601 1630; x_wconf 86' lang='lat' dir='ltr'>captivitati</span> <span class='ocrx_word' id='word_1_217' title='bbox 628 1588 889 1630; x_wconf 76' lang='lat' dir='ltr'>praeposituruin?</span> <span class='ocrx_word' id='word_1_218' title='bbox 937 1589 1019 1620; x_wconf 79' lang='lat' dir='ltr'>on.</span> <span class='ocrx_word' id='word_1_219' title='bbox 1045 1588 1263 1630; x_wconf 78' lang='lat' dir='ltr'>Nequaquam.</span> <span class='ocrx_word' id='word_1_220' title='bbox 1309 1589 1363 1619; x_wconf 91' lang='lat' dir='ltr'>So.</span> <span class='ocrx_word' id='word_1_221' title='bbox 1387 1589 1522 1630; x_wconf 89' lang='lat' dir='ltr'>Oportet</span> <span class='ocrx_word' id='word_1_222' title='bbox 1547 1590 1605 1620; x_wconf 80' lang='lat' dir='ltr'>ita-</span> 
     </span>
     <span class='ocr_line' id='line_1_21' title="bbox 144 1642 1605 1685; baseline 0 -11"><span class='ocrx_word' id='word_1_223' title='bbox 144 1654 206 1685; x_wconf 89' lang='lat' dir='ltr'>que</span> <span class='ocrx_word' id='word_1_224' title='bbox 221 1654 289 1680; x_wconf 88' lang='lat' dir='ltr'>nos,</span> <span class='ocrx_word' id='word_1_225' title='bbox 303 1648 339 1674; x_wconf 86' lang='lat' dir='ltr'>ut</span> <span class='ocrx_word' id='word_1_226' title='bbox 352 1643 485 1680; x_wconf 88' lang='lat' dir='ltr'>videtur,</span> <span class='ocrx_word' id='word_1_227' title='bbox 501 1647 534 1673; x_wconf 88' lang='lat' dir='ltr'>et</span> <span class='ocrx_word' id='word_1_228' title='bbox 549 1648 706 1684; x_wconf 84' lang='lat' dir='ltr'>praecepta</span> <span class='ocrx_word' id='word_1_229' title='bbox 721 1643 794 1673; x_wconf 85' lang='lat' dir='ltr'>dare</span> <span class='ocrx_word' id='word_1_230' title='bbox 810 1643 871 1680; x_wconf 80' lang='lat' dir='ltr'>his,</span> <span class='ocrx_word' id='word_1_231' title='bbox 886 1642 941 1684; x_wconf 88' lang='lat' dir='ltr'>qui</span> <span class='ocrx_word' id='word_1_232' title='bbox 956 1643 995 1673; x_wconf 84' lang='lat' dir='ltr'>de</span> <span class='ocrx_word' id='word_1_233' title='bbox 1023 1643 1069 1673; x_wconf 87' lang='lat' dir='ltr'>his</span> <span class='ocrx_word' id='word_1_234' title='bbox 1096 1643 1186 1673; x_wconf 85' lang='lat' dir='ltr'>rebus</span> <span class='ocrx_word' id='word_1_235' title='bbox 1209 1642 1397 1678; x_wconf 80' lang='lat' dir='ltr'>fabulantur,</span> <span class='ocrx_word' id='word_1_236' title='bbox 1414 1643 1605 1684; x_wconf 86' lang='lat' dir='ltr'>precarique,</span> 
     </span>
     <span class='ocr_line' id='line_1_22' title="bbox 145 1696 1606 1738; baseline -0.001 -10"><span class='ocrx_word' id='word_1_237' title='bbox 145 1707 186 1728; x_wconf 90' lang='lat' dir='ltr'>ne</span> <span class='ocrx_word' id='word_1_238' title='bbox 201 1698 244 1728; x_wconf 90' lang='lat' dir='ltr'>ita</span> <span class='ocrx_word' id='word_1_239' title='bbox 258 1697 449 1738; x_wconf 82' lang='lat' dir='ltr'>simpliciter,</span> <span class='ocrx_word' id='word_1_240' title='bbox 465 1707 534 1737; x_wconf 80' lang='lat' dir='ltr'>quae</span> <span class='ocrx_word' id='word_1_241' title='bbox 562 1696 644 1736; x_wconf 84' lang='lat' dir='ltr'>apud</span> <span class='ocrx_word' id='word_1_242' title='bbox 663 1696 777 1726; x_wconf 84' lang='lat' dir='ltr'>inferos</span> <span class='ocrx_word' id='word_1_243' title='bbox 793 1701 878 1736; x_wconf 88' lang='lat' dir='ltr'>sunt,</span> <span class='ocrx_word' id='word_1_244' title='bbox 896 1696 1083 1737; x_wconf 86' lang='lat' dir='ltr'>vituperent,</span> <span class='ocrx_word' id='word_1_245' title='bbox 1099 1697 1152 1726; x_wconf 82' lang='lat' dir='ltr'>sed</span> <span class='ocrx_word' id='word_1_246' title='bbox 1170 1696 1266 1737; x_wconf 84' lang='lat' dir='ltr'>magis</span> <span class='ocrx_word' id='word_1_247' title='bbox 1284 1696 1410 1726; x_wconf 81' lang='lat' dir='ltr'>laudent</span> <span class='ocrx_word' id='word_1_248' title='bbox 1426 1707 1433 1725; x_wconf 72' lang='grc' dir='ltr'>ε</span> <span class='ocrx_word' id='word_1_249' title='bbox 1459 1704 1606 1738; x_wconf 83' lang='lat' dir='ltr'>tanquam</span> 
     </span>
     <span class='ocr_line' id='line_1_23' title="bbox 145 1750 1597 1792; baseline 0.001 -11"><span class='ocrx_word' id='word_1_250' title='bbox 145 1761 247 1792; x_wconf 86' lang='lat' dir='ltr'>neque</span> <span class='ocrx_word' id='word_1_251' title='bbox 260 1761 331 1781; x_wconf 86' lang='lat' dir='ltr'>vera</span> <span class='ocrx_word' id='word_1_252' title='bbox 346 1750 452 1781; x_wconf 85' lang='lat' dir='ltr'>dicant</span> <span class='ocrx_word' id='word_1_253' title='bbox 467 1760 568 1791; x_wconf 89' lang='lat' dir='ltr'>neque</span> <span class='ocrx_word' id='word_1_254' title='bbox 585 1750 672 1780; x_wconf 88' lang='lat' dir='ltr'>utilia</span> <span class='ocrx_word' id='word_1_255' title='bbox 689 1751 745 1787; x_wconf 87' lang='lat' dir='ltr'>his,</span> <span class='ocrx_word' id='word_1_256' title='bbox 761 1751 814 1791; x_wconf 91' lang='lat' dir='ltr'>qui</span> <span class='ocrx_word' id='word_1_257' title='bbox 832 1761 989 1792; x_wconf 84' lang='lat' dir='ltr'>pugnaces</span> <span class='ocrx_word' id='word_1_258' title='bbox 1005 1750 1098 1780; x_wconf 86' lang='lat' dir='ltr'>futuri</span> <span class='ocrx_word' id='word_1_259' title='bbox 1115 1755 1198 1782; x_wconf 89' lang='lat' dir='ltr'>suut.</span> <span class='ocrx_word' id='word_1_260' title='bbox 1246 1750 1329 1781; x_wconf 82' lang='lat' dir='ltr'>Aur.</span> <span class='ocrx_word' id='word_1_261' title='bbox 1353 1751 1487 1791; x_wconf 87' lang='lat' dir='ltr'>Oportet</span> <span class='ocrx_word' id='word_1_262' title='bbox 1513 1761 1597 1782; x_wconf 84' lang='lat' dir='ltr'>sane.</span> 
     </span>
     <span class='ocr_line' id='line_1_24' title="bbox 146 1802 1603 1844; baseline 0.001 -10"><span class='ocrx_word' id='word_1_263' title='bbox 146 1804 201 1834; x_wconf 91' lang='lat' dir='ltr'>So.</span> <span class='ocrx_word' id='word_1_264' title='bbox 224 1803 408 1834; x_wconf 82' lang='lat' dir='ltr'>Delebimus</span> <span class='ocrx_word' id='word_1_265' title='bbox 422 1802 516 1844; x_wconf 85' lang='lat' dir='ltr'>igitur</span> <span class='ocrx_word' id='word_1_266' title='bbox 531 1802 683 1844; x_wconf 87' lang='lat' dir='ltr'>ejusmodi</span> <span class='ocrx_word' id='word_1_267' title='bbox 701 1803 817 1839; x_wconf 83' lang='lat' dir='ltr'>onmia,</span> <span class='ocrx_word' id='word_1_268' title='bbox 833 1804 872 1834; x_wconf 83' lang='lat' dir='ltr'>ab</span> <span class='ocrx_word' id='word_1_269' title='bbox 890 1805 949 1834; x_wconf 86' lang='lat' dir='ltr'>hoc</span> <span class='ocrx_word' id='word_1_270' title='bbox 966 1814 1054 1834; x_wconf 70' lang='lat' dir='ltr'>versu</span> <span class='ocrx_word' id='word_1_271' title='bbox 1072 1810 1228 1834; x_wconf 81' lang='lat' dir='ltr'>sumentes</span> <span class='ocrx_word' id='word_1_272' title='bbox 1251 1804 1409 1834; x_wconf 79' lang='lat' dir='ltr'>exordium</span> <span class='ocrx_word' id='word_1_273' title='bbox 1425 1816 1431 1834; x_wconf 79' lang='lat' dir='ltr'><strong><em>z</em></strong></span> <span class='ocrx_word' id='word_1_274' title='bbox 1472 1805 1603 1836; x_wconf 73' lang='lat' dir='ltr'>Illallem</span> 
     </span>
     <span class='ocr_line' id='line_1_25' title="bbox 144 1856 1604 1898; baseline -0.001 -9"><span class='ocrx_word' id='word_1_275' title='bbox 144 1857 282 1898; x_wconf 82' lang='lat' dir='ltr'>equidem</span> <span class='ocrx_word' id='word_1_276' title='bbox 298 1857 332 1888; x_wconf 84' lang='lat' dir='ltr'>in</span> <span class='ocrx_word' id='word_1_277' title='bbox 346 1867 380 1889; x_wconf 91' lang='lat' dir='ltr'>re</span> <span class='ocrx_word' id='word_1_278' title='bbox 394 1856 513 1888; x_wconf 80' lang='lat' dir='ltr'>rustica</span> <span class='ocrx_word' id='word_1_279' title='bbox 529 1867 671 1888; x_wconf 75' lang='lat' dir='ltr'>conservo</span> <span class='ocrx_word' id='word_1_280' title='bbox 685 1857 772 1898; x_wconf 82' lang='lat' dir='ltr'>inopi</span> <span class='ocrx_word' id='word_1_281' title='bbox 787 1857 917 1898; x_wconf 79' lang='lat' dir='ltr'>servire,</span> <span class='ocrx_word' id='word_1_282' title='bbox 931 1868 1023 1898; x_wconf 83' lang='lat' dir='ltr'>quam</span> <span class='ocrx_word' id='word_1_283' title='bbox 1037 1858 1194 1896; x_wconf 81' lang='lat' dir='ltr'>defunctis</span> <span class='ocrx_word' id='word_1_284' title='bbox 1220 1858 1361 1889; x_wconf 79' lang='lat' dir='ltr'>omuibus</span> <span class='ocrx_word' id='word_1_285' title='bbox 1386 1859 1549 1898; x_wconf 80' lang='lat' dir='ltr'>imperare.</span> <span class='ocrx_word' id='word_1_286' title='bbox 1572 1865 1604 1889; x_wconf 83' lang='lat' dir='ltr'>et</span> 
     </span>
     <span class='ocr_line' id='line_1_26' title="bbox 144 1910 1603 1952; baseline 0.001 -11"><span class='ocrx_word' id='word_1_287' title='bbox 144 1910 234 1951; x_wconf 88' lang='lat' dir='ltr'>illud,</span> <span class='ocrx_word' id='word_1_288' title='bbox 251 1911 373 1942; x_wconf 79' lang='lat' dir='ltr'>Domus</span> <span class='ocrx_word' id='word_1_289' title='bbox 384 1911 524 1951; x_wconf 83' lang='lat' dir='ltr'>profecto</span> <span class='ocrx_word' id='word_1_290' title='bbox 548 1911 733 1942; x_wconf 76' lang='lat' dir='ltr'>mortalibus</span> <span class='ocrx_word' id='word_1_291' title='bbox 757 1912 1043 1952; x_wconf 72' lang='lat' dir='ltr'>immortalibusque</span> <span class='ocrx_word' id='word_1_292' title='bbox 1067 1912 1241 1951; x_wconf 78' lang='lat' dir='ltr'>horribilis,</span> <span class='ocrx_word' id='word_1_293' title='bbox 1256 1915 1345 1942; x_wconf 78' lang='lat' dir='ltr'>vasta</span> <span class='ocrx_word' id='word_1_294' title='bbox 1362 1912 1530 1952; x_wconf 76' lang='lat' dir='ltr'>fetensque</span> <span class='ocrx_word' id='word_1_295' title='bbox 1556 1912 1603 1943; x_wconf 81' lang='lat' dir='ltr'>vi—</span> 
     </span>
     <span class='ocr_line' id='line_1_27' title="bbox 143 1964 1602 2006; baseline 0.001 -11"><span class='ocrx_word' id='word_1_296' title='bbox 143 1965 271 2004; x_wconf 80' lang='lat' dir='ltr'>deatur,</span> <span class='ocrx_word' id='word_1_297' title='bbox 282 1974 373 2005; x_wconf 86' lang='lat' dir='ltr'>quam</span> <span class='ocrx_word' id='word_1_298' title='bbox 389 1964 483 1995; x_wconf 81' lang='lat' dir='ltr'>etiam</span> <span class='ocrx_word' id='word_1_299' title='bbox 499 1965 560 1996; x_wconf 77' lang='lat' dir='ltr'>Dii</span> <span class='ocrx_word' id='word_1_300' title='bbox 575 1966 645 1996; x_wconf 80' lang='lat' dir='ltr'>odio</span> <span class='ocrx_word' id='word_1_301' title='bbox 659 1965 785 1997; x_wconf 83' lang='lat' dir='ltr'>habent.</span> <span class='ocrx_word' id='word_1_302' title='bbox 808 1970 839 1995; x_wconf 84' lang='lat' dir='ltr'>et</span> <span class='ocrx_word' id='word_1_303' title='bbox 854 1965 945 2002; x_wconf 88' lang='lat' dir='ltr'>illud,</span> <span class='ocrx_word' id='word_1_304' title='bbox 964 1966 993 1995; x_wconf 93' lang='grc' dir='ltr'>Ο</span> <span class='ocrx_word' id='word_1_305' title='bbox 1010 1966 1129 2006; x_wconf 82' lang='lat' dir='ltr'>miseri,</span> <span class='ocrx_word' id='word_1_306' title='bbox 1146 1965 1358 2006; x_wconf 76' lang='lat' dir='ltr'>nunquidnam</span> <span class='ocrx_word' id='word_1_307' title='bbox 1382 1967 1463 2006; x_wconf 81' lang='lat' dir='ltr'>apud</span> <span class='ocrx_word' id='word_1_308' title='bbox 1486 1966 1602 2004; x_wconf 77' lang='lat' dir='ltr'>inferos</span> 
     </span>
     <span class='ocr_line' id='line_1_28' title="bbox 144 2017 1602 2060; baseline 0.002 -12"><span class='ocrx_word' id='word_1_309' title='bbox 144 2017 250 2048; x_wconf 74' lang='lat' dir='ltr'>anima</span> <span class='ocrx_word' id='word_1_310' title='bbox 265 2020 357 2058; x_wconf 86' lang='lat' dir='ltr'>atque</span> <span class='ocrx_word' id='word_1_311' title='bbox 372 2017 500 2058; x_wconf 77' lang='lat' dir='ltr'>imago?</span> <span class='ocrx_word' id='word_1_312' title='bbox 523 2021 558 2049; x_wconf 86' lang='lat' dir='ltr'>at</span> <span class='ocrx_word' id='word_1_313' title='bbox 573 2028 645 2050; x_wconf 81' lang='lat' dir='ltr'>vero</span> <span class='ocrx_word' id='word_1_314' title='bbox 660 2028 746 2050; x_wconf 81' lang='lat' dir='ltr'>mens</span> <span class='ocrx_word' id='word_1_315' title='bbox 758 2020 847 2050; x_wconf 78' lang='lat' dir='ltr'>adest</span> <span class='ocrx_word' id='word_1_316' title='bbox 863 2020 959 2050; x_wconf 81' lang='lat' dir='ltr'>nulla.</span> <span class='ocrx_word' id='word_1_317' title='bbox 984 2025 1016 2050; x_wconf 82' lang='lat' dir='ltr'>et</span> <span class='ocrx_word' id='word_1_318' title='bbox 1038 2019 1130 2060; x_wconf 90' lang='lat' dir='ltr'>illud,</span> <span class='ocrx_word' id='word_1_319' title='bbox 1147 2020 1216 2051; x_wconf 82' lang='lat' dir='ltr'>Soli</span> <span class='ocrx_word' id='word_1_320' title='bbox 1241 2019 1389 2060; x_wconf 79' lang='lat' dir='ltr'>sapiunt:</span> <span class='ocrx_word' id='word_1_321' title='bbox 1412 2021 1507 2051; x_wconf 73' lang='lat' dir='ltr'>ceteri</span> <span class='ocrx_word' id='word_1_322' title='bbox 1536 2031 1602 2051; x_wconf 86' lang='lat' dir='ltr'>um—</span> 
     </span>
     <span class='ocr_line' id='line_1_29' title="bbox 146 2070 1603 2114; baseline 0.002 -12"><span class='ocrx_word' id='word_1_323' title='bbox 146 2071 212 2102; x_wconf 83' lang='lat' dir='ltr'>broe</span> <span class='ocrx_word' id='word_1_324' title='bbox 229 2071 370 2102; x_wconf 72' lang='lat' dir='ltr'>volitant.</span> <span class='ocrx_word' id='word_1_325' title='bbox 395 2070 482 2111; x_wconf 81' lang='lat' dir='ltr'>item,</span> <span class='ocrx_word' id='word_1_326' title='bbox 496 2070 614 2102; x_wconf 80' lang='lat' dir='ltr'>Anima</span> <span class='ocrx_word' id='word_1_327' title='bbox 630 2073 729 2103; x_wconf 80' lang='lat' dir='ltr'>soluta</span> <span class='ocrx_word' id='word_1_328' title='bbox 742 2073 889 2104; x_wconf 82' lang='lat' dir='ltr'>membris</span> <span class='ocrx_word' id='word_1_329' title='bbox 905 2074 945 2104; x_wconf 86' lang='lat' dir='ltr'>ad</span> <span class='ocrx_word' id='word_1_330' title='bbox 967 2073 1085 2111; x_wconf 78' lang='lat' dir='ltr'>inferos</span> <span class='ocrx_word' id='word_1_331' title='bbox 1110 2074 1205 2113; x_wconf 73' lang='lat' dir='ltr'>volat,</span> <span class='ocrx_word' id='word_1_332' title='bbox 1220 2083 1309 2104; x_wconf 87' lang='lat' dir='ltr'>suam</span> <span class='ocrx_word' id='word_1_333' title='bbox 1333 2074 1497 2114; x_wconf 81' lang='lat' dir='ltr'>deplorans</span> <span class='ocrx_word' id='word_1_334' title='bbox 1519 2075 1603 2105; x_wconf 87' lang='lat' dir='ltr'>cala-</span> 
     </span>
     <span class='ocr_line' id='line_1_30' title="bbox 146 2124 1602 2168; baseline 0.003 -14"><span class='ocrx_word' id='word_1_335' title='bbox 146 2124 302 2164; x_wconf 73' lang='lat' dir='ltr'>mitatem,</span> <span class='ocrx_word' id='word_1_336' title='bbox 327 2134 396 2155; x_wconf 85' lang='lat' dir='ltr'>cum</span> <span class='ocrx_word' id='word_1_337' title='bbox 421 2128 452 2156; x_wconf 80' lang='lat' dir='ltr'>et</span> <span class='ocrx_word' id='word_1_338' title='bbox 471 2124 592 2163; x_wconf 85' lang='lat' dir='ltr'>sortem</span> <span class='ocrx_word' id='word_1_339' title='bbox 617 2129 648 2156; x_wconf 83' lang='lat' dir='ltr'>et</span> <span class='ocrx_word' id='word_1_340' title='bbox 675 2130 813 2157; x_wconf 82' lang='lat' dir='ltr'>teneram</span> <span class='ocrx_word' id='word_1_341' title='bbox 835 2131 960 2158; x_wconf 82' lang='lat' dir='ltr'>oetatem</span> <span class='ocrx_word' id='word_1_342' title='bbox 984 2127 1158 2168; x_wconf 81' lang='lat' dir='ltr'>reliquerit.</span> <span class='ocrx_word' id='word_1_343' title='bbox 1183 2126 1278 2168; x_wconf 85' lang='grc'>[387]</span> <span class='ocrx_word' id='word_1_344' title='bbox 1303 2128 1390 2162; x_wconf 83' lang='lat' dir='ltr'>item,</span> <span class='ocrx_word' id='word_1_345' title='bbox 1409 2127 1523 2159; x_wconf 84' lang='lat' dir='ltr'>Anima</span> <span class='ocrx_word' id='word_1_346' title='bbox 1546 2128 1602 2159; x_wconf 82' lang='lat' dir='ltr'>suh</span> 
     </span>
     <span class='ocr_line' id='line_1_31' title="bbox 145 2178 1603 2219; baseline 0.003 -11"><span class='ocrx_word' id='word_1_347' title='bbox 145 2180 260 2214; x_wconf 86' lang='lat' dir='ltr'>terras,</span> <span class='ocrx_word' id='word_1_348' title='bbox 275 2178 371 2209; x_wconf 84' lang='lat' dir='ltr'>veluti</span> <span class='ocrx_word' id='word_1_349' title='bbox 387 2178 511 2219; x_wconf 84' lang='lat' dir='ltr'>sumas,</span> <span class='ocrx_word' id='word_1_350' title='bbox 529 2179 649 2218; x_wconf 78' lang='lat' dir='ltr'>ejulans</span> <span class='ocrx_word' id='word_1_351' title='bbox 664 2180 755 2212; x_wconf 82' lang='lat' dir='ltr'>abiit.</span> <span class='ocrx_word' id='word_1_352' title='bbox 778 2180 867 2219; x_wconf 83' lang='lat' dir='ltr'>item,</span> <span class='ocrx_word' id='word_1_353' title='bbox 884 2182 1149 2216; x_wconf 78' lang='lat' dir='ltr'>Quemadmodum</span> <span class='ocrx_word' id='word_1_354' title='bbox 1176 2185 1297 2212; x_wconf 68' lang='lat' dir='ltr'>noctuae</span> <span class='ocrx_word' id='word_1_355' title='bbox 1322 2185 1408 2212; x_wconf 71' lang='lat' dir='ltr'>casto</span> <span class='ocrx_word' id='word_1_356' title='bbox 1432 2181 1488 2212; x_wconf 85' lang='lat' dir='ltr'>sub</span> <span class='ocrx_word' id='word_1_357' title='bbox 1513 2186 1603 2213; x_wconf 74' lang='lat' dir='ltr'>antro</span> 
     </span>
     <span class='ocr_line' id='line_1_32' title="bbox 143 2231 1605 2276; baseline 0.004 -15"><span class='ocrx_word' id='word_1_358' title='bbox 143 2231 302 2262; x_wconf 76' lang='lat' dir='ltr'>ululantes</span> <span class='ocrx_word' id='word_1_359' title='bbox 314 2232 431 2268; x_wconf 80' lang='lat' dir='ltr'>volant,</span> <span class='ocrx_word' id='word_1_360' title='bbox 445 2236 609 2273; x_wconf 76' lang='lat' dir='ltr'>postquam</span> <span class='ocrx_word' id='word_1_361' title='bbox 624 2234 737 2274; x_wconf 82' lang='lat' dir='ltr'>aliquoe</span> <span class='ocrx_word' id='word_1_362' title='bbox 753 2236 790 2265; x_wconf 80' lang='lat' dir='ltr'>de</span> <span class='ocrx_word' id='word_1_363' title='bbox 814 2236 923 2265; x_wconf 80' lang='lat' dir='ltr'>ordine</span> <span class='ocrx_word' id='word_1_364' title='bbox 948 2235 1125 2266; x_wconf 76' lang='lat' dir='ltr'>ceciderunt</span> <span class='ocrx_word' id='word_1_365' title='bbox 1152 2245 1192 2266; x_wconf 78' lang='lat' dir='ltr'>ex</span> <span class='ocrx_word' id='word_1_366' title='bbox 1208 2238 1310 2275; x_wconf 80' lang='lat' dir='ltr'>petra,</span> <span class='ocrx_word' id='word_1_367' title='bbox 1326 2235 1360 2265; x_wconf 80' lang='lat' dir='ltr'>in</span> <span class='ocrx_word' id='word_1_368' title='bbox 1386 2245 1446 2276; x_wconf 85' lang='lat' dir='ltr'>qua</span> <span class='ocrx_word' id='word_1_369' title='bbox 1471 2236 1605 2267; x_wconf 70' lang='lat' dir='ltr'>coluere·</span> 
     </span>
     <span class='ocr_line' id='line_1_33' title="bbox 149 2284 1603 2330; baseline 0.003 -15"><span class='ocrx_word' id='word_1_370' title='bbox 149 2284 244 2316; x_wconf 77' lang='lat' dir='ltr'>bant:</span> <span class='ocrx_word' id='word_1_371' title='bbox 266 2287 312 2316; x_wconf 79' lang='lat' dir='ltr'>sic</span> <span class='ocrx_word' id='word_1_372' title='bbox 335 2285 402 2316; x_wconf 80' lang='lat' dir='ltr'>illoe</span> <span class='ocrx_word' id='word_1_373' title='bbox 416 2287 510 2317; x_wconf 86' lang='lat' dir='ltr'>simul</span> <span class='ocrx_word' id='word_1_374' title='bbox 524 2287 694 2319; x_wconf 81' lang='lat' dir='ltr'>stridentes</span> <span class='ocrx_word' id='word_1_375' title='bbox 709 2288 810 2319; x_wconf 83' lang='lat' dir='ltr'>ibant.</span> <span class='ocrx_word' id='word_1_376' title='bbox 857 2288 934 2319; x_wconf 78' lang='lat' dir='ltr'>Ilaec</span> <span class='ocrx_word' id='word_1_377' title='bbox 962 2289 1069 2330; x_wconf 84' lang='lat' dir='ltr'>utique</span> <span class='ocrx_word' id='word_1_378' title='bbox 1094 2293 1125 2319; x_wconf 87' lang='lat' dir='ltr'>ct</span> <span class='ocrx_word' id='word_1_379' title='bbox 1148 2294 1250 2319; x_wconf 79' lang='lat' dir='ltr'>cetera</span> <span class='ocrx_word' id='word_1_380' title='bbox 1275 2289 1360 2330; x_wconf 80' lang='lat' dir='ltr'>talia,</span> <span class='ocrx_word' id='word_1_381' title='bbox 1379 2290 1459 2319; x_wconf 90' lang='lat' dir='ltr'>bona</span> <span class='ocrx_word' id='word_1_382' title='bbox 1486 2289 1603 2320; x_wconf 87' lang='lat' dir='ltr'>Home-</span> 
     </span>
     <span class='ocr_line' id='line_1_34' title="bbox 147 2337 1604 2383; baseline 0.004 -16"><span class='ocrx_word' id='word_1_383' title='bbox 147 2337 171 2367; x_wconf 89' lang='lat' dir='ltr'>ri</span> <span class='ocrx_word' id='word_1_384' title='bbox 196 2345 228 2368; x_wconf 87' lang='lat' dir='ltr'>ct</span> <span class='ocrx_word' id='word_1_385' title='bbox 258 2338 442 2379; x_wconf 87' lang='lat' dir='ltr'>reliquorum</span> <span class='ocrx_word' id='word_1_386' title='bbox 474 2340 637 2381; x_wconf 68' lang='lat' dir='ltr'>poetarum</span> <span class='ocrx_word' id='word_1_387' title='bbox 669 2342 771 2382; x_wconf 77' lang='lat' dir='ltr'>venia,</span> <span class='ocrx_word' id='word_1_388' title='bbox 801 2342 1007 2383; x_wconf 83' lang='lat' dir='ltr'>abjiciamus:</span> <span class='ocrx_word' id='word_1_389' title='bbox 1039 2353 1104 2373; x_wconf 89' lang='lat' dir='ltr'>non</span> <span class='ocrx_word' id='word_1_390' title='bbox 1135 2342 1207 2383; x_wconf 83' lang='lat' dir='ltr'>quia</span> <span class='ocrx_word' id='word_1_391' title='bbox 1237 2342 1360 2383; x_wconf 65' lang='lat' dir='ltr'>poetica</span> <span class='ocrx_word' id='word_1_392' title='bbox 1392 2353 1453 2373; x_wconf 90' lang='lat' dir='ltr'>non</span> <span class='ocrx_word' id='word_1_393' title='bbox 1483 2344 1544 2373; x_wconf 87' lang='lat' dir='ltr'>siut</span> <span class='ocrx_word' id='word_1_394' title='bbox 1572 2349 1604 2373; x_wconf 83' lang='lat' dir='ltr'>ct</span> 
     </span>
     <span class='ocr_line' id='line_1_35' title="bbox 147 2391 1602 2437; baseline 0.005 -17"><span class='ocrx_word' id='word_1_395' title='bbox 147 2391 232 2431; x_wconf 89' lang='lat' dir='ltr'>apud</span> <span class='ocrx_word' id='word_1_396' title='bbox 258 2392 370 2422; x_wconf 81' lang='lat' dir='ltr'>multos</span> <span class='ocrx_word' id='word_1_397' title='bbox 397 2394 504 2424; x_wconf 86' lang='lat' dir='ltr'>auditu</span> <span class='ocrx_word' id='word_1_398' title='bbox 528 2394 695 2435; x_wconf 87' lang='lat' dir='ltr'>jucunda;</span> <span class='ocrx_word' id='word_1_399' title='bbox 719 2396 773 2426; x_wconf 88' lang='lat' dir='ltr'>sed</span> <span class='ocrx_word' id='word_1_400' title='bbox 801 2395 963 2437; x_wconf 83' lang='lat' dir='ltr'>quoniam,</span> <span class='ocrx_word' id='word_1_401' title='bbox 989 2402 1107 2437; x_wconf 83' lang='lat' dir='ltr'>quanto</span> <span class='ocrx_word' id='word_1_402' title='bbox 1135 2396 1230 2437; x_wconf 81' lang='lat' dir='ltr'>magis</span> <span class='ocrx_word' id='word_1_403' title='bbox 1259 2397 1382 2437; x_wconf 63' lang='lat' dir='ltr'>poetica</span> <span class='ocrx_word' id='word_1_404' title='bbox 1409 2402 1490 2433; x_wconf 86' lang='lat' dir='ltr'>suut,</span> <span class='ocrx_word' id='word_1_405' title='bbox 1516 2402 1602 2427; x_wconf 85' lang='lat' dir='ltr'>tanto</span> 
     </span>
     <span class='ocr_line' id='line_1_36' title="bbox 148 2443 1604 2491; baseline 0.005 -18"><span class='ocrx_word' id='word_1_406' title='bbox 148 2443 249 2474; x_wconf 89' lang='lat' dir='ltr'>minus</span> <span class='ocrx_word' id='word_1_407' title='bbox 277 2445 432 2476; x_wconf 83' lang='lat' dir='ltr'>audienda</span> <span class='ocrx_word' id='word_1_408' title='bbox 461 2449 562 2487; x_wconf 82' lang='lat' dir='ltr'>pueris</span> <span class='ocrx_word' id='word_1_409' title='bbox 589 2454 681 2491; x_wconf 87' lang='lat' dir='ltr'>atque</span> <span class='ocrx_word' id='word_1_410' title='bbox 709 2448 790 2486; x_wconf 86' lang='lat' dir='ltr'>viris,</span> <span class='ocrx_word' id='word_1_411' title='bbox 816 2461 894 2491; x_wconf 85' lang='lat' dir='ltr'>quos</span> <span class='ocrx_word' id='word_1_412' title='bbox 923 2450 1033 2480; x_wconf 82' lang='lat' dir='ltr'>liberos</span> <span class='ocrx_word' id='word_1_413' title='bbox 1057 2451 1120 2481; x_wconf 82' lang='lat' dir='ltr'>sore</span> <span class='ocrx_word' id='word_1_414' title='bbox 1151 2455 1285 2491; x_wconf 82' lang='lat' dir='ltr'>oportet,</span> <span class='ocrx_word' id='word_1_415' title='bbox 1302 2451 1480 2481; x_wconf 83' lang='lat' dir='ltr'>servitutem</span> <span class='ocrx_word' id='word_1_416' title='bbox 1508 2451 1604 2491; x_wconf 85' lang='lat' dir='ltr'>magis</span> 
     </span>
     <span class='ocr_line' id='line_1_37' title="bbox 146 2501 1602 2544; baseline 0.005 -17"><span class='ocrx_word' id='word_1_417' title='bbox 146 2507 238 2538; x_wconf 83' lang='lat' dir='ltr'>quam</span> <span class='ocrx_word' id='word_1_418' title='bbox 270 2504 398 2529; x_wconf 84' lang='lat' dir='ltr'>mortem</span> <span class='ocrx_word' id='word_1_419' title='bbox 427 2501 582 2534; x_wconf 82' lang='lat' dir='ltr'>timentes.</span> <span class='ocrx_word' id='word_1_420' title='bbox 630 2503 713 2534; x_wconf 81' lang='lat' dir='ltr'>Am.</span> <span class='ocrx_word' id='word_1_421' title='bbox 746 2504 796 2534; x_wconf 86' lang='lat' dir='ltr'>Sic</span> <span class='ocrx_word' id='word_1_422' title='bbox 827 2510 874 2534; x_wconf 80' lang='lat' dir='ltr'>est</span> <span class='ocrx_word' id='word_1_423' title='bbox 905 2505 1043 2535; x_wconf 79' lang='lat' dir='ltr'>omnino.</span> <span class='ocrx_word' id='word_1_424' title='bbox 1089 2504 1144 2534; x_wconf 87' lang='lat' dir='ltr'>So.</span> <span class='ocrx_word' id='word_1_425' title='bbox 1169 2503 1284 2534; x_wconf 82' lang='lat' dir='ltr'>Nonne</span> <span class='ocrx_word' id='word_1_426' title='bbox 1314 2505 1438 2544; x_wconf 86' lang='lat' dir='ltr'>iusuper</span> <span class='ocrx_word' id='word_1_427' title='bbox 1463 2505 1602 2540; x_wconf 83' lang='lat' dir='ltr'>nomina,</span> 
     </span>
     <span class='ocr_line' id='line_1_38' title="bbox 146 2551 1604 2598; baseline 0.004 -17"><span class='ocrx_word' id='word_1_428' title='bbox 146 2560 217 2591; x_wconf 83' lang='lat' dir='ltr'>quae</span> <span class='ocrx_word' id='word_1_429' title='bbox 250 2551 298 2582; x_wconf 83' lang='lat' dir='ltr'>his</span> <span class='ocrx_word' id='word_1_430' title='bbox 326 2551 470 2593; x_wconf 85' lang='lat' dir='ltr'>imposita</span> <span class='ocrx_word' id='word_1_431' title='bbox 498 2561 580 2592; x_wconf 84' lang='lat' dir='ltr'>sunt,</span> <span class='ocrx_word' id='word_1_432' title='bbox 607 2557 758 2587; x_wconf 83' lang='lat' dir='ltr'>horrenda</span> <span class='ocrx_word' id='word_1_433' title='bbox 789 2557 995 2598; x_wconf 76' lang='lat' dir='ltr'>terribiliaque</span> <span class='ocrx_word' id='word_1_434' title='bbox 1025 2557 1201 2597; x_wconf 75' lang='lat' dir='ltr'>abjicienda</span> <span class='ocrx_word' id='word_1_435' title='bbox 1239 2557 1337 2586; x_wconf 86' lang='lat' dir='ltr'>sunt?</span> <span class='ocrx_word' id='word_1_436' title='bbox 1384 2555 1524 2598; x_wconf 81' lang='lat' dir='ltr'>Cocytos</span> <span class='ocrx_word' id='word_1_437' title='bbox 1555 2557 1604 2587; x_wconf 87' lang='lat' dir='ltr'>in-</span> 
     </span>
     <span class='ocr_line' id='line_1_39' title="bbox 146 2605 1601 2651; baseline 0.005 -17"><span class='ocrx_word' id='word_1_438' title='bbox 146 2615 239 2646; x_wconf 90' lang='lat' dir='ltr'>quam</span> <span class='ocrx_word' id='word_1_439' title='bbox 256 2609 289 2635; x_wconf 89' lang='lat' dir='ltr'>et</span> <span class='ocrx_word' id='word_1_440' title='bbox 301 2605 416 2647; x_wconf 83' lang='lat' dir='ltr'>Stygas</span> <span class='ocrx_word' id='word_1_441' title='bbox 442 2613 475 2638; x_wconf 87' lang='lat' dir='ltr'>ct</span> <span class='ocrx_word' id='word_1_442' title='bbox 499 2607 613 2640; x_wconf 84' lang='lat' dir='ltr'>inferos</span> <span class='ocrx_word' id='word_1_443' title='bbox 636 2611 712 2640; x_wconf 85' lang='lat' dir='ltr'>nihil</span> <span class='ocrx_word' id='word_1_444' title='bbox 738 2616 908 2651; x_wconf 79' lang='lat' dir='ltr'>gustantes,</span> <span class='ocrx_word' id='word_1_445' title='bbox 923 2612 1045 2651; x_wconf 81' lang='lat' dir='ltr'>aliaque</span> <span class='ocrx_word' id='word_1_446' title='bbox 1071 2610 1209 2651; x_wconf 77' lang='lat' dir='ltr'>ejusdem</span> <span class='ocrx_word' id='word_1_447' title='bbox 1237 2610 1356 2651; x_wconf 82' lang='lat' dir='ltr'>generis</span> <span class='ocrx_word' id='word_1_448' title='bbox 1380 2611 1517 2641; x_wconf 79' lang='lat' dir='ltr'>nomina.</span> <span class='ocrx_word' id='word_1_449' title='bbox 1542 2616 1601 2642; x_wconf 85' lang='lat' dir='ltr'>ter-</span> 
     </span>
     <span class='ocr_line' id='line_1_40' title="bbox 147 2659 1600 2706; baseline 0.003 -18"><span class='ocrx_word' id='word_1_450' title='bbox 147 2663 216 2689; x_wconf 83' lang='lat' dir='ltr'>rent</span> <span class='ocrx_word' id='word_1_451' title='bbox 240 2659 438 2691; x_wconf 78' lang='lat' dir='ltr'>vehementer</span> <span class='ocrx_word' id='word_1_452' title='bbox 460 2661 579 2703; x_wconf 85' lang='lat' dir='ltr'>quippe</span> <span class='ocrx_word' id='word_1_453' title='bbox 605 2674 723 2701; x_wconf 85' lang='lat' dir='ltr'>omnes,</span> <span class='ocrx_word' id='word_1_454' title='bbox 746 2665 926 2706; x_wconf 85' lang='lat' dir='ltr'>quicunque</span> <span class='ocrx_word' id='word_1_455' title='bbox 954 2664 1095 2694; x_wconf 80' lang='lat' dir='ltr'>audiunt.</span> <span class='ocrx_word' id='word_1_456' title='bbox 1126 2673 1161 2694; x_wconf 81' lang='lat' dir='ltr'>ac</span> <span class='ocrx_word' id='word_1_457' title='bbox 1178 2663 1255 2694; x_wconf 80' lang='lat' dir='ltr'>forte</span> <span class='ocrx_word' id='word_1_458' title='bbox 1272 2664 1311 2694; x_wconf 81' lang='lat' dir='ltr'>ad</span> <span class='ocrx_word' id='word_1_459' title='bbox 1328 2663 1412 2693; x_wconf 82' lang='lat' dir='ltr'>aliud</span> <span class='ocrx_word' id='word_1_460' title='bbox 1439 2664 1600 2705; x_wconf 84' lang='lat' dir='ltr'>quippiam</span> 
     </span>
     <span class='ocr_line' id='line_1_41' title="bbox 147 2711 1604 2757; baseline 0.005 -16"><span class='ocrx_word' id='word_1_461' title='bbox 147 2711 332 2742; x_wconf 83' lang='lat' dir='ltr'>conferunt:</span> <span class='ocrx_word' id='word_1_462' title='bbox 357 2723 414 2743; x_wconf 87' lang='lat' dir='ltr'>nos</span> <span class='ocrx_word' id='word_1_463' title='bbox 439 2720 541 2745; x_wconf 78' lang='lat' dir='ltr'>autem</span> <span class='ocrx_word' id='word_1_464' title='bbox 566 2717 747 2747; x_wconf 78' lang='lat' dir='ltr'>custodibus</span> <span class='ocrx_word' id='word_1_465' title='bbox 771 2719 880 2748; x_wconf 78' lang='lat' dir='ltr'>nostris</span> <span class='ocrx_word' id='word_1_466' title='bbox 906 2719 944 2748; x_wconf 83' lang='lat' dir='ltr'>ab</span> <span class='ocrx_word' id='word_1_467' title='bbox 970 2717 1148 2757; x_wconf 82' lang='lat' dir='ltr'>hujusmodi</span> <span class='ocrx_word' id='word_1_468' title='bbox 1176 2717 1351 2748; x_wconf 79' lang='lat' dir='ltr'>nominibus</span> <span class='ocrx_word' id='word_1_469' title='bbox 1377 2718 1466 2747; x_wconf 75' lang='lat' dir='ltr'>valde</span> <span class='ocrx_word' id='word_1_470' title='bbox 1493 2718 1604 2748; x_wconf 85' lang='lat' dir='ltr'>metui-</span> 
     </span>
     <span class='ocr_line' id='line_1_42' title="bbox 144 2767 1604 2812; baseline 0.004 -18"><span class='ocrx_word' id='word_1_471' title='bbox 144 2775 224 2801; x_wconf 75' lang='lat' dir='ltr'>muS,</span> <span class='ocrx_word' id='word_1_472' title='bbox 240 2776 278 2796; x_wconf 91' lang='lat' dir='ltr'>ne</span> <span class='ocrx_word' id='word_1_473' title='bbox 305 2777 340 2796; x_wconf 82' lang='lat' dir='ltr'>ex</span> <span class='ocrx_word' id='word_1_474' title='bbox 367 2767 425 2798; x_wconf 84' lang='lat' dir='ltr'>hoc</span> <span class='ocrx_word' id='word_1_475' title='bbox 452 2779 564 2809; x_wconf 83' lang='lat' dir='ltr'>pavore</span> <span class='ocrx_word' id='word_1_476' title='bbox 591 2770 756 2812; x_wconf 78' lang='lat' dir='ltr'>molliores,</span> <span class='ocrx_word' id='word_1_477' title='bbox 771 2782 862 2812; x_wconf 83' lang='lat' dir='ltr'>quam</span> <span class='ocrx_word' id='word_1_478' title='bbox 889 2773 992 2811; x_wconf 79' lang='lat' dir='ltr'>(lecet,</span> <span class='ocrx_word' id='word_1_479' title='bbox 1008 2771 1185 2802; x_wconf 82' lang='lat' dir='ltr'>reddantur.</span> <span class='ocrx_word' id='word_1_480' title='bbox 1234 2770 1316 2802; x_wconf 80' lang='lat' dir='ltr'>Aur.</span> <span class='ocrx_word' id='word_1_481' title='bbox 1341 2771 1381 2801; x_wconf 77' lang='lat' dir='ltr'>Et</span> <span class='ocrx_word' id='word_1_482' title='bbox 1409 2771 1514 2801; x_wconf 86' lang='lat' dir='ltr'>merito</span> <span class='ocrx_word' id='word_1_483' title='bbox 1543 2771 1604 2800; x_wconf 79' lang='lat' dir='ltr'>sor-</span> 
     </span>
     <span class='ocr_line' id='line_1_43' title="bbox 145 2818 1603 2866; baseline 0.004 -19"><span class='ocrx_word' id='word_1_484' title='bbox 145 2818 307 2849; x_wconf 87' lang='lat' dir='ltr'>midamus.</span> <span class='ocrx_word' id='word_1_485' title='bbox 352 2821 408 2852; x_wconf 87' lang='lat' dir='ltr'>So.</span> <span class='ocrx_word' id='word_1_486' title='bbox 432 2823 612 2853; x_wconf 77' lang='lat' dir='ltr'>Auferenda</span> <span class='ocrx_word' id='word_1_487' title='bbox 642 2831 712 2854; x_wconf 86' lang='lat' dir='ltr'>suut</span> <span class='ocrx_word' id='word_1_488' title='bbox 735 2826 834 2866; x_wconf 79' lang='lat' dir='ltr'>igitur.</span> <span class='ocrx_word' id='word_1_489' title='bbox 883 2826 964 2857; x_wconf 78' lang='lat' dir='ltr'>Am.</span> <span class='ocrx_word' id='word_1_490' title='bbox 991 2825 1180 2857; x_wconf 63' lang='lat' dir='ltr'>Aust-nuda.</span> <span class='ocrx_word' id='word_1_491' title='bbox 1229 2825 1284 2855; x_wconf 88' lang='lat' dir='ltr'>So.</span> <span class='ocrx_word' id='word_1_492' title='bbox 1317 2825 1429 2866; x_wconf 81' lang='lat' dir='ltr'>Figura</span> <span class='ocrx_word' id='word_1_493' title='bbox 1450 2836 1521 2855; x_wconf 78' lang='lat' dir='ltr'>vcro</span> <span class='ocrx_word' id='word_1_494' title='bbox 1559 2826 1603 2854; x_wconf 58' lang='lat' dir='ltr'>liis</span> 
     </span>
     <span class='ocr_line' id='line_1_44' title="bbox 142 2872 1603 2919; baseline 0.005 -19"><span class='ocrx_word' id='word_1_495' title='bbox 142 2872 290 2902; x_wconf 74' lang='lat' dir='ltr'>contrari-d</span> <span class='ocrx_word' id='word_1_496' title='bbox 317 2874 451 2904; x_wconf 87' lang='lat' dir='ltr'>dicenda</span> <span class='ocrx_word' id='word_1_497' title='bbox 478 2881 509 2906; x_wconf 74' lang='lat' dir='ltr'>et</span> <span class='ocrx_word' id='word_1_498' title='bbox 536 2877 711 2907; x_wconf 74' lang='lat' dir='ltr'>inducenda</span> <span class='ocrx_word' id='word_1_499' title='bbox 737 2885 793 2909; x_wconf 59' lang='grc' dir='ltr'>ωε.</span> <span class='ocrx_word' id='word_1_500' title='bbox 841 2879 920 2910; x_wconf 73' lang='lat' dir='ltr'>Am.</span> <span class='ocrx_word' id='word_1_501' title='bbox 957 2879 1122 2910; x_wconf 63' lang='lat' dir='ltr'>Videlicet.</span> <span class='ocrx_word' id='word_1_502' title='bbox 1170 2880 1223 2910; x_wconf 85' lang='lat' dir='ltr'>So.</span> <span class='ocrx_word' id='word_1_503' title='bbox 1260 2879 1339 2919; x_wconf 77' lang='lat' dir='ltr'>Ergo</span> <span class='ocrx_word' id='word_1_504' title='bbox 1368 2879 1603 2908; x_wconf 71' lang='lat' dir='ltr'>lamentationes</span> 
     </span>
     <span class='ocr_line' id='line_1_45' title="bbox 146 2925 1601 2972; baseline 0.005 -18"><span class='ocrx_word' id='word_1_505' title='bbox 146 2925 490 2969; x_wconf 61' lang='lat' dir='ltr'>c0111111i=crau‹›ncsque</span> <span class='ocrx_word' id='word_1_506' title='bbox 519 2942 696 2972; x_wconf 76' lang='lat' dir='ltr'>magnorum</span> <span class='ocrx_word' id='word_1_507' title='bbox 726 2933 855 2964; x_wconf 82' lang='lat' dir='ltr'>virorum</span> <span class='ocrx_word' id='word_1_508' title='bbox 884 2933 1059 2964; x_wconf 70' lang='lat' dir='ltr'>auferimus.</span> <span class='ocrx_word' id='word_1_509' title='bbox 1108 2933 1187 2964; x_wconf 70' lang='lat' dir='ltr'>Am.</span> <span class='ocrx_word' id='word_1_510' title='bbox 1213 2933 1350 2963; x_wconf 65' lang='lat' dir='ltr'>Necesse</span> <span class='ocrx_word' id='word_1_511' title='bbox 1379 2931 1601 2971; x_wconf 36' lang='lat' dir='ltr'>cstffiquidcm</span> 
     </span>
    </p>
   </div>
  </div>
 </body>
</html>
