1840 3225
220 220 297 256 2052
796 212 1062 252 PLAToNts
1257 224 1261 227 -
1372 213 1376 215 “
1582 215 1680 264 [555

224 322 412 365 cupiditates
429 330 548 362 pravas,
564 329 632 360 quae
650 319 682 349 in
699 318 766 360 ipso
781 318 900 354 insunt,
916 317 1042 349 cohibet
1057 329 1062 346 :
1083 327 1143 348 non
1161 316 1362 358 persuadens,
1376 316 1450 359 quia
1465 327 1529 349 non
1545 322 1691 360 praestet,

224 388 328 419 neque
344 376 461 407 ratione
483 373 742 409 mansuefaciens,
767 373 822 403 sed
845 372 1030 404 necessitate
1053 382 1089 402 ac
1117 377 1199 402 metu
1216 371 1299 403 circa
1313 371 1462 413 reliquam
1477 370 1682 406 substantiam

222 430 463 464 contremiscens
478 429 490 458 ?
537 427 619 459 Am.
642 426 855 468 Summopere.
900 425 956 458 So.
980 425 1159 463 Enimvero,
1188 436 1207 456 ο
1235 426 1346 462 amice,
1375 425 1409 457 in
1439 425 1545 458 multi·
1573 436 1682 459 eorum

224 485 371 526 reperies,
396 482 523 525 quando
548 481 651 513 aliena
676 481 848 521 oportuerit
881 490 1019 521 erogare,
1048 480 1113 511 fuci
1144 479 1314 521 persimiles
1343 479 1543 521 cupiditates.
1598 479 1682 512 Am.

223 539 376 572 Maxime.
421 538 476 569 So.
499 535 574 567 Non
598 535 692 577 igitur
706 535 859 566 seditione
875 534 1021 566 intestina
1036 534 1093 564 iste
1115 534 1245 574 carebit,
1260 544 1362 574 neque
1377 544 1459 564 unus
1471 534 1597 575 quidam
1613 534 1684 571 erit,

222 593 276 625 sed
292 593 429 634 duplex:
455 590 644 631 habebitque
667 589 698 619 in
721 599 752 620 se
768 589 958 630 cupiditates
982 593 1016 618 ut
1039 588 1203 629 plurimum
1227 588 1435 629 cupiditatum
1451 587 1684 626 dominatrices.

223 646 365 678 meliores
381 646 501 677 scilicet
525 644 724 675 deteriorum.
770 642 854 674 Aur.
880 642 936 673 Est
958 642 1014 673 ita.
1058 642 1115 672 So.
1138 642 1348 678 Quamobrem
1365 641 1533 672 modestior
1546 640 1597 673 hic
1612 641 1685 673 aliis

222 701 328 733 multIs
342 700 400 731 erit
415 711 422 731 ς
448 697 671 730 consentientis
688 702 791 727 tamen
815 701 847 727 et
860 696 1042 737 compositae
1066 695 1176 726 mentis
1199 705 1270 727 vera
1286 695 1380 726 virtus
1396 695 1488 736 longe
1503 695 1587 727 hunc
1601 694 1683 726 effu-

222 755 298 797 giet.
342 753 426 785 Am.
449 752 533 784 Mihi
548 751 674 794 quidem
692 750 823 781 videtur.
869 750 926 782 So.
952 750 1037 787 Quin
1054 750 1146 781 etiam
1163 750 1202 780 ad
1219 755 1373 780 certamen
1387 749 1444 780 erit
1455 749 1570 780 tardior
1585 747 1685 790 [555]

221 809 268 840 vir
284 819 404 850 parcus,
421 806 565 848 quotiens
581 804 721 846 privatim
738 805 769 834 in
787 804 913 834 civitate
929 804 968 834 de
986 804 1114 834 victoria
1136 804 1242 844 aliqua
1257 805 1388 834 honesta
1403 808 1436 834 et
1450 802 1685 844 magnificentia.

221 863 279 896 erit
295 862 489 902 certandum,
516 870 586 892 cum
614 859 761 900 pecunias
787 868 913 899 erogare
935 858 1015 888 nolit
1040 858 1160 889 decoris
1185 863 1217 889 et
1239 858 1475 890 contentionum
1501 856 1684 898 hujusmodi

222 918 333 959 gratia,
350 921 490 959 metuens
508 914 654 955 prodigas
682 913 828 943 libidines
846 913 1005 949 suscitare,
1021 923 1251 953 provocareque
1265 913 1304 943 ad
1329 911 1591 953 propugnandum
1606 921 1685 942 con-

220 970 487 1010 tendendumque.
511 968 619 1009 paucis
645 967 750 1008 itaque
766 977 884 1002 eorum,
899 976 970 1007 quae
986 966 1068 997 circa
1084 977 1115 997 se
1132 971 1216 1004 sunt,
1233 976 1376 1006 pugnans
1392 975 1559 1006 paucorum
1581 964 1682 1006 impe-

220 1026 353 1056 rantium
370 1024 440 1059 ritu,
458 1028 492 1052 ut
508 1021 675 1062 plurimum
691 1020 824 1050 vincitur
838 1024 871 1050 et
885 1020 1009 1050 divitias
1025 1025 1128 1060 auget.
1162 1020 1244 1051 Am.
1267 1020 1481 1060 Summopere.
1494 1007 1565 1050 ΒΟ.
1588 1017 1682 1049 Nuu-

222 1079 299 1120 quid
328 1077 407 1108 ultra
422 1076 604 1111 diffidimus,
619 1075 657 1105 ad
675 1074 810 1106 civitatis
824 1073 893 1114 ejus
916 1074 1104 1115 exemplum,
1119 1084 1189 1114 quae
1205 1074 1392 1114 gubernatur
1406 1084 1425 1104 a
1439 1071 1559 1114 paucis,
1583 1071 1685 1105 homi-

219 1143 291 1163 nem
307 1141 433 1173 parcum
457 1135 551 1170 atque
574 1139 698 1160 avarum
722 1128 898 1159 institutum
921 1128 1012 1158 esse?
1058 1127 1142 1159 Am.
1165 1126 1263 1158 Nullo
1286 1127 1393 1158 modo.
1435 1126 1492 1158 So.
1513 1126 1592 1165 Post
1612 1125 1684 1157 haec

219 1186 470 1226 investigandum
481 1184 621 1219 videtur,
638 1194 700 1224 quo
717 1188 812 1224 pacto
829 1182 988 1223 popularis
1004 1182 1187 1223 gubernatio
1203 1181 1412 1221 constituitur,
1427 1185 1460 1212 et
1473 1190 1543 1222 quae
1557 1179 1598 1211 sit
1611 1179 1682 1221 ejus

219 1240 373 1276 conditio,
388 1244 424 1269 ut
438 1239 569 1270 eandem
592 1237 625 1267 in
650 1236 703 1267 tali
720 1236 846 1267 homine
869 1235 1081 1266 conditionem
1106 1240 1376 1277 recognoscentes,
1391 1244 1463 1265 eum
1478 1234 1510 1264 in
1520 1233 1682 1275 judicium

219 1295 424 1326 deducamus.
468 1292 551 1323 Ani.
574 1292 624 1322 Ita
647 1301 720 1322 sane
737 1291 794 1321 iter
809 1289 900 1321 nobis
916 1290 1076 1330 inceptum
1092 1290 1231 1320 similiter
1247 1299 1440 1330 peragemus.
1485 1287 1540 1318 So-
1563 1286 1683 1319 Nonne

217 1350 301 1379 hunc
316 1348 350 1378 in
366 1347 491 1377 modum
508 1357 546 1376 ex
560 1355 730 1387 paucorum
749 1344 891 1385 potentia
907 1344 937 1374 in
955 1343 1135 1384 popularem
1159 1342 1416 1384 gubernationem
1432 1341 1541 1373 civitas
1555 1351 1684 1383 pennu-

217 1403 322 1434 tatur?
346 1412 384 1432 ex
399 1411 438 1432 eo
453 1400 538 1442 quod
555 1400 638 1430 cives
654 1398 807 1440 optimum
822 1408 890 1429 esse
907 1402 1146 1439 proposuerunt,
1161 1403 1196 1428 ut
1211 1407 1302 1439 quam
1319 1396 1464 1428 ditissimi
1477 1395 1550 1428 sint.
1594 1394 1681 1428 Am.

218 1456 291 1494 Quo
308 1461 400 1497 pacto
416 1456 426 1486 ?
472 1455 530 1486 So.
553 1453 636 1490 Quia
653 1453 808 1494 principes
823 1453 854 1483 in
867 1463 904 1483 ea
922 1457 1047 1493 propter
1062 1452 1187 1483 divitias
1204 1452 1414 1488 dominantur,
1429 1450 1682 1492 prodigalitatem

217 1510 437 1541 dissolutorum
448 1508 600 1550 juvenum
617 1507 686 1549 lege
703 1507 865 1548 prohibere
880 1507 1056 1548 negligunt,
1072 1506 1326 1547 utemptionibus
1341 1510 1373 1537 et
1388 1504 1557 1536 foenoribus
1571 1513 1682 1536 eorum

218 1569 403 1605 usurpantes
427 1564 510 1594 bona
525 1561 737 1604 opulentiores
762 1561 854 1591 etiam
870 1561 1146 1601 honoratioresque
1162 1560 1307 1591 evadant.
1351 1558 1434 1590 Am.
1456 1558 1596 1590 Maxime
1612 1567 1679 1590 om·

216 1618 315 1650 nium.
359 1617 414 1650 So.
439 1616 571 1648 Constat
587 1616 706 1657 itaque,
730 1614 922 1656 impossibile
938 1625 1004 1646 esse
1021 1615 1052 1646 in
1067 1614 1195 1646 civitate
1224 1614 1352 1644 divitias
1367 1614 1518 1644 honorare
1532 1611 1624 1644 simul
1646 1615 1680 1643 et

216 1671 454 1713 temperantiam
477 1670 657 1712 possidere:
683 1669 737 1700 sed
762 1669 969 1700 necessarium
992 1673 1050 1704 est,
1075 1669 1113 1699 ad
1138 1667 1265 1699 alterius
1287 1666 1525 1699 aestimationem
1547 1665 1679 1697 alterum

214 1736 336 1767 semper
350 1726 477 1756 istorum
494 1723 621 1765 negligi.
651 1722 734 1754 Ani.
759 1723 892 1754 Constat
907 1722 1011 1765 plane.
1044 1723 1102 1754 So.
1124 1722 1210 1753 Dum
1226 1722 1320 1763 igitur
1333 1721 1366 1752 in
1382 1730 1550 1762 paucorum
1567 1724 1680 1761 poten-

215 1779 444 1820 tiajuve'ntutis
469 1777 689 1809 educationem
712 1777 888 1818 negligunt,
913 1777 1158 1818 permittuntque
1182 1777 1220 1807 ad
1245 1776 1408 1807 libidinem
1432 1775 1545 1811 vivere,
1559 1778 1680 1816 cogunt

211 1843 425 1876 saepenumero
438 1831 580 1863 homines
595 1842 658 1862 non
671 1831 875 1872 ingenerosos
892 1841 1044 1873 pauperes
1060 1830 1149 1862 fieri?
1181 1830 1263 1861 Ani.
1280 1828 1432 1860 Maxime.
1465 1828 1521 1860 So.
1543 1827 1678 1866 Sedent,

215 1893 252 1918 ut
265 1888 406 1924 arbitror,
422 1886 473 1917 isti
489 1886 521 1916 in
537 1885 664 1917 civitate
680 1885 795 1916 aculeis
810 1884 930 1920 armati,
950 1885 1058 1926 partim
1076 1885 1178 1915 alieno
1195 1894 1254 1914 aere
1271 1883 1402 1924 gravati,
1417 1882 1528 1924 partim
1543 1881 1677 1922 ignomi-

211 1941 265 1972 nia
291 1940 408 1978 afflicti,
435 1940 546 1981 partim
572 1939 709 1980 utrisque
738 1939 826 1969 malis
852 1939 1006 1980 oppressi,
1034 1939 1217 1970 insidiantes
1243 1937 1303 1968 illis
1331 1947 1410 1978 quos
1437 1947 1492 1968 sua
1522 1940 1679 1970 noverunt

212 1995 400 2036 possedisse,
415 2000 510 2035 atque
526 1993 614 2024 aliisz
639 1998 733 2035 atque
749 1993 863 2025 iccirco
881 2004 928 2024 res
942 2003 1040 2024 novas
1056 1992 1196 2034 quotidie
1214 1992 1393 2023 moliuntur.
1439 1990 1520 2022 Am.
1544 1989 1603 2021 Est
1618 1990 1676 2023 ira.

211 2047 269 2080 So.
291 2047 445 2078 Homines
459 2053 563 2078 autem
580 2047 674 2083 avari,
691 2047 765 2077 dum
781 2046 866 2078 lucro
883 2047 1080 2083 incumbunt,
1096 2056 1211 2087 eosque
1227 2045 1471 2076 animadvertere
1484 2054 1548 2076 non
1562 2044 1674 2076 viden-

211 2106 271 2138 tur,
287 2107 320 2132 et
335 2112 372 2132 ex
389 2101 512 2142 reliquis
526 2111 596 2132 eum
614 2111 746 2141 semper,
763 2100 816 2141 qui
832 2100 930 2135 cedit,
948 2101 1078 2131 maxime
1094 2101 1248 2131 subducto
1265 2105 1393 2140 argento
1409 2098 1618 2134 vulnerantes,
1641 2102 1676 2130 et

211 2156 307 2197 patris
332 2159 423 2186 natos
441 2154 588 2195 plurimos
604 2164 640 2185 ac
664 2153 762 2195 [556]
788 2153 904 2184 soenora
928 2159 1134 2194 reportantes,
1152 2154 1194 2183 ita
1218 2153 1297 2184 fucis
1313 2153 1484 2194 egenisque
1498 2151 1676 2183 homiuibus

210 2210 370 2240 civitatem
395 2208 528 2249 replent.
574 2206 658 2238 Ani.
683 2207 833 2238 Maxime.
879 2207 933 2238 So.
960 2207 1072 2247 Neque
1097 2207 1206 2238 volunt
1231 2207 1310 2237 tanti
1334 2206 1407 2237 mali
1429 2205 1609 2238 incendium
1632 2205 1677 2237 ita

211 2262 421 2304 exstinguere,
439 2267 549 2292 utnon
565 2260 747 2302 permittant
764 2270 919 2301 quemque
936 2271 982 2290 res
1000 2270 1070 2291 suas
1086 2270 1140 2300 pro
1156 2259 1280 2290 arbitrio
1297 2270 1388 2301 agere
1405 2271 1412 2289 ε
1437 2269 1539 2300 neque
1553 2259 1597 2290 ita
1611 2269 1676 2290 rur·

210 2327 261 2348 sus
278 2322 310 2348 et
326 2316 497 2347 secundum
515 2315 641 2346 alteram
658 2314 757 2355 legem
776 2313 850 2344 talia
865 2314 1008 2354 quaedam
1026 2313 1239 2354 prohibentur.
1284 2313 1367 2344 Ani.
1389 2313 1568 2344 Secundum
1579 2323 1673 2355 quam

211 2370 404 2412 potissimum
419 2370 430 2400 ?
476 2370 535 2400 So.
556 2369 736 2400 Secundum
752 2378 832 2404 eam,
848 2378 919 2408 quae
936 2374 1005 2408 post
1022 2368 1106 2398 illam
1121 2368 1259 2408 proxime
1275 2368 1424 2409 sequitur.
1434 2367 1580 2408 cogitque
1590 2366 1675 2399 cives

210 2424 332 2456 virtutis
346 2435 450 2456 curam
465 2423 633 2464 suscipere.
657 2422 684 2453 si
699 2422 770 2463 quis
784 2421 866 2452 enirn
884 2421 978 2452 inulta
1004 2432 1040 2452 ex
1056 2421 1236 2452 voluntariis
1259 2421 1449 2452 commerciis
1472 2420 1518 2452 sui
1535 2419 1674 2461 periculo

210 2477 476 2519 tractarejubeat,
493 2487 556 2508 non
572 2487 670 2518 usque
685 2477 764 2507 adeo
779 2476 976 2516 impudenter
994 2475 1142 2516 pecunias
1158 2475 1404 2516 congregabunt,
1420 2474 1628 2515 paucioraque
1640 2473 1676 2505 in

207 2531 334 2562 civitate
349 2532 430 2562 mala
447 2537 614 2562 nascentur
631 2530 718 2570 talia,
733 2529 837 2571 qualia
853 2529 997 2559 diximus.
1034 2528 1117 2559 Ani.
1141 2528 1194 2559 Sic
1210 2529 1350 2561 omnino.
1384 2527 1442 2559 So.
1463 2526 1559 2558 Nunc
1567 2527 1674 2558 autem

208 2585 256 2616 his
271 2586 312 2616 de
327 2585 427 2616 causis
442 2585 598 2626 principes
621 2585 763 2615 subditos
778 2583 823 2614 ita
838 2583 870 2614 in
886 2583 1011 2614 civitate
1037 2583 1210 2624 disponunt
1224 2594 1231 2613 :
1257 2593 1289 2613 se
1305 2582 1389 2623 ipsos
1412 2591 1484 2612 vero
1499 2585 1531 2611 et
1546 2590 1618 2611 suos
1639 2585 1675 2611 et

206 2638 350 2680 juniores
375 2638 528 2669 delicatos
551 2643 585 2669 et
607 2638 716 2669 molles
741 2642 773 2668 et
797 2637 940 2668 secordes
968 2637 1114 2673 reddunt,
1130 2636 1249 2667 nullum
1273 2640 1327 2666 aut
1349 2634 1443 2666 animi
1466 2638 1521 2664 aut
1534 2633 1672 2674 corporis

208 2691 344 2723 laborem
373 2692 552 2730 tolerantes,
578 2691 854 2733 voluptatibusque
884 2696 917 2722 et
947 2691 1104 2722 doloribus
1134 2690 1383 2722 succumbentes.
1426 2687 1508 2718 Am.
1530 2687 1672 2719 Prorsus.

209 2745 268 2777 So.
292 2745 335 2777 Et
359 2745 417 2786 ipsi
432 2746 558 2786 quidem
575 2746 651 2777 tales
666 2747 815 2782 evadunt,
839 2750 873 2776 nt
890 2745 967 2776 nihil
991 2746 1075 2776 aliud
1095 2751 1203 2786 praeter
1218 2749 1360 2786 questum
1376 2741 1544 2778 aestiment.
1567 2751 1672 2782 neque

208 2798 357 2840 majorem
374 2798 494 2829 virtutis
509 2809 611 2829 curam
639 2800 775 2830 habeant
797 2809 888 2840 quain
916 2798 1062 2829 mendici.
1108 2799 1189 2829 Ani.
1211 2798 1262 2828 Sic
1285 2802 1380 2828 certe.
1425 2796 1482 2827 So.
1506 2794 1557 2825 Ita
1578 2794 1674 2835 igitur

207 2853 356 2890 instituti,
372 2852 518 2893 quotiens
544 2853 787 2893 congrediuntur
813 2852 945 2883 invicem
974 2851 1130 2893 principes
1153 2862 1191 2882 ac
1217 2850 1346 2886 subditi,
1362 2849 1427 2880 sive
1451 2847 1672 2885 initineribM,

205 2907 272 2939 sive
299 2907 331 2937 in
354 2906 416 2938 alio
443 2906 592 2948 quopiam
618 2908 776 2938 communi
800 2905 987 2938 commercio
1011 2912 1106 2947 atque
1129 2915 1233 2947 opere,
1250 2909 1305 2938 aut
1318 2904 1402 2937 eima
1417 2901 1598 2945 spect-cul·
1618 2906 1675 2934 aut

200 2961 380 3000 exercitum,
409 2961 459 2993 vel
489 2961 669 3003 navigantes
695 2972 769 3000 una,
799 2961 847 2993 vel
870 2960 1058 2998 militantes,
1083 2960 1132 2993 vel
1157 2960 1249 2992 etiam
1279 2959 1310 2992 in
1336 2957 1425 3001 ipsis.
1439 2956 1583 3000 perit-nih
1608 2965 1675 2988 sese
