1840 3225
166 246 245 284 508
622 242 888 283 PLATONIS
919 243 1162 286 DIALOGI.
1525 250 1624 301 [373

164 348 224 380 tibi
252 347 387 391 (inquit)
410 347 550 379 confiteu·
572 347 704 389 aliquid,
729 347 884 380 Socrates.
904 352 1025 380 tantum
1053 348 1140 379 enim
1169 348 1281 380 absum
1307 349 1348 381 ab
1372 359 1411 381 eo
1432 354 1469 381 ut
1488 355 1620 382 mortem

165 403 304 440 timeam,
319 407 354 433 ut
367 412 417 433 me
432 403 600 433 vehemens
615 402 711 433 etiam
725 402 811 433 illius
825 406 932 434 teneat
941 403 1111 443 cupiditas.
1133 403 1179 434 ita
1192 403 1243 434 hic
1259 413 1374 441 sermo,
1387 403 1477 445 quasi
1492 405 1622 435 coeleete

164 457 292 497 aliquod
321 457 490 492 oraculum,
517 455 603 497 apud
630 466 681 487 me
710 455 806 487 fidem
830 456 958 488 omnino
980 456 1067 487 fecit.
1111 455 1224 498 Itaque
1245 458 1312 499 jam
1340 463 1476 490 mortem
1501 458 1625 489 fortiter

165 509 321 551 despicio,
336 509 434 541 veluti
445 510 479 541 in
493 510 655 541 meliorem
670 511 801 542 domum
822 510 1040 551 emigraturus.
1063 509 1113 541 Ac
1129 521 1213 543 nunc
1229 523 1266 543 ea
1281 523 1352 554 quae
1367 523 1386 543 a
1397 518 1429 543 te
1451 511 1536 543 dicta
1550 516 1627 542 sunt

165 573 290 595 mecum
313 563 492 605 expendam
518 564 632 595 tacitus
657 568 754 606 atque
778 564 959 596 recensebo.
975 569 1009 595 tu
1025 574 1110 606 vero,
1125 565 1170 595 mi
1183 565 1337 604 Socrates,
1353 567 1477 606 amabo,
1491 564 1625 597 meridie

164 617 247 649 adsis
262 617 350 649 mihi.
393 618 522 649 Faciam
549 617 685 662 (inquit)
706 623 742 651 ut
751 619 856 662 jubes.
879 624 911 651 at
924 618 1000 651 inde
1012 618 1107 650 redeo
1117 619 1151 650 in
1167 619 1367 662 Cynosarges
1376 620 1624 656 deambulatum,

165 672 251 704 unde
264 673 326 704 huc
337 676 485 704 evocatus
498 672 556 705 fui.

663 847 778 898 DE
834 848 1117 897 JUSTO.

754 957 818 998 [Ex
833 957 895 991 Ed.
910 958 1038 1001 Steph.]

159 1046 320 1078 Pomsm
342 1044 433 1076 nobis
459 1044 566 1076 dicere
590 1044 667 1086 quid
690 1044 732 1076 sit
751 1044 896 1088 justum?
919 1055 961 1077 an
987 1045 1154 1087 indignum
1175 1055 1244 1077 esse
1271 1044 1330 1077 tibi
1342 1045 1466 1077 videtur
1478 1049 1513 1077 ut
1528 1045 1568 1077 de
1581 1057 1622 1078 eo

159 1101 255 1132 verba
283 1100 403 1131 facias?
447 1100 533 1130 Mihi
557 1109 633 1130 sane
656 1098 754 1130 etiam
778 1104 1026 1131 consentaneum
1051 1099 1189 1131 videtur.
1234 1100 1397 1137 Quidnam
1427 1100 1522 1142 igitur
1546 1101 1621 1132 est?

160 1154 247 1191 Quid
274 1154 358 1185 enim
382 1154 466 1184 aliud
495 1163 591 1194 quam
614 1164 653 1184 ea
667 1163 736 1195 quae
757 1153 843 1195 justa
866 1154 1042 1195 putantur?
1088 1154 1139 1185 Ne
1162 1154 1240 1185 mihi
1263 1154 1308 1185 ita
1329 1154 1534 1196 respondeas,
1565 1155 1623 1186 sed.

157 1209 256 1247 velut,
281 1209 308 1239 si
323 1218 342 1240 a
356 1218 407 1239 me
422 1217 578 1248 quaereres
591 1208 742 1249 quidnam
757 1213 843 1239 esset
856 1208 978 1244 oculus,
995 1209 1219 1249 responderem
1236 1208 1305 1246 tibi,
1320 1209 1354 1239 id
1369 1208 1592 1250 quovidemus
1608 1220 1616 1240 ε

156 1261 206 1293 sin
229 1262 326 1293 etiam
352 1262 520 1293 ostendere
545 1273 595 1293 me
618 1262 756 1304 juberes,
779 1272 854 1293 eum
869 1262 1069 1293 ostenderem
1083 1262 1160 1293 tibi:
1185 1263 1210 1293 si
1225 1273 1352 1304 quoque
1367 1273 1404 1293 ex
1418 1273 1470 1294 me
1486 1272 1622 1304 quaem,

156 1316 210 1347 cui
222 1316 270 1347 rei
283 1326 401 1347 nornen
415 1321 465 1347 est
479 1316 596 1352 anima,
610 1316 821 1357 respondeam
836 1316 905 1353 tibi,
920 1326 983 1358 qua
993 1315 1232 1357 cognoscimus:
1258 1316 1308 1347 sin
1334 1321 1367 1347 et
1390 1326 1495 1347 rursus
1519 1316 1618 1347 inter-

155 1379 246 1411 roges
261 1369 338 1411 quid
352 1370 394 1401 sit
406 1380 478 1407 vox,
492 1369 691 1411 respondebo
706 1370 776 1407 tibi,
791 1380 855 1411 qua
868 1370 1044 1411 loquimur:
1069 1370 1114 1401 sic
1138 1370 1234 1401 etiam
1258 1369 1370 1406 dicito,
1395 1369 1516 1411 justum
1534 1369 1616 1401 illud

154 1433 225 1454 esse
252 1434 315 1465 quo
340 1424 383 1455 ad
408 1424 543 1465 aliquam
566 1434 634 1454 rem
656 1423 785 1460 utimur,
810 1424 897 1454 velut
910 1433 950 1455 ea
964 1423 1003 1454 de
1020 1423 1134 1464 quibus
1149 1434 1233 1455 nunc
1249 1433 1309 1464 ego
1323 1427 1356 1454 te
1372 1423 1619 1464 interrogabam.

154 1475 232 1507 Non
246 1477 418 1508 admodum
430 1488 554 1518 possum
571 1477 630 1507 tibi
643 1477 687 1507 ita
700 1477 903 1518 respondere.
948 1477 996 1508 At
1010 1477 1269 1518 quandoquidem
1284 1488 1347 1508 non
1361 1477 1407 1508 ita
1420 1476 1616 1518 respondere

153 1535 259 1571 potem
284 1531 424 1561 fortassis
451 1531 510 1561 hoc
537 1530 631 1561 modo
657 1530 780 1561 facilius
807 1532 913 1571 ipsum
936 1531 1162 1562 invenerimus.
1205 1531 1351 1572 Agedum
1378 1541 1464 1567 vero,
1490 1531 1616 1571 ecquod

150 1583 395 1615 instrumentum
410 1585 450 1614 ad
466 1584 721 1625 disquisitionem
731 1584 930 1620 adhibentes,
941 1585 1060 1626 majora
1071 1590 1104 1616 et
1113 1584 1236 1616 minora
1249 1584 1484 1625 dignoscimus?
1508 1594 1616 1616 nonne

152 1648 332 1669 mensuram
347 1639 358 1668 ?
393 1638 498 1669 Certe.
523 1638 605 1669 Cum
616 1648 764 1668 mensura
778 1648 852 1669 vero
866 1647 1001 1678 ecquam
1015 1644 1112 1669 artem
1125 1639 1135 1668 ?
1158 1648 1264 1669 nonne
1277 1642 1374 1669 artem
1386 1637 1589 1668 mensurandi
1604 1638 1615 1668 ?

153 1689 252 1733 [373]
265 1692 359 1722 Illam
373 1691 487 1732 ipsam.
502 1691 588 1728 Quid
597 1701 668 1721 vero
680 1690 763 1721 levia
776 1696 810 1722 et
823 1692 939 1732 gravia,
955 1702 1059 1723 nonne
1071 1693 1210 1733 pondere
1222 1691 1448 1734 dijudicamus?
1465 1691 1620 1723 Omnino.

151 1745 234 1776 Cum
261 1744 401 1786 pondere
426 1754 501 1775 vero
517 1754 581 1785 qua
595 1744 688 1775 arte?
712 1754 816 1776 nonne
833 1750 898 1775 arte
927 1745 1146 1786 ponderandi?
1192 1745 1350 1776 Maxime.
1396 1744 1482 1781 Quid
1505 1744 1615 1786 itaque

146 1798 236 1839 justa
249 1804 282 1830 et
296 1798 426 1840 injusta,
442 1809 542 1840 ecquo
557 1798 765 1829 instrumento
780 1799 1006 1840 investigantes
1022 1798 1263 1840 cognoscimus?
1289 1803 1322 1830 et
1335 1808 1407 1829 cum
1423 1798 1615 1830 instrumen-

149 1856 185 1882 to
210 1862 273 1894 qua
298 1857 392 1886 antea.
416 1857 481 1883 arte
494 1852 505 1882 ?
536 1862 614 1882 num
628 1863 667 1883 ne
683 1852 730 1884 sic
745 1853 876 1894 quidem
889 1853 949 1884 tibi
962 1853 1167 1884 manifestum
1181 1857 1230 1883 est
1246 1852 1256 1882 ?
1301 1851 1524 1894 Nequaquam.
1568 1852 1618 1884 At

149 1915 256 1936 rursus
284 1907 345 1937 hoc
375 1905 489 1936 modo:
514 1916 613 1946 quum
639 1905 679 1936 de
708 1906 876 1947 majoribus
902 1912 935 1937 et
958 1907 1129 1937 minoribus
1153 1907 1376 1948 disceptamus,
1401 1906 1544 1947 quisunt:
1559 1908 1615 1948 qui

149 1959 240 1991 litem
259 1959 342 1990 inter
364 1969 422 1990 nos
436 1959 611 1990 dirimunt?
633 1970 739 1991 nonne
756 1962 941 1992 mensores?
986 1961 1128 1994 Prorsus.
1165 1961 1271 1998 Quum
1285 1965 1391 1991 autem
1406 1959 1446 1991 de
1462 1960 1568 1992 multis
1581 1965 1616 1991 et

149 2014 259 2055 paucis
292 2014 492 2055 ambigimus,
530 2014 695 2054 ecquinam
728 2014 886 2056 judicium
911 2015 1043 2045 ferunt?
1079 2025 1186 2046 nonne
1217 2015 1453 2045 numeratores?
1499 2014 1614 2047 Plane.

152 2068 261 2104 Quum
274 2078 350 2098 vero
365 2062 405 2098 de
416 2067 508 2109 justis
521 2073 553 2098 et
567 2067 692 2110 injustis
705 2068 790 2099 inter
802 2079 859 2099 nos
874 2069 1104 2109 disceptamus,
1128 2068 1169 2099 ad
1183 2079 1262 2110 quos
1277 2068 1397 2099 abimus
1408 2069 1422 2099 ?·
1443 2068 1612 2110 ecquinam

147 2121 196 2152 ilii
220 2126 293 2152 sunt
312 2121 369 2162 qui
393 2121 434 2155 de
454 2122 548 2152 rebus
572 2121 727 2163 judicium
752 2123 833 2153 serre
856 2122 1001 2164 quotidie
1026 2123 1153 2154 solent?
1176 2122 1228 2154 dic
1255 2122 1359 2159 sodes,
1383 2122 1426 2152 mi
1453 2122 1612 2159 Socrates,

149 2184 256 2204 nonne
286 2184 342 2205 eos
368 2174 499 2205 Judices
521 2184 591 2205 esse
616 2175 686 2205 ais?
733 2175 837 2206 Recte
866 2176 1029 2207 invenisti.
1071 2177 1143 2217 Age
1168 2177 1284 2217 itaque,
1313 2176 1408 2206 etiam
1427 2176 1487 2206 hoc
1503 2175 1612 2206 dicere

148 2232 300 2258 conator:
346 2227 471 2269 Ecquid
493 2232 592 2268 agunt
616 2238 774 2259 mensores
798 2229 872 2260 dum
899 2230 939 2260 de
964 2230 1088 2270 magnis
1115 2235 1149 2261 et
1167 2230 1270 2270 parvis
1295 2229 1452 2270 judicium
1479 2229 1612 2261 ferunt?

147 2291 253 2312 nonne
274 2281 457 2313 metiendo?
502 2281 619 2313 Etiam.
665 2282 751 2319 Quid
774 2293 861 2319 vero,
878 2284 918 2313 de
935 2283 1079 2324 gravibus
1095 2288 1128 2314 et
1142 2283 1263 2314 levibus
1274 2282 1479 2324 judicantes?
1501 2292 1609 2314 nonne

147 2335 376 2376 ponderando?
420 2335 471 2366 Ita
484 2346 612 2377 prorsus
625 2346 713 2367 sane.
759 2336 846 2373 Quid
861 2346 935 2367 vero
950 2336 989 2367 de
1001 2337 1108 2368 multis
1121 2342 1155 2367 et
1165 2336 1297 2378 paucis?
1321 2346 1426 2366 nonne
1441 2345 1610 2367 numeran-

147 2389 212 2419 do?
257 2389 308 2420 Sic
334 2390 439 2430 plane.
484 2390 572 2427 Quid
583 2399 659 2421 vero
674 2390 715 2421 de
725 2389 821 2431 justis
836 2395 869 2421 et
883 2390 1033 2431 injustis?
1056 2390 1226 2431 responde.
1269 2389 1345 2420 Non
1355 2399 1492 2430 possum.
1538 2389 1609 2421 Re-

146 2442 280 2484 sponde,
307 2442 473 2475 Dicentes.
518 2443 670 2475 Omnino.
715 2444 863 2475 Dicendo
886 2444 980 2486 igitur
1003 2444 1159 2486 judicium
1187 2444 1228 2474 de
1255 2443 1347 2474 nobis
1367 2444 1482 2479 ferunt,
1508 2453 1608 2484 quum

145 2495 187 2526 de
212 2496 307 2538 justis
330 2502 364 2527 et
391 2496 518 2538 injustis
544 2496 676 2529 Judices
697 2498 855 2540 judicium
885 2498 998 2529 ferunt.
1041 2498 1193 2529 Omnino.
1238 2496 1408 2528 Metiendo
1434 2502 1541 2528 autem
1564 2497 1605 2528 de

144 2549 250 2590 parvis
271 2554 306 2580 et
332 2550 452 2591 magnis
473 2560 649 2582 mensores·
670 2561 820 2583 mensura
844 2551 929 2582 enim
953 2556 1021 2583 erat
1036 2561 1098 2592 qua
1112 2551 1152 2582 de
1168 2551 1215 2582 his
1230 2551 1428 2582 statuebatur
1437 2550 1606 2591 judicium.

142 2601 206 2634 Ita.
251 2602 461 2635 Ponderando
486 2609 591 2635 autem
615 2604 654 2636 de
679 2605 822 2646 gravibus
853 2611 884 2636 et
912 2606 1033 2636 levibus
1052 2605 1198 2647 judicant
1220 2606 1458 2646 ponderatores.
1481 2603 1614 2645 pondus»

143 2655 230 2687 enim
242 2662 309 2687 erat
323 2667 385 2698 quo
400 2658 467 2689 lioec
479 2658 714 2699 judicabantur.
759 2659 836 2690 Erat
849 2659 1009 2700 equidem.
1053 2659 1085 2690 N
1088 2660 1260 2690 umerando
1274 2663 1380 2689 autem
1395 2659 1436 2689 de
1451 2657 1556 2689 multis
1571 2662 1606 2688 et

143 2710 252 2751 paucis
264 2710 409 2752 judicant
422 2718 651 2744 numeratores.
673 2723 821 2744 numerus
834 2713 917 2744 enim
934 2719 1002 2744 erat
1019 2724 1082 2755 quo
1097 2714 1163 2744 haec
1173 2712 1406 2755 judicabantur.
1449 2711 1500 2742 Ita
1515 2721 1606 2743 sane.

143 2763 291 2795 Dicendo
306 2769 420 2802 autem,
436 2767 523 2796 velut
534 2767 630 2797 modo
646 2768 782 2798 confessi
796 2778 918 2804 sumus,
933 2768 973 2798 de
986 2767 1082 2809 justis
1098 2772 1131 2798 et
1144 2767 1270 2808 injustis
1285 2766 1323 2797 de
1338 2765 1428 2797 nobis
1443 2765 1601 2807 judicium

141 2818 245 2850 solent
265 2818 397 2850 Judices
422 2824 570 2851 statuere.
593 2830 694 2851 sermo
723 2821 807 2851 enim
836 2827 904 2852 erat
927 2832 992 2863 quo
1023 2822 1090 2852 haec
1114 2821 1349 2863 judicabantur.
1409 2818 1513 2850 Recte
1542 2819 1604 2855 ais,

141 2871 294 2905 Socrates.
337 2873 420 2904 Vera
449 2874 613 2915 equidem:
639 2880 671 2905 et
698 2886 800 2907 sermo
824 2881 883 2910 est.
909 2880 944 2906 ut
968 2882 1109 2917 apparet,
1141 2875 1217 2907 illud
1240 2875 1343 2917 ipsum
1369 2883 1432 2915 quo
1454 2873 1541 2914 justa
1569 2878 1606 2904 et.
