1840 3225
157 210 253 260 880]
629 211 702 248 DE
733 210 961 247 LEGIBUS
994 212 1093 251 LlB.
1126 213 1194 252 lX.
1544 216 1620 252 407

153 317 207 342 aut
230 313 345 354 majore
369 313 473 355 aliquo
499 315 549 345 vel
571 323 634 345 non
657 313 756 344 multo
781 312 898 344 minore
925 314 1082 355 supplicio
1109 316 1275 356 puniatur:
1301 326 1359 348 nec
1379 317 1419 347 de
1435 326 1548 358 genere
1563 327 1619 348 suo

155 365 330 408 quisquam,
347 368 468 399 etiamsi
483 373 606 399 aetatem
622 369 727 409 alege
752 368 963 409 praescriptam
985 369 1173 409 impleverit,
1193 370 1327 410 judicet.
1353 370 1450 412 [879]
1476 370 1524 401 sin
1549 380 1622 401 vero

156 429 264 451 servus
279 421 411 452 liberum
427 422 472 453 ira
486 422 632 453 concitus
647 421 868 457 vulneraverit,
893 432 910 452 a
933 422 1059 452 domino
1074 422 1215 454 tradatur
1230 425 1405 461 vulnerato,
1420 430 1456 455 ut
1471 424 1621 456 arbitratu

158 484 214 504 suo
229 474 374 516 injuriam
390 476 577 507 ulciscatur:
601 476 663 506 nisi
679 475 754 507 velit
775 475 921 506 damnum
938 476 1005 516 ipse
1020 487 1216 518 recuperare.
1233 478 1344 519 quodsi
1357 479 1437 509 servi
1453 479 1620 510 vulnerati-

158 539 220 569 que
235 529 355 560 malitia
370 540 426 571 per
448 530 707 571 compositionem
734 529 850 561 sactum
877 530 972 561 fuisse
996 531 1066 572 quis
1095 531 1245 573 ambigat,
1270 533 1310 563 ad
1330 533 1454 574 judices
1480 532 1621 563 deferat:

157 582 243 623 quod
266 583 292 613 si
317 593 381 614 non
402 583 573 615 convicerit
595 584 643 614 ita
671 594 749 620 esse,
776 584 904 625 triplum
934 583 1041 615 damni
1067 586 1230 616 restituat:
1255 586 1304 617 sin
1333 597 1406 617 vero
1438 586 1621 623 convicerit,

156 636 314 668 servitutis
328 647 411 668 reum
429 637 543 668 habeat
555 648 638 674 eum,
655 638 710 678 qui
726 637 834 668 dolose
848 649 916 669 cum
931 648 1020 669 servo
1031 639 1106 680 egit.
1129 640 1184 680 qui
1199 650 1270 671 vero
1282 651 1345 670 non
1359 645 1470 681 sponte
1483 641 1619 681 aliquem

156 690 340 727 vulneravit,
370 691 558 732 simpliciter
587 692 734 723 damnum
764 692 936 733 persolvat.
968 693 1074 723 nullus
1101 693 1220 734 quippe
1250 694 1438 735 legumlator
1466 694 1620 735 imperare

153 744 284 775 fortunae
314 750 428 786 potest.
445 745 572 785 judices
602 751 708 776 autem
735 745 809 782 sint,
837 746 892 787 qui
919 751 953 776 et
979 747 1062 777 natis
1084 747 1315 788 nepotibusque
1337 748 1378 778 ad
1408 752 1578 789 parentes:
1604 758 1623 779 a

153 798 275 839 quibus,
290 804 443 839 quantum
457 799 609 831 damnum
623 800 724 836 suerit,
744 800 929 832 declaretur.
941 800 1089 831 violentie
1101 801 1227 842 quidem
1240 802 1404 842 passiones
1413 807 1486 833 sunt
1497 813 1618 839 omnes,

155 863 235 894 quas
259 852 415 893 diximus3
439 854 612 885 violentum
645 865 772 896 quoque
792 865 884 885 omne
911 855 1096 886 verberandi
1120 865 1231 896 genus.
1255 861 1377 897 oportet
1402 856 1497 898 igitur
1512 867 1620 888 omnes

155 908 309 944 homines,
332 909 478 939 mulieres
502 909 593 940 simul
619 919 656 940 ac
681 909 775 945 viros,
791 908 1012 940 adolescentes
1026 919 1063 940 ac
1078 920 1179 945 senes,
1195 910 1241 941 ita
1256 911 1297 941 de
1313 911 1360 941 his
1375 921 1499 952 semper
1514 911 1620 942 existi·

154 971 258 992 mare:
282 963 436 993 seniorem
458 974 523 994 non
546 974 642 1005 parvo
663 964 830 994 intervallo
850 964 1024 1005 junioribus
1039 964 1289 1005 praeponendum
1303 975 1370 995 esse
1386 970 1418 995 et
1432 964 1517 1006 apud
1531 965 1621 996 Deos

154 1020 187 1046 et
203 1017 287 1058 apud
304 1017 457 1053 homines,
472 1017 525 1058 qui
542 1018 654 1048 victuri
668 1018 803 1048 feliciter
818 1018 891 1048 sint.
915 1018 994 1048 caedi
1018 1028 1092 1059 ergo
1116 1028 1227 1049 senem
1241 1029 1259 1049 a
1279 1019 1406 1060 juniore
1421 1025 1453 1050 et
1468 1025 1559 1061 turpe
1572 1025 1623 1051 est

155 1074 188 1101 et
203 1070 276 1101 odio
291 1081 310 1101 a
324 1070 398 1101 Diis
413 1072 555 1103 habetur.
579 1072 673 1103 decet
687 1077 792 1102 autem
805 1072 956 1112 juvenem
972 1072 1167 1103 verberatum
1179 1082 1198 1103 a
1210 1072 1344 1109 seniore,
1356 1073 1387 1104 id
1399 1074 1440 1104 ob
1452 1075 1622 1106 senectutis

155 1125 364 1155 reverentiam
374 1124 530 1166 patienter
542 1126 635 1157 ferre.
659 1126 703 1156 sic
718 1126 825 1167 itaque
841 1126 1017 1156 sanciamus
1030 1137 1037 1156 z
1062 1126 1195 1167 quilibet
1219 1128 1372 1158 seniorem
1388 1133 1421 1158 et
1435 1138 1466 1159 re
1481 1133 1514 1159 et
1527 1128 1620 1159 verbo

154 1179 252 1209 colat.
274 1189 311 1210 ac
341 1180 366 1210 si
395 1180 510 1221 viginti
539 1181 629 1211 annis
654 1179 755 1222 major
784 1185 844 1216 est,
868 1181 956 1222 quasi
982 1185 1115 1222 patrem,
1141 1181 1167 1211 si
1190 1181 1236 1212 vir
1257 1181 1358 1218 fuerit,
1372 1187 1426 1213 aut
1443 1187 1582 1220 matrem,
1598 1182 1627 1214 si

158 1233 280 1270 mulier,
290 1240 468 1265 revereatur
483 1246 489 1264 z
515 1240 609 1276 atque
622 1235 700 1265 adeo
716 1235 858 1266 omnibus
871 1245 995 1276 semper
1010 1235 1178 1270 abstineat,
1194 1236 1246 1276 qui
1261 1235 1294 1265 in
1311 1246 1348 1266 ea
1364 1241 1456 1267 aetate
1471 1236 1543 1272 sint,
1559 1247 1622 1278 qua

155 1298 318 1328 procreare
333 1298 506 1330 parereque
521 1289 622 1330 ipsum
638 1289 811 1329 potuerint,-
827 1289 950 1319 natales
965 1288 1054 1319 Deos
1068 1289 1196 1319 verituS.
1219 1289 1386 1326 abstineat,
1401 1290 1542 1331 inquam,
1559 1301 1623 1322 non

155 1343 254 1372 solum
281 1342 364 1383 cive,
389 1343 444 1374 sed
468 1343 590 1374 seniore
617 1343 724 1373 etlam.
748 1343 945 1384 peregrinum
968 1353 1041 1373 vero
1057 1344 1223 1373 audentem
1239 1343 1340 1374 civem
1356 1344 1488 1381 caedere,
1498 1345 1537 1381 si,
1567 1345 1622 1387 qui

155 1395 298 1433 caeditur,
312 1397 509 1438 puniendum
524 1402 644 1432 censet,
660 1399 700 1428 ad
716 1397 857 1428 tribunos
872 1397 975 1438 plebis
989 1397 1163 1438 perducat3
1186 1407 1246 1428 nec
1260 1397 1329 1438 ipse
1347 1399 1488 1429 verberet
1502 1411 1509 1429 ε
1534 1404 1568 1429 ut
1584 1409 1623 1430 eo

158 1451 258 1492 magis
280 1462 299 1482 a
329 1451 487 1482 caedendis
511 1452 631 1482 civibus
658 1452 725 1482 suis
750 1451 918 1488 abstineat,
942 1450 1069 1492 quando
1091 1451 1189 1482 etiam
1204 1461 1224 1482 a
1239 1452 1409 1493 peregrinis
1424 1463 1456 1484 se
1473 1452 1624 1484 continet.

156 1504 327 1546 Peregrino
355 1505 498 1536 similiter
526 1505 723 1547 advenaque,
750 1506 796 1537 sic
826 1511 859 1536 ut
886 1515 991 1547 neque
1021 1505 1203 1536 invadendo
1231 1516 1334 1547 neque
1361 1517 1395 1537 se
1422 1506 1623 1538 defendendo

153 1559 332 1590 verberibus
358 1558 480 1591 caedere
496 1560 598 1601 ipsum
621 1561 747 1591 audeat.
772 1561 822 1591 hic
850 1570 924 1591 vero
941 1560 1151 1601 magistratus,
1168 1561 1354 1602 hospitalem
1373 1560 1481 1592 Deum
1496 1562 1624 1598 veritus,

155 1623 222 1643 rem
237 1612 406 1654 diligenter
420 1613 567 1654 inquirat,
582 1619 625 1650 et,
642 1613 667 1644 si
684 1615 865 1655 peregrinus
881 1614 996 1655 injuria
1010 1615 1110 1645 civem
1127 1615 1324 1655 percusserit,
1346 1616 1475 1647 verbera
1489 1615 1620 1648 totidem

157 1666 216 1697 sibi
241 1667 367 1708 publico
397 1667 522 1708 flagello
547 1668 729 1703 reddantur,
746 1678 785 1698 ne
801 1667 879 1708 quid
901 1668 963 1698 tale
979 1668 1113 1709 amplius
1125 1668 1322 1709 impudenter
1336 1669 1462 1700 audeat.
1484 1670 1533 1701 sin
1548 1680 1623 1701 vero

156 1721 308 1751 innocens
331 1721 515 1762 peregrinus
537 1721 704 1758 videbitur,
731 1722 826 1752 minis
844 1732 882 1752 eo
905 1722 1068 1762 castigato,
1087 1722 1138 1762 qui
1154 1722 1310 1762 perduxit,
1326 1723 1435 1753 ambos
1450 1723 1623 1756 dimittant.

157 1775 285 1816 aequalis
301 1780 406 1806 autem
420 1775 447 1806 si
461 1776 614 1817 aequalem
629 1776 678 1806 vei
705 1777 800 1817 paulo
822 1776 986 1817 majorem,
1014 1776 1151 1807 nondum
1171 1784 1276 1807 tamen
1289 1782 1424 1817 patrem,
1449 1778 1546 1820 [880]
1571 1783 1625 1809 aut

155 1839 249 1860 senex
272 1840 378 1860 senem
403 1829 470 1860 sive
489 1829 617 1870 juvenis
637 1829 800 1871 juvenem,
824 1830 1004 1861 verberibus
1027 1831 1162 1866 caedant,
1179 1831 1353 1862 secundum
1366 1836 1509 1863 naturam
1530 1833 1623 1864 nudis

156 1883 300 1914 manibus
328 1895 361 1915 se
392 1884 577 1915 defendant.
600 1885 626 1915 si
657 1885 727 1926 quis
752 1886 834 1915 ultra
864 1884 1073 1926 quadraginta
1096 1890 1187 1916 natus
1213 1895 1323 1922 annos,
1350 1886 1415 1917 sive
1439 1885 1512 1916 dum
1528 1886 1623 1918 alium

156 1937 279 1967 invadit
307 1938 373 1969 sive
403 1939 476 1970 dum
505 1950 538 1970 se
567 1939 720 1975 defendit,
748 1938 869 1970 caedere
904 1949 1094 1980 quemquam
1124 1939 1250 1973 audeat,
1280 1940 1399 1970 servilis
1426 1940 1624 1981 rusticusque

156 1991 280 2022 habitus
295 1992 352 2024 hoc
369 1993 536 2034 opprobrio
551 1994 626 2023 satis
641 1993 766 2034 punitus
781 1993 948 2025 videbitur.
977 1993 1154 2035 quicunque
1178 1994 1227 2024 his
1241 1994 1368 2024 monitis
1384 1994 1625 2035 obtemperabit,

158 2045 316 2077 modestus
330 2052 363 2077 et
379 2054 558 2078 mansuetus
574 2048 748 2078 habebitur.
770 2047 824 2088 qui
847 2057 919 2078 vero
935 2047 1085 2088 prooemia
1100 2049 1166 2078 haze
1183 2052 1322 2088 spernet,
1339 2048 1396 2079 hac
1411 2048 1481 2089 lege
1497 2048 1624 2080 co'erce-

156 2105 225 2130 atur
239 2113 245 2130 :
272 2101 326 2141 qui
335 2101 479 2143 aliquem
496 2102 608 2143 viginti
621 2103 712 2132 annis
727 2102 775 2132 vel
789 2101 929 2142 pluribus
941 2106 1017 2132 natu
1028 2101 1180 2141 majorem
1191 2102 1338 2142 pulsavit,
1348 2103 1482 2143 primum
1494 2103 1624 2144 quidem

157 2153 212 2194 qui
235 2153 313 2185 forte
329 2155 514 2192 interfuerit,
530 2156 557 2186 si
571 2166 630 2187 nec
641 2155 746 2198 junior
761 2165 820 2186 nec
836 2155 968 2196 aequalis
985 2155 1036 2192 sit,
1053 2155 1226 2196 prohibeat,
1242 2161 1284 2192 et,
1301 2156 1325 2186 si
1340 2167 1403 2187 non
1420 2157 1623 2197 prohibuerit,

157 2208 333 2239 secundum
357 2210 445 2250 leges
470 2210 630 2251 improbus
655 2211 818 2240 habeatur.
840 2209 889 2240 sin
913 2214 1016 2239 autem
1045 2209 1208 2241 verberato
1234 2210 1364 2251 aequalis
1379 2216 1433 2240 aut
1450 2210 1557 2252 junior
1572 2211 1623 2249 sit,

157 2262 246 2302 quasi
272 2263 397 2294 fratrem
420 2270 476 2295 aut
498 2270 621 2306 patrem
645 2269 699 2295 aut
724 2264 813 2305 quasi
834 2265 1026 2305 superiorem
1063 2264 1222 2295 defendat.
1257 2275 1294 2296 ac
1323 2271 1474 2305 praeterea
1498 2264 1623 2305 judicio

157 2316 312 2358 subjectus
333 2319 383 2354 sit,
408 2320 462 2360 qui
482 2319 650 2356 seniorem,
668 2324 702 2350 ut
718 2319 864 2355 diximus,
889 2318 1086 2350 verberavit:
1112 2323 1144 2348 et
1159 2318 1186 2348 si
1202 2318 1410 2354 damnabitur,
1424 2329 1487 2348 non
1502 2319 1623 2350 minore

158 2379 252 2410 quum
267 2380 371 2402 annuo
385 2378 525 2413 tempore
538 2374 704 2409 vinciatur,
722 2374 815 2404 immo
831 2373 926 2404 etiam
942 2373 1070 2415 majore,
1087 2373 1114 2403 si
1128 2372 1222 2404 modo
1232 2372 1391 2413 judicibus
1406 2372 1440 2403 id
1456 2372 1623 2406 videbitur.

158 2423 185 2453 si
210 2425 393 2465 peregrinus
415 2427 466 2457 vel
493 2427 597 2458 incola
623 2428 737 2468 viginti
761 2428 850 2458 annis
872 2429 922 2458 vel
947 2427 1087 2469 pluribus
1104 2427 1258 2458 seniorem
1272 2427 1386 2468 pulset,
1398 2432 1570 2468 praesentes
1585 2437 1624 2458 ea

160 2477 242 2518 lege,
257 2489 318 2519 qua
334 2480 478 2517 diximus,
491 2481 694 2522 opitulentur.
718 2486 751 2512 et
762 2482 816 2522 qui
832 2481 1062 2513 condemnatus
1074 2481 1178 2517 fuerit,
1194 2482 1219 2512 si
1235 2481 1420 2522 peregrinus
1434 2481 1562 2522 quidem
1577 2487 1625 2513 est

160 2531 217 2562 sed
241 2543 305 2563 non
330 2533 436 2565 incola
461 2534 557 2571 urbis,
583 2535 742 2566 biennium
770 2536 946 2566 vinciatur:
971 2536 1020 2565 sin
1050 2543 1154 2566 autem
1178 2535 1283 2565 incola
1305 2535 1450 2576 urbisque
1472 2535 1626 2566 habitator

161 2587 283 2627 legibus
306 2598 368 2619 non
394 2588 602 2630 obtemperat,
628 2589 799 2620 triennium
816 2601 825 2629 3
849 2589 1046 2631 nisijudices
1063 2589 1260 2621 decreverint
1274 2588 1392 2619 diutius
1408 2588 1626 2620 detinendum.

164 2641 219 2682 qui
233 2652 306 2672 vero
320 2653 460 2684 praesens
472 2643 566 2673 fuerit
584 2654 643 2675 nec
658 2644 829 2684 opitulatus
844 2643 1015 2675 secundum
1028 2644 1130 2684 legem
1145 2644 1196 2680 sit,
1213 2643 1240 2673 si
1254 2643 1293 2673 de
1310 2643 1412 2683 primo
1426 2643 1626 2684 maximoque

161 2696 204 2726 sit
230 2706 336 2733 censu,
364 2697 450 2728 mina
466 2697 631 2728 damnetur
648 2708 657 2729 ι
681 2697 813 2729 secundi
830 2708 900 2728 vero
914 2708 1026 2729 census
1042 2698 1070 2728 si
1084 2697 1189 2733 fuerit,
1205 2697 1361 2728 drachmis
1375 2696 1624 2738 quinquaginta:

162 2749 246 2780 tertii
273 2751 400 2792 triginta
415 2763 421 2780 :
456 2751 559 2793 quarti
586 2751 710 2792 viginti.
747 2752 855 2783 luorum
880 2751 1007 2794 judices
1033 2750 1098 2781 sint
1124 2750 1268 2781 ductores
1296 2750 1463 2785 exercitus,
1485 2749 1625 2792 praefecti

162 2802 316 2841 ordinum,
343 2805 460 2837 tribuni
484 2805 688 2847 equitumque
709 2805 860 2847 magistri.
882 2807 987 2847 legum
1019 2815 1104 2841 vero,
1129 2809 1164 2835 ut
1188 2803 1322 2840 videtur,
1337 2805 1407 2835 aliae
1421 2804 1461 2834 ad
1477 2805 1624 2834 bonorum

163 2857 322 2890 hominum
338 2859 512 2892 doctrinam
528 2866 696 2901 ponuntur,
713 2866 747 2890 ut
760 2870 815 2900 per
831 2870 884 2891 eas
901 2859 1094 2901 intelligant,
1109 2869 1172 2903 quo
1188 2864 1283 2900 pacto
1297 2859 1378 2890 inter
1394 2869 1426 2889 se
1442 2858 1540 2888 amice
1559 2867 1625 2887 ver-

165 2916 292 2943 sentur:
318 2913 387 2946 aliae
410 2913 450 2946 ad
473 2914 734 2957 compescendam
761 2915 885 2946 illorum
911 2914 1127 2956 perunacizun,
1156 2915 1210 2956 qui
1238 2913 1382 2946 indomiti
1412 2917 1522 2943 natura
1545 2915 1629 2945 sunt.
