1840 3225
246 233 322 272 170
624 260 629 265 .
847 228 1114 267 PLATONIS
1617 231 1712 281 [492

251 336 335 367 bono
365 343 500 375 namque
530 331 645 364 malurn
677 330 861 362 contrarium
887 332 984 373 magis
1007 341 1101 372 quam
1133 341 1196 361 non
1228 332 1321 362 bono.
1367 331 1394 362 A
1402 343 1449 363 or.
1473 332 1616 370 Quidni?
1661 333 1718 364 So.

250 387 307 420 Est
336 388 440 429 igitur,
471 393 506 418 ut
531 387 671 422 arbitror,
701 391 956 422 consentaneum,
980 391 1120 416 naturam
1145 385 1306 426 optimam,
1328 386 1353 416 si
1382 387 1438 417 sub
1468 388 1596 418 adversa
1619 386 1718 417 forma

252 441 418 478 nutriatur,
434 440 618 472 deteriorem
641 439 772 470 evadere
787 449 880 480 quarn
896 440 1052 481 ignavam.
1099 440 1181 470 on.
1205 439 1261 470 Est
1284 440 1404 482 utique.
1449 441 1505 472 So.
1527 440 1597 472 Hac
1612 440 1718 482 itaque

251 495 372 526 ratione
389 495 533 532 dicimus,
549 494 732 531 Adimante‚
747 494 866 524 animos
881 494 1130 534 praestantissimo
1147 493 1272 534 ingenio
1289 495 1446 535 praeditos,
1469 495 1496 525 si
1512 494 1591 526 male
1602 494 1720 525 fuerint

252 548 392 585 educati,
408 549 558 590 pessimos
575 548 652 579 fieri.
687 547 739 578 An
754 553 845 588 putas
859 547 989 578 infanda
1005 548 1120 578 scelera
1136 553 1168 577 et
1183 553 1348 578 extremam
1365 549 1537 590 nequitiam
1552 559 1589 580 ex
1600 548 1716 590 ignavo

251 604 356 645 potius
383 603 512 645 ingenio
538 613 632 644 quam
659 612 821 644 generoso,
845 603 1032 633 educatione
1055 607 1214 643 corrupto,
1230 603 1420 643 procedere?
1443 602 1627 634 imbecillem
1644 613 1716 633 vero

253 663 396 688 naturam
413 656 588 698 ingentium
606 656 654 687 vel
671 657 820 687 bonorum
837 656 885 686 vel
899 657 1048 688 malorum
1061 656 1250 698 quandoque
1265 667 1388 688 causam
1402 657 1491 688 fore?
1536 656 1618 687 Am.
1640 655 1718 687 Non

253 716 350 743 certe.
395 711 452 743 So.
477 711 509 742 Si
524 710 593 752 ipsa
607 710 703 752 igitur
728 709 825 752 [492]
851 715 960 741 natura
976 710 1155 751 philosophi
1170 710 1406 742 convenientem
1422 710 1611 742 nanciscitur
1623 710 1720 741 disci-

251 765 381 807 plinam,
408 775 535 796 necesse
560 770 608 796 est
635 775 704 795 eam
731 774 852 805 semper
878 764 1072 804 proficiendo
1096 764 1135 794 ad
1159 774 1281 795 omnem
1298 765 1457 806 pervenire
1472 764 1629 795 virtutem.
1650 769 1718 795 sata

252 826 357 850 autem
382 819 408 850 si
433 818 527 850 fuerit
552 819 719 860 genitaque
745 828 898 859 perverse,
926 823 1021 859 atque
1047 818 1090 849 ita
1116 818 1242 855 nutrita,
1270 820 1308 849 ad
1325 819 1480 850 contraria
1494 819 1600 850 omnia
1615 828 1716 849 mrsns

254 873 420 909 delabitur,
437 872 499 904 nisi
515 872 594 903 forte
610 872 750 903 Deorum
768 871 879 913 aliquis
895 883 961 902 eam
978 871 1143 912 adjuverit.
1187 872 1239 902 An
1258 879 1288 902 tu
1305 884 1430 914 quoque
1446 878 1550 914 putas,
1565 871 1716 913 quemad-

253 927 379 958 modum
406 926 505 963 multi,
521 937 626 957 verum
641 936 707 956 esse
736 926 886 966 quosdam
911 925 1126 956 adolescentes
1145 936 1163 956 a
1178 915 1322 966 sophistis
1339 927 1506 967 corrumpi,
1522 931 1715 967 corruptores

253 991 326 1012 vero
357 991 462 1012 eorum
477 980 632 1022 sophistas
647 980 799 1020 quosdam
814 989 880 1010 esse
898 979 1032 1020 privatos
1047 990 1054 1009 ε
1080 989 1116 1010 ac
1132 989 1194 1010 non
1210 990 1263 1010 eos
1279 980 1394 1021 potius,
1410 979 1465 1021 qui
1479 980 1523 1010 ita
1537 979 1720 1020 loquuntur,

254 1034 403 1065 maximos
427 1044 495 1065 esse
520 1033 687 1074 sophistas,
715 1033 828 1063 docere
855 1032 931 1063 item
956 1043 1079 1073 prorsus
1101 1042 1138 1063 ac
1162 1032 1239 1063 tales
1263 1033 1403 1069 reddere,
1420 1033 1527 1074 quales
1541 1032 1673 1074 cupiunt
1688 1038 1721 1063 et

249 1088 391 1130 juniores
407 1093 439 1119 et
452 1088 600 1124 seniores,
617 1091 680 1116 tam
694 1086 776 1117 viros
792 1097 886 1128 quam
902 1086 1068 1117 mulieres?
1114 1086 1194 1118 ΑΜ.
1221 1087 1358 1124 Quando
1375 1087 1404 1117 id
1422 1087 1638 1129 potissimum?
1661 1086 1719 1118 So.

254 1142 391 1180 Quando
428 1142 460 1172 in
491 1151 588 1172 unum
617 1140 742 1182 plurimi
776 1141 958 1182 congregati
985 1141 1017 1171 in
1041 1141 1246 1172 concionibus
1273 1142 1319 1172 vel
1347 1141 1477 1183 judiciis
1505 1145 1560 1172 aut
1593 1140 1721 1172 theatris

255 1201 311 1228 aut
346 1196 453 1228 castris
489 1195 540 1226 vel
578 1195 639 1226 alio
663 1196 799 1236 quodam
834 1195 962 1236 publico
996 1195 1155 1225 homiuum
1189 1200 1270 1226 ccetu
1301 1195 1422 1237 ingenti
1451 1205 1572 1226 rumore
1601 1205 1720 1232 eorum,

255 1260 327 1292 quae
353 1250 400 1281 vel
425 1250 510 1280 dicta
534 1248 583 1280 vel
605 1249 690 1280 facta
712 1254 796 1285 sunt,
820 1248 881 1279 alia
907 1248 1098 1290 vituperant,
1123 1249 1184 1279 alia
1206 1249 1348 1286 laudant,
1372 1255 1404 1280 et
1419 1249 1458 1280 ad
1473 1255 1604 1290 utraque
1619 1248 1720 1280 acrius

255 1304 436 1341 efferuntur,
463 1304 538 1334 dum
567 1303 741 1344 explodunt
767 1308 800 1333 et
825 1303 1023 1343 applaudunt
1045 1313 1163 1333 summo
1187 1304 1322 1344 quodam
1347 1303 1478 1345 strepitu
1506 1309 1538 1334 et
1561 1303 1694 1334 clamore
1708 1313 1716 1332 ε

259 1359 344 1389 unde
360 1357 492 1399 parietes
507 1367 634 1398 quoque
649 1362 681 1388 et
695 1356 853 1398 laquearia
868 1356 1130 1387 circumresonant
1145 1357 1249 1393 altius,
1265 1368 1383 1399 suoque
1406 1357 1509 1388 sonitu
1523 1357 1723 1388 vehementer

257 1418 413 1454 exaugent
440 1411 632 1443 laudantium
666 1411 803 1453 ipsorum
836 1411 1140 1452 vituperantiumque
1175 1411 1353 1443 tumultum.
1388 1416 1462 1442 tunc
1491 1411 1720 1442 adolescentem

256 1467 346 1498 illurn
376 1477 439 1509 quo
464 1466 568 1497 animo
599 1467 658 1497 hac
685 1466 718 1496 in
750 1466 839 1496 turba
873 1476 938 1496 esse
968 1476 1076 1497 censes
1090 1466 1101 1496 ?
1140 1465 1188 1496 vel
1218 1476 1310 1507 quam
1341 1466 1492 1507 privatam
1521 1464 1719 1506 disciplinam

260 1521 432 1552 rumoribus
450 1521 536 1552 hisce
552 1526 643 1562 putas
671 1520 831 1557 obsistere,
857 1530 919 1561 quo
942 1521 1044 1559 miuus
1061 1521 1099 1551 ab
1125 1519 1302 1562 hujusmodi
1320 1519 1598 1561 vituperationibus
1613 1519 1721 1550 lauda-

256 1574 459 1616 tionibusque
480 1574 581 1605 diluta
606 1578 700 1615 atque
716 1574 856 1615 dispersa
879 1584 916 1604 eo
934 1574 1073 1615 protinus
1097 1574 1262 1611 deseratur,
1290 1584 1353 1615 quo
1377 1573 1490 1605 fluctus
1505 1573 1555 1606 hic
1569 1573 1723 1604 devehit?

259 1629 344 1660 unde
359 1629 483 1669 eadem,
497 1639 568 1670 quae
583 1634 616 1659 et
628 1628 688 1666 illi,
705 1633 738 1658 ut
751 1629 880 1658 honesta
895 1628 1093 1669 approbabit,
1104 1628 1212 1659 eadem
1224 1638 1349 1670 quoque
1360 1628 1539 1669 reprobabit
1547 1632 1582 1658 ut
1592 1627 1696 1669 turpia
1710 1639 1720 1658 τ

260 1682 373 1714 iisdem
391 1688 552 1724 praeterea,
568 1683 682 1724 quibus
707 1683 767 1723 illi,
783 1683 940 1714 incumbet
957 1682 1080 1723 studim,
1104 1692 1271 1723 eorumque
1285 1682 1399 1714 evadet
1422 1681 1594 1724 persimilis.
1638 1681 1725 1715 Am.

257 1736 396 1769 Necesse
412 1737 444 1768 id
461 1737 588 1768 omnino
603 1742 662 1774 est,
675 1748 693 1768 o
709 1737 862 1768 Socrates.
907 1737 964 1769 So.
988 1736 1140 1767 Nondum
1156 1743 1260 1768 tamen
1277 1736 1577 1768 vehementissimam
1593 1735 1719 1767 induxi-

259 1798 328 1822 mus
343 1782 573 1824 necessitatem.
620 1791 704 1824 on.
729 1792 855 1829 Quam?
900 1792 957 1822 So.
980 1791 1083 1828 Quam
1108 1791 1252 1832 operibus
1267 1791 1406 1822 inferunt
1420 1801 1484 1821 non
1500 1791 1721 1832 persuadentes

260 1845 362 1876 verbis
377 1851 586 1887 praeceptores
600 1846 652 1877 isti
667 1851 762 1888 atque
779 1846 939 1888 sophistae.
963 1856 1003 1876 an
1020 1856 1083 1877 non
1095 1846 1193 1877 cernis
1203 1846 1287 1887 quod
1305 1845 1460 1876 hominem
1475 1845 1539 1876 illis
1551 1855 1615 1875 non
1630 1844 1720 1875 obse—

257 1904 405 1940 quentem
422 1900 549 1932 infamia
570 1906 694 1938 notant,
706 1900 831 1942 jactura
854 1900 1056 1942 pecuniarum
1072 1906 1104 1931 et
1129 1901 1234 1931 mortis
1250 1899 1404 1941 supplicio
1419 1899 1594 1931 damnant?
1637 1898 1720 1931 Am.

257 1952 471 1995 Summopere.
515 1955 571 1986 So.
595 1955 696 1992 Quem
713 1955 808 1996 igitur
823 1955 918 1986 alium
940 1956 1113 1997 sophistam
1138 1961 1230 1997 putas
1252 1960 1306 1985 aut
1319 1964 1398 1996 quos
1413 1953 1491 1985 alios
1506 1953 1642 1995 privatos
1656 1962 1720 1984 ser-

259 2017 366 2038 mones
394 2009 549 2040 adversari
574 2008 640 2040 istis
670 2015 703 2040 et
731 2010 871 2042 resistere
901 2020 993 2052 posse
1006 2010 1025 2040 ?¹
1064 2009 1148 2041 on.
1172 2009 1299 2040 Nullius
1328 2014 1411 2040 certe
1435 2007 1620 2038 orationem.
1664 2005 1722 2037 So.

259 2059 386 2092 Nullius
401 2072 487 2094 sane.
532 2062 620 2100 Quin
635 2068 667 2093 et
682 2063 729 2093 his
746 2063 837 2094 reniti
851 2073 969 2094 summa
993 2063 1124 2093 stultitia
1139 2068 1195 2094 est.
1219 2073 1320 2104 neque
1334 2062 1418 2094 enirn
1434 2060 1494 2092 fuit
1510 2071 1644 2102 unquam
1660 2070 1720 2092 nec

255 2119 304 2145 est
318 2124 376 2146 nec
390 2115 449 2146 erit
462 2126 528 2146 mos
551 2116 631 2147 alius
646 2117 685 2147 ad
702 2117 845 2148 virtutem
867 2118 1043 2154 institutus,
1071 2123 1180 2158 praeter
1195 2118 1323 2148 istorum
1338 2116 1547 2158 disciplinam.
1564 2116 1717 2146 humanus

256 2167 396 2210 inquam,
411 2179 429 2200 ο
447 2169 558 2207 amice,
581 2181 651 2200 nam
668 2171 806 2201 divinum
823 2172 963 2212 quidem,
976 2171 1067 2211 juxta
1089 2172 1295 2212 proverbium,
1310 2170 1511 2211 excipiamus.
1534 2174 1620 2201 certo
1634 2169 1717 2200 enim

257 2220 290 2251 id
306 2222 398 2259 scito,
413 2223 554 2264 quisquis
568 2224 785 2255 immaculatus
798 2230 830 2254 et
846 2225 965 2266 integer
980 2236 1015 2256 ex
1027 2226 1084 2256 hac
1097 2224 1319 2256 constitutione
1343 2223 1440 2266 [493]
1462 2233 1561 2254 rerum
1576 2223 1720 2264 publica·

257 2285 324 2306 rum
339 2277 483 2318 evaserit,
499 2277 590 2308 talem
608 2278 716 2308 divino
739 2279 854 2309 auxilio
870 2279 1015 2309 evasisse.
1061 2279 1142 2309 Aur.
1167 2279 1261 2308 Haud
1285 2278 1374 2308 aliter
1397 2277 1470 2307 mihi
1486 2277 1618 2308 videtur.
1662 2277 1719 2310 So.

258 2328 347 2360 Istud
364 2335 511 2371 praeterea
527 2332 582 2362 tibi
608 2333 705 2363 videri
728 2333 832 2364 debet.
879 2332 960 2364 Aur.
982 2332 1166 2369 Quidnam?
1211 2332 1266 2363 So.
1289 2332 1430 2373 Quisque
1453 2342 1572 2371 eorum,
1588 2331 1642 2373 qui
1658 2331 1721 2373 pri-

259 2384 353 2416 vatim
369 2391 498 2426 accepta
515 2388 654 2418 mercede
671 2388 811 2418 homines
825 2388 983 2426 erudiunt,
998 2398 1075 2428 quos
1091 2387 1218 2428 quidem
1234 2387 1388 2428 sophistas
1405 2391 1437 2417 et
1458 2386 1586 2416 aemulos
1607 2385 1718 2416 artium

262 2439 435 2480 appellant,
449 2440 525 2471 nihil
544 2441 628 2472 aliud
644 2442 820 2473 docendum
837 2447 925 2482 putat
941 2451 1033 2482 quam
1052 2441 1215 2472 multorum
1228 2442 1409 2476 sententias,
1422 2440 1453 2470 in
1464 2440 1577 2481 quibus
1586 2449 1721 2471 consen·

262 2493 356 2530 tiunt,
382 2494 526 2535 quotiens
551 2502 799 2537 congregantur3
823 2501 916 2536 atque
945 2497 1023 2526 hauc
1051 2496 1235 2536 sapientiam
1262 2503 1353 2525 vocat
1367 2507 1374 2525 :
1400 2494 1497 2525 veluti
1519 2494 1544 2525 si
1557 2493 1628 2535 quis
1644 2494 1722 2525 vasti

260 2546 424 2587 cujusdam
439 2548 580 2579 animalis
597 2547 689 2585 bruti,
705 2549 821 2580 robusti
837 2550 1018 2588 admodum,
1035 2555 1066 2580 et
1078 2550 1116 2579 ab
1130 2550 1254 2579 homine
1267 2549 1406 2585 enutriti,
1417 2549 1476 2579 iras
1485 2553 1518 2578 et
1531 2547 1722 2588 cupiditates

263 2600 404 2642 singulas
419 2603 638 2640 observaverit,
654 2613 754 2644 quave
771 2603 890 2634 ratione
907 2604 990 2634 adire
1009 2606 1066 2634 hoc
1084 2605 1205 2639 deccat,
1222 2614 1284 2645 qua
1298 2608 1483 2640 attrectare;
1505 2601 1579 2632 item
1594 2601 1722 2641 quando

258 2654 307 2684 vel
323 2655 455 2686 ferocius
466 2662 513 2687 est
529 2657 577 2688 vel
590 2657 707 2694 mitius,
722 2664 754 2688 et
770 2669 805 2689 ex
823 2659 936 2699 quibus
951 2658 1052 2688 causis
1069 2657 1128 2688 talc
1147 2658 1218 2697 fiat3
1243 2667 1333 2688 voces
1349 2657 1436 2692 item,
1451 2665 1529 2696 quas
1542 2654 1573 2685 in
1589 2654 1721 2696 singulis

259 2707 391 2750 quisque
416 2709 495 2740 solet
510 2711 702 2751 exprimere3
727 2713 840 2754 quibus
863 2717 1011 2754 praeterea
1035 2712 1162 2742 vocibus
1182 2712 1311 2742 aliorum
1327 2710 1460 2741 irritatur
1472 2709 1508 2740 id
1533 2708 1647 2739 animal
1667 2707 1719 2739 vel

260 2760 423 2802 placatur:
451 2768 613 2804 postquam
631 2775 702 2796 vero
729 2766 769 2796 ob
791 2766 968 2797 diuturnam
992 2766 1250 2796 consuetudinem
1276 2764 1416 2806 percepit
1430 2762 1564 2804 singula,
1578 2761 1719 2804 peritiam

260 2813 440 2855 hujusmodi
457 2816 642 2857 sapientiam
658 2826 760 2860 vocet,
773 2825 807 2851 et
822 2826 967 2862 tanquam
984 2825 1047 2850 arte
1060 2821 1195 2861 quadam
1211 2819 1344 2850 collecta
1356 2818 1396 2849 ad
1410 2816 1588 2848 docendum
1602 2826 1635 2846 se
1645 2825 1723 2847 con-

256 2867 460 2906 ferat,oevera
470 2869 624 2910 ignorans,
640 2883 710 2913 quoe
722 2874 915 2914 potissimum
929 2876 1033 2904 hurum
1046 2874 1229 2914 opinionum
1243 2872 1512 2914 cupiditatumque
1525 2871 1654 2900 honesta
1671 2867 1720 2900 vel

254 2922 364 2963 turpio,
381 2923 462 2954 bona
478 2924 525 2955 vel
543 2925 725 2966 mala‚justa
737 2929 777 2959 sit
789 2929 836 2960 vel
862 2929 976 2969 injusta
990 2939 997 2960 :
1024 2928 1161 2959 nominet
1187 2938 1256 2958 vero
1274 2926 1396 2969 singula
1408 2926 1447 2956 ad
1463 2924 1596 2966 ingentis
1612 2924 1716 2955 bestie
