1840 3225
135 214 204 264 31]
781 212 1013 254 TIMAEUS.
1531 213 1608 251 243

136 317 290 348 rationem
307 328 382 349 vero
405 317 533 360 originis
545 317 727 349 naturaliter
743 319 899 358 explicare
916 319 1136 349 difficillimum
1150 323 1208 349 est.
1230 318 1302 349 ideo
1327 318 1366 348 de
1383 315 1548 348 simulacro
1566 322 1601 347 et

137 373 282 413 exemplo
299 372 344 403 sic
361 372 598 414 distinguamus.
641 371 795 401 Rationes
808 372 916 412 utique
932 382 1003 402 cum
1018 372 1057 402 iis
1068 373 1170 409 rebus,
1187 382 1264 414 quas
1279 372 1465 413 exprimunt,
1482 380 1599 411 cogna-

134 424 254 456 tionem
270 426 426 467 quandam
443 426 557 457 habere
572 424 729 455 videntur.
752 435 826 465 ergo
841 435 912 455 cum
926 425 966 456 de
981 436 1014 456 re
1031 426 1119 457 firma
1133 433 1165 457 et
1180 427 1284 457 stabili
1294 434 1326 457 et
1336 431 1443 457 mente
1453 434 1595 465 compre-

133 478 304 510 hendenda
328 479 498 515 disseritur,
531 479 660 510 stabiles
693 479 836 510 similiter
870 479 1141 521 immutabilesque
1168 486 1210 516 et,
1241 490 1334 522 quam
1360 480 1494 510 maxime
1526 478 1596 508 fieri

134 538 247 573 potest,
261 533 520 575 inexpugnabiles
541 533 679 564 rationes
693 543 761 563 esse
778 538 910 574 oportet.
934 544 1005 564 cum
1030 545 1103 565 vero
1119 535 1158 565 de
1175 535 1272 576 ipsius
1284 535 1330 565 rei
1347 535 1441 564 firmae
1458 532 1594 563 stabilis-

134 597 194 628 que
209 588 372 618 simulacro
388 587 574 628 disputatur,
598 588 784 618 verisimiles
806 588 943 618 rationes
965 589 1131 625 sufficiunt,
1148 599 1217 630 quae
1239 588 1285 618 ita
1306 598 1339 618 se
1363 587 1404 618 ad
1421 587 1596 627 superiores

134 641 271 672 habeant
294 642 441 677 rationes,
457 647 492 672 ut
505 642 705 672 simulacrum
727 641 768 672 ad
784 642 973 682 exemplum.
995 652 1111 683 nempe
1133 641 1217 684 quod
1232 648 1281 672 est
1303 641 1343 672 ad
1359 641 1593 682 generationem

132 695 279 731 essentia,
294 694 329 725 id
345 694 385 726 ad
408 695 504 726 fidem
523 700 573 726 est
591 696 718 726 veritas.
740 706 812 726 cum
835 706 919 737 erg0,
942 707 962 727 o
984 696 1137 732 Socrates,
1153 697 1252 726 multa
1275 695 1314 727 de
1332 695 1407 726 Diis
1421 694 1592 735 mundique

135 748 334 790 generatione
357 759 376 780 a
386 750 494 780 multis
509 749 595 780 dicta
610 750 684 790 sint,
697 760 738 780 ne
754 750 884 790 mireris,
899 750 1039 786 obsecro,
1064 750 1091 780 si
1106 750 1240 781 rationes
1256 749 1295 780 de
1311 750 1350 780 iis
1364 748 1594 790 probatissimas

133 802 406 844 exactissimasque
422 803 533 834 afferre
546 813 610 834 non
624 804 752 844 possim.
776 804 850 834 satis
865 804 950 834 enirn
962 804 1081 835 factum
1096 809 1205 845 putare
1217 803 1357 839 debebis,
1374 804 1400 834 si
1415 813 1478 834 non
1490 803 1594 833 minus

131 855 316 897 probabiles,
332 867 427 898 quam
441 857 542 899 quivis
555 858 646 894 alius,
661 858 798 888 rationes
814 857 980 888 attulerim.
1004 868 1128 899 aequurn
1142 863 1191 888 est
1205 858 1399 893 meminisse,
1415 863 1449 888 et
1462 867 1523 892 me,
1537 858 1591 897 qui

131 908 292 947 disseram,
308 916 342 942 et
363 922 428 947 vos,
454 912 508 954 qui
526 911 719 954 judicabitis,
742 912 887 943 homines
912 921 1000 943 esse:
1024 918 1070 948 ut,
1086 912 1113 942 si
1139 911 1312 953 probabilia
1335 911 1488 947 dicentur,
1511 911 1593 941 nihil

129 964 259 995 ulterius
283 966 460 1006 requiratis.
503 966 558 997 So.
581 966 668 998 Scite
696 966 843 1007 loqueris,
857 976 877 996 o
901 965 1032 996 Timaee.
1054 975 1150 1006 quare
1164 976 1234 1001 nos,
1258 970 1293 995 ut
1312 965 1420 1006 jube5‚-
1430 964 1588 1006 agendum

129 1021 286 1058 putamus.
309 1018 470 1049 exordium
486 1018 614 1060 quidem
628 1020 687 1050 hoc
701 1019 850 1050 orationis
867 1019 993 1050 mirifice
1010 1019 1259 1060 approbavimus.
1283 1018 1338 1049 sed
1353 1028 1421 1059 age,
1439 1018 1591 1058 deinceps

130 1070 375 1112 disputationem
397 1083 524 1113 perage.
567 1073 622 1103 Tr.
645 1073 798 1104 Dicamus
820 1073 924 1114 igitur,
953 1084 1047 1114 quam
1072 1073 1112 1104 ob
1139 1083 1262 1104 causam
1278 1073 1334 1103 ille
1359 1082 1461 1102 rerum
1486 1076 1593 1102 auctor

131 1125 366 1165 generationem
391 1131 424 1157 et
437 1127 497 1157 hoc
520 1127 700 1158 universum
715 1127 885 1157 constituit.
907 1127 1008 1158 bonus
1022 1132 1099 1158 erat.
1120 1127 1220 1158 bonus
1236 1132 1340 1157 autem
1353 1126 1440 1156 nulla
1455 1135 1591 1165 unquam

129 1179 233 1220 aliqua
250 1179 289 1210 de
313 1190 346 1210 re
370 1180 488 1211 invidia
518 1181 666 1222 tangitur.
688 1191 761 1222 ergo
788 1192 859 1212 cum
889 1181 967 1212 livor
995 1182 1033 1212 ab
1057 1192 1095 1212 eo
1122 1181 1329 1212 alienissimus
1363 1185 1458 1214 esset,
1485 1179 1590 1209 omnia

126 1233 198 1269 sibi,
221 1239 371 1275 quantum
395 1234 461 1265 fieri
487 1240 642 1276 poterant,
660 1235 819 1266 simillima
834 1235 901 1266 fieri
923 1235 1035 1266 voluit.
1057 1237 1083 1266 si
1107 1236 1176 1276 quis
1197 1237 1278 1266 hanc
1305 1233 1454 1276 gignendi
1480 1233 1591 1263 mundi

127 1297 256 1319 causam
285 1288 475 1330 praecipuam
500 1299 518 1319 a
547 1289 750 1331 prudentibus
776 1290 847 1320 viris
876 1289 1044 1330 acceperit,
1073 1289 1245 1320 rectissime
1274 1289 1414 1330 profecto
1445 1287 1590 1328 accipiet.

129 1340 205 1382 [30]
238 1341 343 1383 itaque
379 1353 451 1373 cum
485 1344 582 1374 vellet
614 1344 705 1374 Deus
742 1345 826 1375 bona
860 1345 965 1374 omnia
991 1343 1068 1379 fore,
1106 1343 1184 1373 nihil
1221 1353 1303 1379 vero,
1342 1341 1444 1383 quoad
1477 1347 1589 1372 natura

129 1400 301 1436 pateretur,
336 1396 471 1427 malum:
508 1397 658 1439 quicquid
695 1403 771 1435 erat,
807 1397 891 1439 quod
915 1398 949 1428 in
987 1396 1136 1428 cemendi
1171 1407 1297 1427 sensum
1317 1395 1430 1427 cadere
1466 1400 1591 1436 posset,

129 1450 309 1491 assumpsit,
333 1461 397 1481 non
415 1452 617 1493 tranquillum
639 1457 670 1483 et
686 1454 837 1494 quietum,
854 1452 910 1483 sed
932 1458 1050 1483 temere
1067 1451 1219 1493 agitatum
1231 1457 1264 1482 et
1285 1450 1422 1486 fluitans,
1439 1450 1535 1490 idque
1552 1461 1589 1480 ex

125 1504 304 1535 inordinata
322 1505 500 1546 jactatione
528 1506 650 1548 redegit
675 1507 709 1537 in
733 1506 896 1544 ordinem;
919 1507 978 1537 hoc
995 1507 1077 1537 enirn
1099 1505 1263 1547 judicabat
1287 1515 1355 1535 esse
1379 1504 1591 1545 praestantius.

122 1558 171 1589 sas
182 1564 287 1590 autem
301 1569 405 1600 neque
430 1566 496 1590 erat
509 1571 611 1602 neque
628 1567 687 1597 est,
713 1561 880 1602 quicquam
901 1561 962 1591 nisi
984 1561 1222 1602 pulcherrimum
1248 1560 1349 1590 facere
1366 1569 1448 1594 eum,
1464 1558 1517 1599 qui
1540 1565 1589 1588 est

125 1613 273 1653 optimus.
296 1624 368 1644 curn
393 1614 486 1654 igitur
514 1616 733 1656 excogitasset,
749 1616 871 1646 invenit
895 1615 972 1645 nihil
996 1625 1112 1650 eorum,
1144 1625 1212 1655 quae
1241 1612 1413 1644 secundum
1443 1618 1585 1643 naturam

125 1667 267 1708 aspectui
282 1667 422 1708 subjecta
449 1673 531 1705 suut,
550 1669 575 1699 si
589 1679 700 1710 expers
720 1669 939 1711 intelligentia:
955 1669 1004 1704 sit,
1020 1669 1218 1709 intelligente
1236 1668 1297 1698 alio
1313 1673 1414 1697 totum
1429 1672 1496 1697 toto
1512 1667 1586 1708 pul-

125 1721 230 1751 chrius
255 1731 393 1763 unquam
417 1722 481 1753 fore
498 1734 506 1760 3
528 1723 719 1754 intellectum
750 1734 824 1754 vero
855 1723 949 1754 alicui
979 1724 1047 1753 sine
1077 1723 1180 1753 anima
1211 1721 1278 1752 dari
1307 1732 1369 1752 non
1400 1731 1502 1762 posse.
1524 1722 1583 1751 hac

125 1775 245 1806 ratione
263 1782 399 1806 mentem
413 1777 543 1817 quidem
557 1778 682 1813 animae,
699 1778 836 1809 animam
850 1788 923 1809 vero
948 1777 1070 1817 corpori
1085 1776 1183 1812 dedit,
1200 1781 1360 1816 totumque
1376 1776 1421 1805 ita
1435 1775 1587 1804 mundum

125 1829 300 1866 constituit,
314 1835 350 1860 ut
372 1831 615 1871 pulcherrimum
641 1837 752 1863 natura
777 1842 856 1873 opus
880 1832 1095 1872 optimumque
1122 1831 1213 1861 foret.
1236 1830 1393 1871 quocirca,
1409 1829 1488 1859 sicut
1512 1828 1590 1859 ratio

125 1883 216 1914 nobis
231 1884 298 1915 haec
326 1885 493 1925 probabilis
519 1886 698 1926 persuadet,
715 1886 883 1917 dicendum
908 1891 956 1916 est
977 1886 1059 1916 hunc
1083 1885 1236 1914 mundum
1252 1883 1367 1914 animal
1393 1893 1471 1918 esse,
1495 1881 1589 1923 idque

124 1936 312 1979 intelligens,
339 1948 450 1970 revera
473 1939 579 1970 divina
610 1940 809 1981 providentia
837 1940 1053 1971 constitutum.
1091 1939 1149 1969 hoc
1178 1938 1292 1978 posito,
1324 1936 1408 1978 quod
1438 1936 1588 1977 sequitur,

123 1991 295 2028 videamus,
311 1993 350 2022 ad
368 1993 454 2034 cujus
480 1994 625 2024 animalis
647 1994 884 2024 similitudinem
908 1993 995 2024 Deus
1017 1993 1170 2024 mundum
1190 1991 1363 2022 constituit.
1386 1991 1440 2021 uni
1464 1991 1585 2022 cuidam

124 2045 319 2086 propriaeque
344 2046 527 2077 animalium
553 2048 670 2088 speciei
693 2048 823 2078 similem
851 2048 962 2078 fecisse
987 2058 1027 2078 ne
1055 2047 1246 2077 arbitremur.
1269 2056 1341 2075 nam
1365 2045 1391 2075 si
1405 2045 1587 2086 imperfecto

123 2099 248 2130 animali
265 2099 379 2130 similis
393 2106 477 2131 esset
494 2101 604 2138 factus,
622 2102 751 2143 pulcher
770 2107 853 2132 certe
864 2112 928 2131 non
946 2107 1039 2131 esset.
1063 2101 1157 2130 immo
1173 2110 1246 2130 vero
1260 2100 1347 2129 illius
1361 2099 1504 2130 animalis
1515 2109 1588 2129 eum

121 2153 314 2183 simillimum
329 2163 398 2183 esse
414 2154 576 2191 ducamus,
593 2156 684 2195 cujus
698 2155 843 2185 animalia
857 2160 972 2189 cetera,
989 2159 1022 2183 et
1044 2152 1223 2194 singulatim
1238 2158 1271 2182 et
1286 2153 1467 2193 generatim,
1482 2159 1586 2195 partes

123 2211 205 2238 sunt.
221 2207 302 2237 illud
318 2206 471 2247 siquidem
497 2208 635 2238 viventia
649 2209 763 2243 omnia,
780 2219 849 2248 quae
865 2208 933 2238 sola
948 2212 1053 2237 mente
1069 2206 1294 2248 percipiuntur,
1310 2207 1343 2236 in
1359 2217 1392 2237 se
1407 2207 1475 2248 ipso
1500 2218 1586 2238 corn-

124 2260 287 2302 plectitur:
313 2261 577 2302 quemadmodum
591 2262 722 2292 mundus
737 2261 788 2292 hic
803 2272 862 2292 nos
877 2266 910 2291 et
921 2267 1037 2297 cetera,
1053 2271 1122 2301 quae
1138 2265 1317 2296 cernuntur,
1335 2261 1483 2292 animalia
1506 2272 1583 2292 con-

122 2314 213 2346 tinet.
236 2314 346 2345 volens
370 2314 476 2356 itaque
493 2315 582 2345 Deus
597 2315 748 2352 omniurn,
762 2326 831 2357 quae
859 2316 992 2356 intelligi
1015 2320 1157 2357 possunt,
1174 2314 1381 2355 pulcherrimo
1398 2320 1430 2345 et
1446 2314 1585 2356 undique

123 2368 265 2398 absoluto
289 2369 435 2399 mundum
463 2370 544 2400 hunc
567 2370 757 2400 simillimum
780 2370 924 2406 reddere,
949 2370 1063 2400 animal
1078 2380 1172 2399 unum
1194 2369 1296 2410 ipsum
1312 2368 1429 2405 effecit,
1444 2369 1583 2409 aspectui

123 2420 308 2462 subjectum,
325 2422 471 2453 animalia
487 2429 602 2454 cuncta
616 2429 734 2455 naturae
751 2434 813 2454 suae
829 2424 1047 2455 convenientia
1063 2424 1145 2454 intra
1158 2433 1247 2453 suum
1263 2422 1392 2453 limitem
1405 2424 1583 2453 continens.

123 2476 198 2517 [31]
224 2474 361 2506 Proinde
377 2482 503 2507 rectene
520 2478 669 2508 mundum
696 2489 791 2509 unum
805 2478 959 2509 diximus?
983 2488 1024 2508 an
1047 2477 1161 2508 rectius
1175 2477 1279 2518 plures
1300 2476 1582 2507 innumerabilesve

124 2529 188 2561 dici
203 2529 364 2571 oportuit?
399 2529 502 2561 Unum
519 2531 680 2571 profecto:
705 2534 732 2563 si
749 2532 840 2562 modo
857 2533 898 2563 ad
912 2532 1006 2563 unius
1022 2531 1257 2562 similitudinem
1273 2531 1313 2560 sit
1326 2530 1483 2562 formatus.
1497 2531 1583 2572 quod

123 2584 207 2615 enim
233 2584 371 2615 viventia
395 2585 509 2621 omnia,
533 2596 726 2628 quaecunque
754 2588 984 2628 intelliguntur,
1011 2586 1163 2621 continet,
1187 2585 1303 2615 socium
1324 2584 1452 2615 alterum
1469 2585 1582 2616 habere

123 2649 186 2669 non
203 2643 319 2679 potest.
334 2638 474 2680 alioquin
501 2640 585 2670 aliud
611 2641 736 2677 animal,
753 2642 837 2682 quod
861 2642 928 2671 liaec
945 2642 1008 2671 duo
1025 2640 1196 2675 contineat,
1225 2649 1294 2669 esse
1309 2644 1475 2680 oporteret,
1492 2639 1585 2680 cujus

122 2692 184 2723 duo
200 2693 267 2723 haec
284 2698 388 2734 partes
411 2694 474 2724 sint
488 2705 495 2723 z
521 2705 579 2725 nec
594 2694 730 2732 illorum,
747 2696 802 2726 sed
821 2696 903 2727 tertii
920 2694 1024 2735 hujus,
1043 2694 1174 2724 mundus
1189 2693 1240 2724 hic
1255 2693 1451 2723 simulacrum
1468 2693 1583 2724 rectius

123 2746 288 2777 diceretur.
309 2753 343 2777 ut
359 2747 451 2789 igitur
465 2748 516 2779 hic
534 2748 666 2779 mundus
681 2754 767 2779 esset
780 2749 906 2780 animali
921 2749 1063 2780 absoluto
1078 2747 1264 2783 simillimus,
1280 2757 1318 2777 ex
1333 2758 1383 2783 eo,
1397 2746 1482 2788 quod
1497 2747 1581 2777 solus

125 2805 217 2840 atque
233 2810 312 2831 unus
334 2808 428 2838 esset,
449 2802 561 2833 iccirco
577 2813 680 2844 neque
705 2804 766 2834 duo
781 2814 885 2846 neque
909 2801 1150 2834 innumerabiles
1166 2801 1319 2842 procreati
1333 2809 1417 2837 sunt,
1433 2802 1488 2832 sed
1505 2811 1586 2831 unus

125 2853 260 2885 mundus
282 2855 520 2898 unigenitusque
536 2857 635 2888 factus
659 2863 707 2889 est
721 2863 755 2888 et
769 2858 838 2889 erit.
884 2857 1041 2895 Quoniam
1058 2866 1130 2887 vero
1145 2865 1313 2897 corporeus
1341 2854 1583 2896 spectabilisque

127 2913 159 2937 et
175 2908 343 2940 tractabilis
357 2915 424 2942 erat
437 2911 569 2949 futurus,
586 2922 622 2943 ac
639 2912 704 2944 sine
718 2913 783 2954 igni
798 2913 897 2944 videri
910 2911 988 2944 nihil
1003 2916 1116 2953 potest,
1136 2910 1275 2951 nihilque
1293 2909 1360 2940 siue
1373 2909 1472 2939 solido
1484 2907 1569 2948 tangi
1575 2928 1585 2943 ,
