1840 3225
161 178 238 216 300
761 171 1020 211 l‘LA'l‘ONlS
1534 175 1630 224 [654

165 291 202 312 ac
219 289 301 320 saepe
318 282 511 319 pervertunt.
535 276 579 306 dii
596 282 712 312 autem,
729 286 826 318 genus
842 277 1001 308 hominum
1028 276 1185 307 laboribus
1199 282 1309 307 natura
1324 285 1465 318 pressum
1480 275 1628 312 miserati,

167 333 362 368 remissiones
378 331 516 362 labomm
540 330 617 372 ipsis
638 336 825 367 statuerunt,
841 331 993 362 solemnia
1015 330 1166 361 videlicet
1179 330 1260 361 festa
1285 330 1423 361 vicissim
1450 330 1482 361 in
1496 329 1631 371 ipsorum

168 388 310 419 Deorum
325 387 478 416 honorem
491 385 634 416 instituta
656 384 842 426 praebenteS.
864 395 967 416 musas
981 384 1056 427 quin
1082 385 1180 416 etiarn
1207 392 1242 416 et
1265 385 1446 427 Apollinem
1470 383 1635 416 Musarum

166 442 280 472 ducem
295 447 328 471 et
350 440 510 471 Bacchum
525 438 803 474 concelebratores,
821 438 1024 480 Deorumque
1040 439 1172 471 consilio
1188 439 1410 470 emendatores
1426 438 1505 469 inter
1519 437 1636 469 solem-

169 495 223 526 nia
239 504 359 526 morum
374 493 556 526 adhibuere.
580 492 844 524 considerandum
871 494 976 536 igitur,
991 500 1095 525 utrum
1123 494 1172 525 hic
1188 504 1287 525 sermo
1307 493 1478 525 secundum
1493 498 1637 523 naturam

173 548 263 580 nobis
289 558 327 580 ac
354 558 447 578 verus
471 553 529 585 est,
542 548 596 590 qui
622 548 710 584 dicit,
725 548 886 579 tenerioris
911 548 1011 579 aetatis
1042 558 1163 589 omneS‚
1179 555 1213 579 ut
1238 559 1300 579 uno
1318 548 1409 579 verbo
1432 547 1640 589 complectar.

173 614 238 634 non
255 612 346 644 posse
361 612 422 634 nec
438 612 564 644 corpore
579 612 639 633 nec
664 612 742 634 voce
758 602 930 644 quiescere,
946 602 1004 633 sed
1028 603 1146 634 moveri
1165 613 1289 645 semper
1304 609 1337 634 et
1351 601 1437 644 loqui
1452 601 1546 638 velle,
1562 601 1642 632 alios

175 657 373 688 exsultantes
388 667 423 688 ac
439 657 611 698 gestientes
627 662 659 687 et
673 656 770 688 veluti
796 667 867 688 cum
883 657 1046 699 voluptate
1069 657 1220 688 saltantes
1235 657 1442 698 ludentesque
1458 667 1468 694 ;
1491 655 1570 687 alios
1585 665 1639 686 va-

176 711 232 743 riis
247 711 377 742 vocibus
392 712 637 742 conclamantes.
659 721 696 742 ac
710 717 813 742 cetera
834 711 961 753 quidem
979 712 1128 742 animalia
1141 711 1283 743 ordinem
1299 711 1455 743 ordinisve
1468 710 1642 751 defectum,

175 766 232 807 qui
243 776 318 796 sane
335 765 410 796 ordo
422 766 454 796 in
470 765 606 796 motibus
631 766 795 808 inspicitur
809 772 841 796 et
856 766 1018 808 rhythmus
1042 766 1262 807 harmoniaque
1283 771 1423 802 vocatur,
1438 774 1641 806 nequaquam

177 819 350 851 advertere.
373 819 464 851 nobis
484 825 591 850 autem
606 819 644 850 ab
669 820 717 850 his
743 819 825 856 Diis,
842 819 940 862 [654]
965 831 1042 862 quos
1069 820 1337 852 concelebratores
1362 819 1453 851 datos
1468 829 1537 850 esse
1549 817 1643 850 nobis

178 874 326 910 diximus,
343 873 478 915 rhythmi
502 879 535 904 et
549 874 717 904 harmoniae
744 873 930 916 participem
955 884 1082 905 sensum
1107 884 1174 905 esse
1197 874 1360 910 tributum,
1375 882 1492 915 eosque
1516 883 1642 904 movere

180 938 239 959 nos
253 939 324 959 cum
341 928 512 969 voluptate,
529 928 718 968 chorumque
734 927 826 958 nobis
849 927 975 964 ducere,
992 928 1136 959 cantibus
1158 934 1192 959 et
1203 928 1420 959 saltationibus
1433 937 1492 958 nos
1506 927 1643 958 invicem

179 982 376 1024 copulantes,
400 992 494 1023 quem
517 981 643 1022 quidem
669 982 798 1013 chorum
825 983 947 1018 achara,
969 982 1003 1012 id
1030 988 1080 1013 est
1104 983 1224 1019 laetitia,
1245 981 1488 1013 nominaverint.
1509 980 1644 1023 primum

182 1047 256 1068 vero
272 1035 545 1072 considerandum,
562 1046 638 1066 num
660 1035 872 1067 concedamus
893 1035 1095 1078 disciplinam
1122 1037 1255 1079 primam
1269 1047 1325 1078 per
1347 1036 1459 1067 Musas
1473 1042 1507 1066 et
1520 1033 1646 1076 Apolli-

182 1101 256 1122 nem
278 1101 357 1122 esse.
382 1100 422 1120 an
451 1090 607 1131 quomodo
624 1090 634 1119 ?
681 1090 758 1122 CLr.
781 1091 832 1122 Ita
858 1102 992 1132 prorsus.
1036 1091 1176 1122 Arnen.
1199 1090 1388 1132 Disciplinae
1414 1090 1509 1132 igitur
1534 1099 1647 1130 expers

183 1145 339 1176 dicendus
353 1150 412 1180 est,
429 1144 482 1185 qui
507 1154 669 1185 nunquam
696 1146 810 1176 chorea
825 1156 898 1176 usus
920 1152 989 1177 est:
1015 1146 1190 1188 disciplinae
1214 1156 1287 1177 vero
1302 1154 1432 1187 compos
1456 1148 1575 1179 contra.
1591 1143 1647 1184 qui

184 1199 261 1230 satis
276 1199 309 1229 id
336 1198 422 1230 fecit.
455 1198 532 1230 Cm.
555 1199 607 1230 Sic
636 1199 793 1240 ponimus.
838 1201 975 1231 Arnen.
998 1201 1123 1232 Chorea
1153 1211 1226 1232 vero
1252 1200 1355 1232 omnis
1366 1198 1540 1241 tripudium
1554 1198 1648 1229 simul

182 1260 233 1284 est
248 1258 280 1284 et
294 1258 475 1284 concentus.
513 1252 589 1283 Cu.
612 1253 753 1284 Necesse
769 1260 828 1285 est.
874 1254 1013 1286 Arum.
1036 1255 1187 1297 Quisquis
1211 1264 1285 1297 ergo
1311 1254 1392 1285 bene
1416 1252 1585 1294 disciplina
1598 1251 1649 1283 in·

183 1313 320 1339 structus
334 1313 393 1344 est,
408 1313 441 1338 et
453 1308 566 1338 saltare
583 1313 614 1338 et
631 1313 757 1339 cantare
773 1308 854 1338 bene
870 1314 985 1350 potest.
1009 1308 1086 1340 CLr.
1109 1309 1253 1340 Videtur.
1297 1308 1436 1340 Arnen.
1460 1306 1525 1339 Sed
1537 1305 1648 1337 viden-

185 1373 264 1398 mus,
276 1361 352 1404 quid
367 1367 425 1397 est,
440 1360 525 1403 quod
540 1361 634 1392 modo
650 1361 795 1393 diximus.
819 1363 896 1394 Cu.
919 1363 1005 1401 Quid
1020 1363 1106 1394 istud
1119 1364 1130 1394 ἓ
1168 1363 1308 1395 Arnen.
1331 1362 1413 1393 Cum
1426 1362 1508 1393 bene
1522 1366 1648 1392 cantare

185 1421 219 1447 et
245 1417 325 1447 bene
346 1416 461 1446 saltare
486 1416 666 1457 quempiam
693 1415 836 1453 dicimus,
853 1423 957 1449 utrum
986 1419 1081 1449 etiam
1110 1418 1194 1448 bona
1221 1424 1349 1449 cantare
1377 1422 1411 1447 et
1424 1415 1508 1447 bona
1522 1415 1649 1451 saltare,

188 1469 370 1501 addendum
384 1476 433 1500 est
445 1481 454 1508 ;
469 1479 508 1500 an
523 1470 607 1501 non?
644 1469 719 1502 Cu.
743 1470 948 1503 Addendum.
993 1471 1133 1503 Amm.
1158 1472 1242 1508 Quid
1254 1481 1346 1512 porro
1359 1471 1369 1501 ?
1386 1471 1413 1501 si
1425 1470 1495 1512 quis
1506 1471 1650 1506 honesta.

189 1530 224 1555 ut
239 1528 322 1560 sunt,
337 1524 383 1554 ita
406 1525 536 1554 honesta
559 1534 628 1554 esse
654 1524 826 1561 arbitratur,
839 1514 875 1555 'et
889 1527 992 1567 turpia
1016 1526 1159 1556 similiter
1183 1525 1297 1566 turpia,
1313 1532 1406 1566 atque
1420 1525 1465 1555 ita
1478 1524 1527 1555 his
1541 1524 1650 1561 utitur¹

192 1578 305 1609 melius
319 1579 464 1609 choream
487 1577 702 1619 musicamque
725 1579 857 1616 tenebit,
873 1590 967 1621 quam
990 1580 1046 1610 ille
1061 1580 1115 1622 qui
1140 1590 1268 1621 corpore
1284 1585 1377 1621 atque
1393 1588 1480 1614 voce,
1496 1578 1581 1620 quod
1595 1579 1650 1609 ho-

189 1638 313 1663 nestum
330 1636 430 1673 putat,
445 1632 635 1663 sufficienter
659 1633 788 1673 exsequi
803 1634 917 1674 passini
941 1634 1048 1672 valet;
1071 1644 1129 1665 nec
1152 1634 1292 1664 honestis
1316 1639 1422 1664 tamen
1448 1631 1575 1675 gaudet,
1591 1642 1652 1663 nec

191 1687 260 1718 odit
273 1686 399 1727 turpia?
424 1696 464 1716 an
491 1686 557 1722 ille,
574 1687 629 1727 qui
655 1687 796 1727 quamvis
822 1697 898 1718 voce
923 1698 1115 1730 corporeque
1143 1698 1204 1718 non
1220 1693 1333 1729 potest,
1348 1693 1382 1718 ut
1397 1686 1500 1723 decet,
1516 1686 1652 1728 assequi,

192 1742 352 1783 voluptate
368 1745 474 1770 tamen
490 1746 523 1770 et
537 1739 643 1771 dolore
659 1742 844 1781 assequitur,
858 1747 893 1772 ut
907 1742 996 1772 bonis
1013 1743 1140 1784 quidem
1154 1742 1299 1783 gaudeat,
1307 1751 1403 1783 prava
1415 1747 1520 1772 autem
1530 1739 1652 1772 oden't?

192 1794 270 1825 Cn.
293 1795 448 1836 Magnum
463 1804 534 1824 vero
550 1793 724 1835 disciplinae
746 1796 926 1832 discrimen,
942 1806 961 1827 o
978 1797 1100 1838 hospes,
1115 1805 1233 1827 narras.
1277 1795 1415 1826 Arnen.
1437 1795 1471 1826 Si
1487 1805 1562 1836 ergo
1577 1804 1652 1826 can·

191 1855 243 1880 tus
255 1848 443 1891 tripudiique
457 1848 574 1879 bonum
588 1859 644 1879 nos
660 1854 720 1880 tres
735 1860 798 1880 non
813 1851 1003 1891 ignoramus.
1027 1850 1243 1891 cognoscimus
1258 1850 1381 1891 utique,
1394 1855 1428 1880 et
1442 1849 1495 1890 qui
1509 1848 1653 1890 discipli-

195 1914 235 1934 na
247 1908 331 1934 recte
344 1903 462 1944 potitus
476 1908 535 1938 est,
549 1908 581 1933 et
596 1903 649 1943 qui
663 1909 781 1940 contra,
796 1905 845 1935 sin
856 1913 961 1936 autem
977 1906 1035 1936 hoc
1057 1905 1247 1946 ignoramus,
1263 1914 1376 1946 neque,
1393 1904 1419 1935 si
1435 1913 1498 1945 qua
1513 1903 1654 1944 discipli-

195 1967 243 1987 nae
260 1957 454 1988 conservatio
469 1963 518 1987 eet
532 1963 564 1987 et
578 1957 630 1987 ubi
644 1963 701 1994 est,
711 1958 789 1988 scire
802 1969 939 1999 unquam
951 1959 1133 2000 poterimus.
1155 1969 1260 1990 nonne
1276 1959 1341 1989 ita?
1360 1958 1437 1989 Cu.
1459 1957 1510 1989 Ita
1523 1967 1656 1999 prorsus.

197 2010 335 2041 Aruns.
359 2010 526 2051 Deinceps
547 2012 652 2052 igitur,
666 2012 756 2042 sicuti
779 2023 874 2043 canes
894 2024 950 2054 per
973 2014 1116 2055 vestigia,
1133 2013 1299 2045 decentem
1320 2014 1460 2055 figuram,
1478 2011 1656 2048 melodiam,

197 2069 325 2096 cantum
340 2070 372 2095 et
386 2065 583 2095 saltationem
602 2066 839 2107 investigemus,
863 2077 936 2098 nam
952 2067 978 2097 si
993 2068 1051 2098 ista
1066 2078 1124 2099 nos
1137 2067 1269 2109 fugiant,
1284 2067 1396 2099 frustra
1411 2068 1450 2098 de
1462 2072 1549 2098 recta
1563 2065 1656 2098 disci-

195 2119 284 2160 plina
298 2118 362 2148 sive
386 2118 499 2150 Graeca
515 2120 579 2149 sive
602 2119 733 2150 barbara
757 2119 995 2161 disputabimus.
1040 2120 1116 2152 Cu.
1139 2122 1190 2153 Sic
1207 2121 1345 2152 arbitror.
1391 2120 1527 2152 Arnen.
1550 2120 1657 2157 Quam

195 2173 291 2215 igitur
307 2172 433 2213 figuram
451 2178 483 2203 et
498 2172 667 2203 melodiam
681 2173 796 2204 bonam
813 2184 921 2205 vocare
937 2175 1053 2205 decet?
1073 2175 1170 2217 [055]
1186 2185 1261 2205 num
1289 2175 1375 2206 sortis
1397 2174 1493 2205 animi
1507 2179 1540 2205 et
1552 2174 1656 2206 timidi

196 2227 317 2258 similes
330 2226 437 2268 figurae
451 2237 603 2268 vocesque
618 2227 651 2257 in
666 2227 782 2258 eisdem
807 2229 966 2270 aequisque
983 2229 1139 2260 laboribus
1154 2229 1246 2260 sunt?
1293 2229 1369 2259 Cu.
1393 2228 1559 2265 Quomodo
1571 2228 1658 2260 sirni-

199 2281 257 2317 les,
270 2280 396 2321 quando
410 2291 514 2322 neque
530 2281 673 2312 colores?
721 2281 858 2312 Aruns*-
881 2283 977 2319 Scite,
993 2293 1012 2314 o
1029 2284 1140 2315 amice.
1157 2283 1213 2314 sed
1237 2283 1270 2314 in
1285 2283 1406 2315 musica
1419 2289 1452 2313 et
1467 2282 1572 2324 figurae
1585 2288 1659 2314 sunt

197 2340 230 2365 et
245 2339 426 2370 concentus,
442 2345 512 2365 curn
543 2335 627 2366 circa
648 2336 827 2378 rhythmum
851 2342 882 2366 et
912 2337 1104 2368 harmoniam
1127 2343 1275 2368 versetur.
1302 2346 1399 2378 quare
1427 2336 1501 2367 boni
1522 2337 1661 2378 rhythmi

200 2389 428 2430 harmoniaeque
455 2389 585 2430 figuram
608 2396 640 2420 et
653 2396 780 2421 cantum
809 2391 884 2422 licet
909 2390 1034 2422 dicere:
1061 2392 1134 2423 boni
1155 2399 1261 2422 autem
1285 2391 1398 2423 coloris
1418 2400 1482 2434 non
1495 2400 1659 2432 possumus

200 2448 286 2473 recte
310 2443 427 2479 dicere,
454 2444 584 2485 perinde
608 2445 825 2485 imaginantes,
851 2452 885 2476 ut
913 2446 1052 2487 magistri
1083 2447 1203 2477 choreae
1231 2446 1344 2477 solent.
1366 2444 1472 2487 ignavi
1497 2450 1602 2475 autem
1629 2449 1663 2474 et

202 2496 290 2526 sortis
303 2496 360 2529 viri
376 2496 475 2538 figura
502 2497 644 2538 quaedmn
661 2505 709 2529 est
723 2504 755 2530 et
781 2505 890 2530 cantus
905 2510 911 2529 :
937 2506 1030 2541 atque
1047 2500 1112 2532 haec
1129 2507 1213 2532 recte
1238 2501 1271 2531 in
1288 2500 1359 2531 viris
1374 2498 1505 2530 sortibus
1518 2499 1660 2533 honesta,

202 2549 235 2579 in
251 2550 374 2590 ignavis
395 2552 499 2592 turpia
516 2553 728 2584 nominantur.
750 2553 806 2584 sed
819 2564 856 2584 ne
885 2554 914 2584 in
942 2554 990 2584 his
1013 2555 1134 2595 longior
1149 2555 1218 2592 sim,
1233 2564 1341 2586 omnes
1358 2551 1541 2594 simpliciter
1554 2550 1661 2581 virtuti

203 2603 302 2633 animi
317 2604 366 2634 vel
381 2606 517 2645 corporis
530 2611 586 2636 aut
600 2606 722 2638 virtutis
745 2608 874 2649 imagini
896 2607 1092 2640 adhaerentes
1108 2609 1212 2650 figurae
1229 2615 1322 2649 atque
1337 2611 1508 2639 concentus
1525 2605 1661 2640 honesti,

203 2656 353 2687 contrarii
361 2667 432 2688 vcro
442 2663 558 2700 turpeS.
570 2660 646 2692 Cu.
663 2661 763 2692 Recte
775 2668 807 2692 tu
819 2662 944 2702 quidem
958 2674 964 2699 ;
981 2670 1075 2704 atque
1086 2663 1144 2694 ista
1157 2664 1201 2694 sic
1214 2673 1247 2693 se
1258 2661 1426 2698 habere,in
1436 2659 1661 2701 praesentiaju·

204 2710 356 2742 dicamus.
379 2710 517 2743 Arium.
530 2714 687 2746 Praeterea
695 2722 727 2746 et
740 2717 799 2747 hoc
811 2716 1212 2754 animadvertamus,utrum
1221 2726 1329 2748 omnes
1341 2714 1484 2746 omnibus
1491 2712 1612 2744 choreis
1621 2712 1662 2744 si-

206 2764 321 2796 militer
330 2763 532 2803 delectemur,
544 2778 582 2798 an
594 2770 725 2805 multum
743 2770 877 2801 intersit.
907 2770 932 2801 C
939 2781 984 2802 tr.
1002 2771 1141 2802 Multum
1155 2771 1293 2802 omnino.
1316 2769 1453 2800 Aruns.
1469 2766 1553 2805 Quid
1566 2766 1662 2808 igitur

205 2829 273 2849 csse
287 2818 436 2855 dicemus,
447 2821 520 2861 quid
534 2822 566 2852 in
577 2832 713 2855 errorem
728 2835 784 2855 nos
806 2826 929 2866 impulit
942 2825 951 2854 ἲ
969 2831 1069 2857 utrum
1089 2837 1150 2857 non
1171 2825 1279 2857 eadem
1292 2829 1363 2855 sunt
1376 2825 1507 2854 honesta
1519 2821 1662 2863 bonaque

208 2873 295 2905 nobis
309 2873 472 2906 omnibus?
491 2885 529 2905 an
542 2876 608 2917 ipsa
620 2878 748 2919 quidem
760 2879 871 2911 cadem
883 2887 964 2918 sunt,
981 2891 1041 2912 non
1054 2886 1159 2913 tamen
1175 2880 1286 2912 eadem
1295 2888 1364 2911 esse
1376 2875 1541 2911 videntur?
1557 2885 1661 2917 nequo
