1840 3225
214 225 299 263 264
816 223 1081 264 PLATONIS
1600 225 1669 279 [το

217 328 341 364 tationi,
357 328 483 370 qualem
503 327 662 369 superiora
677 327 818 369 exigunt,
844 328 1053 370 imponamus.
1075 328 1337 371 quemadmodum
1358 328 1397 359 ab
1412 327 1503 360 initio
1524 328 1672 366 diximus,

217 392 289 413 cum
304 383 371 413 baec
385 382 494 413 ordine
506 387 659 419 carerent,
674 382 805 423 singulis
819 382 919 420 Deus,
936 392 969 414 et
983 385 1022 414 ad
1039 394 1108 415 sese
1124 389 1157 414 et
1171 383 1211 415 ad
1227 384 1289 414 alia
1302 383 1449 419 invicem,
1465 387 1596 413 eatenus
1606 392 1673 413 moa

215 436 288 466 dum
312 436 529 478 rationemque
549 437 761 477 proportionis
783 437 908 473 indidit,
926 445 1078 479 quatenus
1103 438 1261 480 suscipere
1277 438 1400 479 singula
1419 442 1574 478 poterant.
1597 442 1673 467 ttmc

212 490 352 530 profecto
362 491 440 521 nihil
453 495 520 521 erat
532 490 660 527 ordinis,
672 491 732 521 nisi
744 491 823 522 forte
836 502 909 523 casu
922 493 1037 534 aliquo,
1053 493 1212 534 particeps
1225 503 1234 531 ;
1250 503 1309 523 nec
1323 492 1491 533 quicquam
1500 497 1576 521 tunc
1588 499 1672 532 aqua

211 545 261 574 vel
277 545 358 585 ignis
374 546 424 575 vel
440 544 525 575 aliud
541 545 660 586 aliquid
683 555 798 582 eorum,
814 557 882 588 quae
897 547 991 577 modo
1004 546 1087 588 apud
1105 557 1161 577 nos
1182 547 1393 581 nominantur,
1403 546 1473 588 jure
1494 543 1671 576 vocandum

211 603 296 628 erat:
313 609 420 629 verum
435 600 502 629 haec
517 599 648 640 primum
670 600 776 631 omnia
790 601 961 636 exornavit,
978 601 1092 632 deinde
1118 612 1157 632 ex
1173 601 1212 632 iis
1233 602 1290 632 hoc
1307 601 1485 631 universum
1500 598 1673 635 constituit,

212 653 327 683 animal
354 664 460 689 unum,
476 654 624 684 animalia
638 654 671 684 in
686 664 719 685 se
735 656 839 686 omnia
853 656 994 686 mortalia
1007 661 1039 686 et
1051 656 1240 686 immortalia
1254 655 1428 687 continens.
1451 659 1485 685 et
1498 653 1676 684 divinorum

211 707 337 747 quidem
350 708 418 749 ipse
432 713 480 738 est
492 713 609 744 auctor,
619 709 796 740 mortalium
807 720 882 740 vero
892 710 1124 751 generationem
1133 710 1215 740 natis
1227 710 1290 740 suis
1298 709 1428 740 tradidit
1438 707 1673 739 absolvendam.

205 761 255 791 illi
280 761 384 803 igitur,
409 773 495 793 suum
521 762 636 794 imitati
655 771 828 804 parentem,
842 764 1092 805 principiumque
1119 764 1230 794 animae
1251 764 1425 795 immortale
1452 762 1672 803 suscipientes,

209 815 346 846 animam
360 816 461 856 ipsam
475 817 597 847 mortali
612 827 738 858 corpore
751 818 939 854 clauserunt,
954 823 1115 858 totumque
1131 828 1242 859 corpus
1264 818 1377 848 animae
1391 817 1480 859 quasi
1490 816 1671 847 vehiculum

208 869 384 905 subdidere,
401 875 494 911 atque
508 871 541 900 in
557 881 594 901 eo
611 871 704 901 aliam
721 871 833 901 animae
849 871 989 912 speciem
1004 872 1168 902 mortalem
1186 872 1425 907 fabricaverunt,
1441 880 1511 912 quae
1526 870 1675 911 gravibus

206 924 452 965 necessariisque
478 924 761 965 perturbationibus
802 925 977 955 afficeretur
1001 937 1006 954 :
1039 935 1170 966 quarum
1193 926 1294 966 prima
1320 926 1400 956 foret
1427 925 1583 965 voluptaS‚
1598 934 1672 956 esca

209 978 345 1008 maxima
366 978 461 1016 mali3
478 977 566 1008 dolor
587 978 714 1014 deinde,
737 979 811 1020 suga
834 978 1156 1020 impedimentumque
1172 980 1334 1015 bonorum,
1361 978 1492 1009 audacia
1519 983 1672 1019 praeoerea

208 1037 382 1073 metusque,
393 1033 584 1063 consultores
596 1037 737 1063 amentes
749 1044 755 1062 :
768 1033 934 1064 accederet
943 1033 1190 1074 etimplacabilis
1200 1033 1372 1069 iracundia,
1386 1043 1459 1074 spes
1473 1033 1569 1063 etiam
1578 1032 1670 1063 blan-

208 1085 250 1116 da
264 1087 532 1128 conciliatrixque,
548 1097 619 1117 cum
632 1087 805 1118 irrationali
821 1098 914 1118 sensu
929 1097 1096 1129 amoreque
1112 1088 1251 1118 omnium
1264 1087 1419 1118 invasore.
1440 1087 1488 1117 illi
1500 1097 1585 1128 ergo,
1608 1087 1671 1118 ista

207 1140 386 1177 miscentes,
400 1141 577 1172 necessario
594 1142 722 1171 mortale
738 1152 835 1182 genus
847 1147 1099 1183 composuerunt.
1123 1142 1282 1177 Ceterum,
1299 1152 1338 1172 ne
1353 1141 1496 1172 divinum
1511 1141 1573 1172 ulla
1588 1151 1669 1172 mor-

205 1194 318 1225 talium
344 1195 542 1236 contagione,
557 1195 619 1225 nisi
638 1200 791 1236 quantum
818 1206 937 1226 summa
959 1197 1132 1227 necessitas
1158 1201 1296 1237 cogeret,
1310 1196 1515 1237 pollueretur,
1529 1205 1669 1226 seorsum

207 1248 246 1279 ab
260 1249 316 1280 illo
329 1250 363 1280 in
378 1249 441 1280 alia
455 1250 591 1292 corporis
605 1249 681 1280 sede
697 1250 827 1280 mortale
842 1251 1087 1286 collocaverunt,
1103 1255 1197 1291 atque
1213 1261 1229 1280 a
1246 1256 1375 1292 pectore
1390 1254 1487 1292 caput
1500 1250 1623 1281 cervice
1636 1253 1671 1280 et

207 1304 290 1334 collo
304 1303 468 1346 interjecto
484 1314 682 1345 separavere.
695 1305 729 1334 in
743 1309 871 1345 pectore
886 1304 983 1345 igitur
997 1309 1030 1334 et
1043 1305 1170 1335 thorace
1186 1305 1318 1335 mortale
1334 1314 1433 1346 genus
1448 1304 1560 1334 animae
1574 1313 1669 1345 posu-

206 1364 298 1388 erunt
313 1369 320 1387 ε
337 1368 471 1400 cumque
482 1358 514 1389 id
529 1359 715 1389 naturaliter
728 1359 844 1400 partim
856 1359 966 1389 melius
977 1359 1093 1399 partim
1108 1358 1247 1390 deterius
1261 1364 1355 1395 esset,
1368 1359 1588 1400 disposuerunt
1601 1368 1669 1389 rur-

206 1422 258 1442 sus
271 1413 405 1443 thoracis
421 1413 639 1454 capacitatem,
655 1413 870 1444 discernentes
884 1414 994 1443 sedem
1008 1418 1159 1454 tanquam
1172 1414 1308 1444 virorum
1322 1414 1464 1450 alteram,
1477 1413 1610 1444 alteram
1621 1412 1668 1443 fe-

206 1465 371 1497 minarum.
387 1466 462 1509 [70]
480 1467 697 1508 cartilaginem
710 1467 796 1498 enim
811 1466 980 1509 quandam,
995 1468 1121 1498 nomine
1133 1468 1349 1509 diaphragma,
1364 1467 1449 1510 quod
1464 1468 1560 1498 etiam
1573 1468 1669 1509 phre-

207 1530 263 1550 nas
277 1526 402 1558 vocant,
415 1521 499 1552 inter
512 1522 579 1552 haec
604 1522 739 1552 mediam
756 1522 989 1564 interjecerunt.
1012 1527 1131 1563 partem
1157 1523 1253 1563 igitur
1267 1523 1378 1553 animae
1392 1521 1586 1554 fortitudinis
1605 1522 1668 1553 ira-

207 1574 393 1617 cundiaeque
406 1576 593 1617 participem
603 1576 890 1617 contentiosamque
902 1576 998 1618 capiti
1007 1577 1264 1618 propinquiorem
1273 1577 1389 1613 fecere,
1401 1577 1485 1607 inter
1499 1575 1667 1618 diaphrag-

209 1640 259 1660 ma
270 1630 489 1671 cervicemque
499 1629 637 1660 mediam
648 1642 654 1660 :
668 1636 704 1661 ut
714 1631 780 1661 haec
793 1630 944 1661 obediens
955 1631 1068 1661 rationi
1078 1641 1140 1661 una
1150 1642 1222 1662 cum
1233 1631 1301 1672 ipsa
1311 1630 1520 1672 cupiditatum
1530 1640 1628 1672 genus
1637 1630 1670 1661 vi

207 1684 297 1715 illata
311 1683 466 1721 coerceat,
483 1685 509 1715 si
524 1685 650 1726 quando
665 1685 850 1722 rationis‚'in
865 1695 936 1716 arce
949 1685 1061 1727 capitis
1070 1686 1250 1721 habitantis,
1261 1685 1349 1728 jussa
1360 1684 1518 1726 cupiditas
1528 1691 1669 1726 respuat.

208 1737 272 1770 Cor
300 1749 386 1783 vero,
394 1749 545 1770 venarum
561 1739 714 1780 originem
725 1740 906 1781 fontemque
924 1740 1083 1781 sanguinis
1093 1750 1151 1781 per
1167 1750 1258 1771 omne
1273 1750 1386 1781 corpus
1395 1740 1516 1780 impetu
1531 1737 1666 1780 quodam

206 1793 373 1829 manantis,
384 1794 417 1824 in
429 1793 612 1835 stipatorum
624 1795 753 1835 regione
765 1795 958 1836 suspendere
970 1795 1146 1831 voluerunt,
1162 1800 1207 1831 ut,
1218 1794 1344 1836 quando
1356 1794 1409 1824 irae
1418 1793 1467 1824 vis
1477 1792 1667 1828 exardescit,

204 1847 325 1878 ratione
336 1848 511 1884 nuntiante,
522 1848 548 1878 si
558 1847 634 1890 quid
646 1848 838 1879 extrinsecus
847 1849 961 1891 injuste
971 1849 1025 1880 flat
1033 1850 1083 1880 vel
1093 1849 1283 1879 intrinsecus
1294 1848 1400 1889 aliqua
1410 1846 1667 1889 concupiscentia

205 1901 323 1940 turbet,
336 1906 410 1933 tunc
425 1901 571 1933 celeriter
584 1912 642 1943 per
656 1910 803 1944 angustos
825 1903 981 1944 quoslibet
995 1909 1127 1939 meatuS,
1143 1902 1295 1943 quicquid
1305 1903 1338 1933 in
1349 1911 1480 1943 corpore
1497 1910 1607 1932 sensus
1617 1905 1668 1931 est

205 1956 374 1996 particeps,
385 1955 471 1997 jussa
482 1956 646 1997 minasque
662 1957 845 1997 persentiat,
860 1962 954 1997 atque
970 1957 1014 1987 ita
1028 1956 1155 1987 obediat
1168 1956 1419 1998 obsequaturque
1433 1955 1571 1991 omnino,
1583 1955 1664 1986 tole-

203 2014 316 2051 retque
327 2010 360 2040 in
370 2009 512 2040 omnibus
526 2010 775 2050 praestantissimi
786 2010 870 2041 illius
885 2010 1061 2052 imperium.
1084 2010 1166 2041 Cum
1179 2020 1255 2041 vero
1268 2015 1495 2051 cognoscerent
1501 2019 1554 2041 cor
1561 2018 1664 2040 rerum

205 2063 389 2094 terribilium
402 2063 526 2105 objectu
540 2063 769 2105 trepidaturum
781 2069 813 2094 et
826 2064 874 2094 ira
889 2064 1003 2106 saepius
1018 2065 1230 2105 flag-faturum,
1246 2064 1342 2106 idque
1357 2074 1435 2106 opus
1446 2074 1539 2095 omne
1548 2073 1607 2106 per
1617 2063 1664 2105 ig-

205 2127 277 2147 nem
292 2117 370 2153 fore,
383 2122 473 2148 aestus
485 2117 660 2158 hujusmodi
677 2118 876 2158 temperandi
887 2119 985 2159 gratia
1005 2119 1188 2159 pulmonum
1207 2124 1334 2159 tegmen
1347 2118 1433 2149 cordi
1444 2117 1664 2153 adhibuerunt,

205 2172 299 2201 molle
309 2171 445 2212 primum
452 2176 544 2212 atque
554 2181 723 2211 exsangue,
732 2171 847 2202 deinde
861 2172 944 2202 cavis
955 2173 1142 2203 intrinsecus
1153 2173 1265 2202 fistulis
1277 2171 1416 2213 spongiae
1426 2172 1525 2202 instar
1533 2170 1664 2202 distinc-

204 2231 331 2262 tum,ut,
341 2225 452 2267 spiritu
461 2231 598 2266 potuque
609 2226 730 2260 hausto,
738 2225 839 2256 cordis
849 2226 993 2257 ardorem
1004 2227 1179 2268 hujusmodi
1187 2226 1394 2267 respiratione
1407 2230 1439 2255 et
1448 2225 1609 2266 refrigerio
1615 2230 1664 2256 te-

203 2280 351 2321 pefaciat.
367 2289 458 2321 quam
471 2279 510 2310 ob
521 2289 647 2310 causam
660 2280 801 2315 arterias,
814 2287 964 2321 tanquam
975 2280 1188 2321 aquaeductus,
1199 2290 1256 2322 per
1265 2280 1446 2321 pulmonum
1459 2279 1663 2310 substantiam

202 2334 394 2369 derivarunt,
402 2343 533 2374 eamque
549 2333 648 2370 cordi,
658 2334 746 2375 quasi
762 2335 888 2365 mollem
901 2335 1024 2370 saltum,
1042 2334 1289 2370 circumdedere,
1303 2333 1481 2375 ut‚quando
1491 2333 1589 2364 nimia
1600 2333 1663 2364 fer-

201 2393 255 2418 vet
266 2388 321 2425 ira,
337 2387 410 2418 inde
432 2389 471 2418 ad
484 2388 659 2419 faciliorem
674 2387 888 2418 obedientiam
915 2395 1124 2430 temperatum
1147 2388 1320 2423 deferveat,
1337 2387 1508 2429 sedatoque
1526 2387 1663 2418 tumultu

201 2442 314 2473 rationi
329 2442 452 2472 facilius
467 2452 536 2473 cum
557 2442 604 2472 ira
619 2443 794 2473 ministrare
819 2448 852 2473 et
866 2443 995 2484 obsequi
1012 2443 1125 2473 valeat.
1141 2449 1296 2484 postremo
1311 2452 1379 2473 eam
1401 2442 1512 2473 animae
1526 2446 1661 2483 partem,

199 2506 270 2536 quae
301 2497 463 2526 esculenta
488 2501 520 2526 et
546 2497 714 2538 poculenta
740 2497 837 2538 cupit,
862 2503 894 2528 et
927 2497 1048 2539 reliqua
1077 2497 1214 2533 omnino,
1243 2496 1355 2538 quibus
1380 2505 1492 2537 corpus
1526 2495 1662 2536 indiget,

199 2550 407 2590 concupiscit,
423 2551 534 2581 mediae
549 2551 669 2592 regioni
683 2551 765 2582 inter
781 2551 984 2593 diaphragma
1000 2558 1031 2581 et
1047 2552 1229 2582 umbilicum
1255 2551 1454 2593 applicavere
1468 2561 1475 2579 τ
1491 2549 1546 2580 ubi
1559 2547 1659 2591 quod-

200 2603 273 2634 dam
288 2604 376 2644 quasi
392 2614 534 2646 praesepe
551 2604 591 2635 ad
606 2605 702 2636 totius
722 2606 860 2647 corporis
883 2606 1064 2636 alimoniam
1079 2612 1202 2637 exstare
1217 2605 1376 2640 volebant,
1392 2609 1425 2634 et
1439 2602 1559 2634 ibidem
1571 2603 1659 2633 illam

197 2657 262 2687 vim
272 2657 394 2693 animae,
402 2663 551 2699 tanquam
567 2664 689 2700 agreste
707 2661 833 2696 animal,
850 2661 1069 2701 alligat-ciunt.
1084 2661 1134 2691 hic
1149 2669 1224 2690 sane
1240 2660 1328 2690 illam
1343 2667 1456 2699 corpus
1469 2667 1557 2687 suum
1573 2657 1659 2687 alere

198 2711 407 2742 necessarium
423 2717 480 2746 est,
494 2713 520 2742 si
535 2712 664 2753 quidem
681 2715 809 2746 mortale
824 2714 1012 2756 quandoque
1027 2715 1163 2745 futurum
1179 2719 1227 2745 est
1241 2723 1351 2754 genuS.
1386 2718 1421 2742 ut
1434 2721 1509 2752 ergo
1523 2710 1564 2741 ad
1577 2720 1658 2751 prae-

196 2774 271 2805 sepe
288 2774 411 2805 semper
426 2765 480 2796 illa
494 2772 648 2806 pascatur,
665 2768 845 2810 habitetque
861 2770 968 2810 procul
985 2780 1003 2799 a
1018 2770 1207 2807 consultore,
1219 2767 1354 2808 ideoque
1364 2766 1457 2796 illum
1473 2765 1609 2795 clamore
1625 2769 1659 2795 et

195 2818 327 2860 strepitu
342 2829 397 2849 suo
412 2819 540 2849 minime
557 2821 670 2854 turbet.
697 2822 771 2864 [71]
797 2822 852 2853 sed
868 2823 1027 2864 permittat
1043 2823 1234 2864 praecipuum
1249 2820 1348 2852 nostri
1361 2819 1471 2850 ducem
1488 2817 1658 2860 tranquillo

196 2873 229 2904 in
244 2873 308 2904 otio
323 2874 482 2905 communi
498 2875 634 2906 omnium
652 2877 779 2908 utilitati
800 2878 973 2913 consulere,
989 2879 1150 2919 regionem
1172 2876 1287 2908 iccirco
1301 2874 1478 2907 inferiorem
1493 2873 1553 2916 ipsi
1570 2871 1656 2904 habi-
