1840 3225
195 180 293 231 927]
656 180 729 221 DE
761 177 990 216 LEGIBUS
1022 177 1122 217 LlB.
1153 177 1225 215 XI.
1575 176 1654 213 429

194 282 319 315 seminis
334 288 576 326 anteponantur.
601 283 699 326 [925]
724 281 979 314 convenientiam
992 290 1065 311 vero
1075 280 1176 311 aetatis
1188 279 1228 310 ad
1239 277 1366 321 nuptias
1376 282 1535 313 etcontra‚
1546 275 1658 320 judex,

194 337 299 369 nudos
313 340 442 370 omnino
455 349 571 375 mares,
587 338 686 369 nudas
701 347 826 379 quoque
842 336 882 366 ad
898 336 1017 377 pubem
1032 345 1132 376 usque
1149 335 1282 365 feminas
1296 332 1506 374 conspiciens,
1523 332 1659 374 judicet.

194 397 227 423 at
253 393 278 423 si
307 393 347 424 ad
374 394 504 425 fratrum
528 403 628 434 usque
652 401 844 433 avorumque
870 390 952 420 filios
977 396 1181 431 cognatorum
1208 388 1339 429 penuria
1361 388 1413 424 sit,
1439 396 1660 429 quemcunque

193 446 311 479 civium
326 453 440 489 sponte
455 448 562 489 puella
576 457 650 479 cum
664 451 805 478 tutonun
819 444 950 476 consilio
967 444 1097 485 deliget,
1111 444 1148 479 is,
1164 443 1190 474 si
1211 443 1356 478 voluerit,
1381 452 1450 472 eam
1475 442 1508 472 in
1529 450 1658 472 uxorem

196 506 292 543 atque
303 501 434 545 insuper
448 501 655 533 hereditatem
671 501 817 542 accipiat.
839 499 924 541 quod
950 499 975 529 si
1000 509 1114 540 magna
1135 499 1167 528 in
1183 498 1315 539 penuria
1330 498 1466 533 iliorum,
1481 497 1536 538 qui
1549 496 1659 527 urbem

198 555 356 594 habitant,
371 556 510 598 aliquem
520 557 554 587 in
569 555 724 587 coloniam
738 555 871 585 missum
884 554 993 595 puelia
1007 553 1156 584 heredem
1169 552 1273 583 facere
1295 551 1345 582 sui
1365 551 1465 592 patris
1478 550 1638 591 optaverit
1652 560 1660 580 :

194 609 233 647 is,
247 611 275 641 si
289 622 328 642 ex
343 611 455 643 eodem
469 621 585 652 genere
598 610 704 646 fuerit,
720 608 930 640 hereditatem
945 608 1118 639 secundum
1135 608 1236 648 legem
1265 607 1381 638 adeat:
1407 605 1457 636 sin
1484 616 1556 636 vero
1583 604 1662 636 civis

195 664 335 707 quidem,
350 665 407 696 sed
421 675 485 696 non
499 675 537 696 ex
549 674 666 707 genere
678 664 730 701 sit,
746 663 840 695 ducat
851 673 934 699 eam,
946 662 973 693 si
983 662 1133 698 voluerit,
1143 660 1317 693 secundum
1328 665 1465 692 tutorum
1479 660 1659 701 pueliaeque

193 719 397 760 electionem,
418 725 451 751 et
473 719 680 751 hereditatem
706 720 837 751 domum
862 727 1002 750 reversus
1023 716 1128 748 adeat.
1149 716 1176 748 si
1191 715 1262 758 quis
1276 715 1394 757 absque
1411 715 1516 745 liberis
1532 713 1662 744 omnino

192 773 340 805 masculis
360 773 550 816 feminisque
575 785 616 805 ex
639 774 790 805 intestato
804 773 987 810 decesserit,
1003 777 1111 804 cetera
1125 771 1251 813 quidem
1273 769 1446 802 secundum
1464 767 1661 810 superiorem

190 828 294 870 legem
310 833 452 870 agantur,
464 839 531 860 mas
539 839 611 860 vero
626 833 661 860 et
673 828 792 860 femina
807 839 846 860 ex
862 828 977 859 eodem
992 837 1120 870 genere,
1137 832 1286 868 tanquam
1301 830 1475 862 consortes,
1501 823 1660 855 desertam

192 881 319 914 domum
339 883 569 925 ingrediantur,
593 883 706 925 quibus
726 893 794 914 sors
818 883 943 925 proprie
965 887 1136 924 competat.
1158 881 1270 923 prima,
1295 890 1404 920 soror3
1427 879 1543 910 deinde
1559 879 1664 910 fratris

192 937 257 970 filia
273 949 280 968 ε
305 938 422 969 sororis
447 938 524 975 filia,
550 938 644 969 tertia
657 950 664 969 z
688 943 812 980 quarta,
839 943 971 980 paterna
1000 947 1089 968 soror
1102 947 1111 975 ;
1144 935 1272 978 paterni
1292 935 1397 966 fratris
1423 935 1499 971 filia,
1527 935 1638 976 quinta
1653 944 1661 963 ε

191 998 292 1030 sexta,
308 998 446 1034 paternae
461 993 577 1024 sororis
590 993 667 1024 filia.
689 994 739 1023 hae
753 1003 824 1024 curu
839 992 916 1029 illis,
933 997 968 1023 ut
981 992 1026 1023 fas
1042 996 1103 1028 est,
1119 991 1175 1033 qui
1187 1000 1302 1032 genere
1316 989 1452 1031 proximi
1465 994 1550 1025 sunt,
1566 988 1662 1018 vitam

192 1051 301 1088 agent,
316 1047 583 1089 quemadmodum
596 1047 630 1078 in
644 1047 860 1089 superioribus
874 1047 1043 1078 sanximus.
1067 1045 1126 1077 sed
1140 1055 1182 1076 ne
1197 1045 1298 1086 fugiat
1312 1054 1380 1081 nos,
1398 1053 1494 1085 quam
1509 1054 1603 1085 grave
1624 1043 1667 1074 sit

191 1110 299 1132 earum
311 1102 418 1142 legum
428 1101 606 1143 imperium,
620 1101 734 1143 quibus
747 1111 862 1142 genere
875 1101 1085 1143 propinquam
1102 1099 1217 1131 ducere
1229 1109 1358 1130 uxorem
1368 1099 1528 1141 jubemus.
1543 1097 1665 1139 quippe

192 1155 248 1197 qui
271 1155 453 1198 hujusmodi
477 1157 580 1198 legem
604 1156 678 1194 fert,
703 1156 834 1187 minime
853 1155 1053 1187 considerare
1064 1153 1200 1191 videtur,
1214 1164 1309 1195 quarn
1323 1154 1423 1184 multa
1436 1153 1665 1194 impedimenta

191 1211 323 1251 reperiri
343 1221 449 1253 posse,
474 1221 547 1253 quae
574 1210 696 1243 faciant
716 1221 757 1242 ne
778 1210 852 1253 quis
872 1210 922 1241 his
934 1209 1104 1252 praeceptis
1118 1209 1195 1240 velit
1209 1209 1439 1250 obtemperare.
1460 1207 1551 1238 multi
1567 1207 1665 1238 etiam

190 1264 325 1306 quodvis
338 1265 446 1306 potius
460 1266 587 1307 perpeti
600 1266 720 1303 volent,
735 1276 830 1307 quam
845 1265 963 1297 ducant
974 1265 1133 1296 nubantve
1145 1264 1205 1300 illi,
1218 1264 1308 1306 cujus
1318 1263 1368 1294 vel
1386 1273 1499 1304 corpus
1512 1266 1663 1303 aegrotum

193 1328 379 1351 mancumve
395 1321 446 1358 sit,
462 1321 513 1351 vel
528 1320 659 1352 insanus
675 1320 809 1352 animus.
830 1321 865 1351 in
881 1320 930 1351 his
946 1330 1022 1361 ergo
1037 1319 1223 1360 legumlator
1234 1319 1316 1349 forte
1327 1317 1405 1349 nihii
1418 1317 1510 1359 pensi
1521 1316 1667 1346 habuisse

191 1371 362 1405 videbitur.
384 1380 416 1405 et
429 1374 573 1415 profecto
587 1375 622 1405 id
636 1375 799 1415 plerisque
814 1386 879 1403 non
894 1380 981 1402 recte
993 1374 1039 1402 ita
1055 1373 1225 1402 videbitur.
1249 1382 1343 1411 quare
1359 1377 1421 1402 tam
1434 1382 1492 1411 pro
1502 1371 1666 1401 conditore

191 1427 300 1468 legum
328 1436 424 1468 quam
452 1436 511 1467 pro
537 1426 689 1467 subjectis
717 1438 886 1457 commune
914 1424 1098 1466 hujusmodi
1128 1424 1171 1454 sit
1192 1423 1373 1455 exordium:
1421 1424 1558 1455 Veniam
1588 1426 1666 1455 dare

192 1480 391 1522 legumlator-i
414 1480 459 1518 hi,
489 1481 601 1523 quibus
628 1480 713 1522 leges
740 1484 912 1521 ponuntur,
940 1479 1061 1510 debent
1075 1489 1082 1508 ε
1108 1479 1259 1520 quoniam
1291 1478 1427 1519 publicis
1453 1478 1667 1519 gubernandis

191 1534 393 1573 incumbens,
407 1545 568 1577 nunquam
583 1535 703 1577 poterit
715 1534 846 1577 privatis
861 1544 987 1576 quoque
1003 1533 1232 1566 calamitatibus
1247 1533 1341 1564 simul
1361 1534 1539 1565 consulere.
1564 1533 1664 1576 [920]

194 1589 345 1631 subjectis
357 1595 514 1632 praeterea
528 1588 767 1631 ignoscendum,
783 1589 809 1620 si
824 1589 1015 1631 legislatoris
1027 1599 1062 1620 ea
1077 1598 1305 1629 nonnunquam
1319 1592 1483 1629 praecepta
1496 1588 1668 1629 complecti

194 1649 367 1686 nequeant,
396 1655 468 1686 quse
496 1644 689 1686 singularum
704 1644 919 1676 calamitatum
939 1645 1068 1686 ignarus
1099 1643 1296 1684 conscripsit.
1340 1641 1419 1673 CLr.
1446 1642 1534 1679 Quid
1558 1642 1666 1684 igitur,

195 1699 323 1740 hospes,
349 1699 408 1730 hac
432 1699 467 1730 in
491 1709 524 1730 re
551 1709 643 1741 agere
668 1699 787 1730 decet?
833 1698 974 1730 ATHEN.
997 1697 1129 1735 Arbitri,
1147 1709 1165 1728 o
1181 1697 1298 1734 Clinia,
1313 1697 1367 1739 qui
1382 1697 1505 1738 legibus
1516 1697 1564 1728 his
1580 1697 1667 1728 cives

193 1754 378 1791 concilient,
393 1753 535 1795 eligendi
547 1759 631 1787 sunt.
678 1753 756 1785 Cu.
778 1753 945 1791 Quomodo
959 1752 995 1784 id
1008 1753 1088 1785 dicis
1101 1753 1113 1784 ?
1157 1751 1299 1783 Arm-:N-
1321 1751 1560 1793 Nonnunquam
1575 1751 1668 1782 dives

195 1808 310 1850 aliquis
333 1808 474 1850 juvenis,
496 1808 622 1840 deliciis
646 1808 772 1840 deditus
789 1813 822 1840 et
844 1808 884 1840 ad
899 1807 1038 1850 majores
1053 1807 1180 1850 nuptias
1201 1807 1338 1844 inhians,
1354 1806 1460 1848 patrui
1475 1806 1666 1838 avunculive

192 1862 289 1894 filiam
304 1869 489 1905 aspernatur
503 1875 510 1894 :
536 1874 763 1905 nonnunquam
777 1863 960 1895 calamitate
975 1863 1112 1894 maxima
1126 1862 1240 1904 puellae
1256 1872 1313 1893 seu
1327 1861 1468 1902 corporis
1483 1861 1548 1892 sive
1569 1860 1668 1893 animi

194 1923 335 1955 coactus,
357 1919 422 1959 legi
447 1918 496 1950 illi
517 1929 580 1950 non
596 1919 806 1960 obtemperat,
821 1928 885 1959 qua
900 1917 941 1949 ad
954 1918 1065 1948 insana
1080 1917 1238 1949 connubia
1258 1916 1376 1948 invitus
1390 1916 1538 1953 trahitur,
1551 1915 1666 1957 quibus

194 1971 368 2013 implicitus
382 1972 485 2004 vivere
500 1973 611 2004 nollet.
633 1983 729 2015 quare
744 1973 834 2004 nobis
849 1974 917 2004 haec
932 1973 985 2004 lex
999 1972 1039 2004 de
1059 1972 1130 2003 istis
1148 1972 1305 2004 sanciatur
1319 1984 1327 2002 ι
1352 1971 1381 2003 si
1403 1971 1459 2013 qui
1480 1970 1667 2002 testamenti

194 2032 250 2059 aut
271 2027 455 2069 nuptiarum
480 2028 673 2068 aliorumque
699 2027 798 2069 gratia
823 2028 864 2058 de
886 2027 1011 2069 legibus
1025 2032 1206 2069 querantur,
1219 2032 1422 2067 asserantque
1437 2026 1665 2067 legislatorem,

195 2081 223 2113 si
237 2081 370 2119 viveret,
385 2082 513 2114 minime
524 2082 735 2124 impulsurum
751 2083 831 2114 hanc
847 2082 964 2114 ducere
981 2083 1032 2113 vel
1047 2082 1122 2114 huic
1131 2082 1251 2113 nubere
1266 2093 1273 2112 :
1297 2086 1331 2112 et
1342 2081 1541 2123 propinquus
1551 2080 1667 2122 aliquis

193 2146 252 2169 seu
266 2142 350 2168 tutor
365 2137 576 2179 legislatorem
590 2137 722 2169 affirmet
743 2137 892 2180 orphanis
915 2137 1056 2169 tutandis
1068 2136 1349 2178 conciliandisque,
1362 2140 1515 2177 tanquam
1533 2135 1667 2167 arbitros

195 2197 228 2222 et
255 2196 414 2233 parentes,
442 2191 623 2233 quindecim
646 2192 686 2223 de
714 2192 820 2234 legum
847 2192 1031 2224 custodibus
1055 2191 1241 2234 reliquisse:
1266 2190 1308 2222 ad
1332 2191 1388 2222 hos
1402 2190 1489 2232 ipsos
1503 2189 1664 2231 litigantes

194 2246 382 2288 confugiant
404 2257 574 2289 eorumque
596 2246 732 2289 judiciis
761 2252 903 2290 pareant.
941 2248 1027 2289 quod
1058 2247 1085 2278 si
1114 2247 1208 2278 alicui
1235 2245 1357 2286 majora
1383 2246 1488 2286 legum
1517 2244 1665 2276 custodes

195 2310 306 2342 urgere
320 2301 498 2339 videantur,
512 2312 578 2332 rem
594 2302 634 2332 ad
649 2302 876 2334 electissimum
886 2302 1043 2344 judicium
1058 2301 1182 2333 deferat
1196 2305 1386 2342 expetatque
1403 2300 1594 2331 sententiam
1608 2311 1614 2330 :
1633 2304 1667 2331 et

197 2354 252 2396 qui
275 2355 438 2387 damnatus
459 2360 516 2393 est,
533 2356 664 2387 infamia
685 2362 826 2394 notetur,
842 2357 928 2400 quod
943 2357 1147 2399 pecuniarum
1162 2355 1330 2386 multarum
1343 2355 1463 2386 mulcta
1478 2355 1562 2396 apud
1578 2365 1663 2391 eum,

197 2408 254 2450 qui
276 2409 371 2450 sapit,
400 2410 496 2451 longe
520 2409 622 2451 majus
649 2411 836 2451 supplicium
853 2416 912 2442 est.
935 2412 1077 2453 sequitur
1091 2416 1163 2453 post
1178 2411 1245 2440 haec
1260 2410 1347 2451 quasi
1364 2409 1502 2441 secunda
1517 2409 1664 2451 quaedam

197 2464 407 2504 orphanorum
431 2464 616 2506 procreatio.
639 2470 690 2495 est
713 2470 818 2496 autem
841 2471 912 2507 post
940 2466 1076 2508 primam
1100 2465 1248 2497 educatio
1271 2463 1513 2506 disciplinaque,
1544 2465 1584 2495 de
1600 2474 1664 2505 qua

198 2517 317 2549 dictum
333 2525 399 2549 est:
424 2523 497 2560 post
513 2518 683 2550 secundam
698 2530 771 2550 vero
787 2531 911 2562 operam
923 2520 999 2552 dare
1012 2521 1174 2557 debemus,
1190 2526 1225 2551 ut
1239 2520 1353 2562 privati
1368 2519 1551 2562 parentibus
1569 2529 1662 2560 quam

199 2573 329 2604 minime
344 2573 512 2604 miserabili
526 2574 703 2605 calamitate
715 2580 908 2615 premantur.
930 2576 1036 2617 legum
1049 2586 1122 2617 ergo
1133 2575 1293 2611 custodes,
1305 2575 1394 2616 quasi
1406 2575 1520 2605 alteros
1533 2574 1663 2605 istorum

196 2634 356 2669 parentes,
368 2628 478 2669 primis
491 2639 557 2658 non
577 2627 711 2670 pejoreS,
727 2630 958 2667 constituimus,
975 2636 1008 2660 et
1020 2641 1077 2671 per
1092 2630 1231 2671 singulos
1247 2640 1348 2660 annos
1362 2629 1452 2671 quasi
1475 2630 1537 2660 suis
1558 2628 1665 2671 provi-

200 2683 274 2714 dere
286 2682 445 2724 jubemus.
467 2682 525 2714 sed
547 2683 581 2714 in
605 2683 715 2724 primis
730 2683 769 2714 de
786 2685 994 2725 orphanorum
1010 2685 1195 2716 educatione
1209 2690 1275 2715 tam
1289 2695 1344 2726 pro
1361 2685 1466 2725 legum
1481 2683 1664 2715 custodibus

199 2747 291 2778 quam
318 2748 376 2779 pro
403 2738 556 2769 tutoribus
582 2738 626 2768 ita
655 2738 861 2769 exordiamur.
886 2739 983 2781 [927]
1009 2745 1184 2780 opportune
1213 2739 1355 2770 videmur
1383 2739 1418 2769 in
1450 2738 1663 2780 superioribus

199 2801 348 2828 narrasse,
374 2792 594 2824 defunctorum
614 2793 732 2823 animas
761 2793 824 2824 vim
847 2795 1005 2834 quandam
1021 2793 1147 2829 habere,
1162 2804 1223 2835 qua
1238 2793 1278 2825 de
1291 2794 1384 2825 rebus
1397 2793 1543 2824 humanis
1557 2801 1665 2822 curam

199 2846 328 2878 habent.
351 2847 386 2878 id
410 2858 486 2878 vera
509 2847 650 2889 quidem,
672 2848 729 2878 sed
746 2848 840 2890 longa
856 2848 995 2879 oratione
1012 2848 1210 2890 approbatur.
1232 2849 1434 2890 quamobrem
1449 2853 1482 2878 et
1497 2847 1567 2877 aliis
1582 2845 1664 2876 tritis

199 2901 396 2944 antiquisque
412 2902 452 2933 de
466 2903 525 2935 hac
540 2913 574 2935 re
589 2903 794 2941 sermonibus,
808 2908 840 2934 et
856 2902 1121 2944 legumlatoribus,
1136 2903 1181 2935 sic
1192 2914 1227 2935 se
1245 2903 1359 2935 habere
1368 2903 1427 2934 ista
1437 2900 1661 2936 sancientibus,
