1840 3225
195 206 221 245 «3
820 199 1086 238 PLATONJS
1589 203 1659 254 [20

194 307 267 342 finis
283 306 440 339 sufficiens
455 305 665 347 imponeretur
680 316 687 334 ι
715 308 746 334 tu
773 312 845 334 vero
859 301 1041 335 concessisti
1058 300 1202 343 quidem,
1226 306 1319 343 teque
1341 301 1442 343 ipsum
1467 302 1505 333 ad
1523 303 1552 334 id
1571 314 1659 335 exse-

197 362 356 405 quendum
373 359 556 402 exposuisti.
601 358 669 388 Nos
685 362 788 389 autem
814 356 959 392 dicimus,
987 362 1021 386 ut
1043 356 1131 401 pueri
1160 355 1273 392 solent,
1300 357 1384 397 quod
1411 362 1493 388 recte
1516 358 1657 389 datorum

197 416 313 448 ablatio
329 415 414 445 nulla
430 420 488 446 est.
533 413 622 444 Pone
638 412 731 453 igitur
742 410 808 452 jam
832 411 915 442 hunc
932 410 1117 452 disputandi
1140 411 1265 441 modum
1282 411 1321 440 ad
1339 421 1376 441 ea
1391 421 1460 452 quae
1476 410 1559 441 dicta
1572 417 1659 444 sunt.

197 472 254 502 So.
279 470 381 506 Quem
398 468 475 499 dicis
489 467 499 497 ?
524 467 612 498 Pno.
629 466 703 503 Quo
720 465 949 496 dubitationum
967 464 1128 506 scrupulos
1141 464 1258 506 injicis,
1274 475 1373 506 eaque
1389 465 1465 508 [20]
1480 465 1659 508 interrogas,

195 535 326 567 quorum
341 522 545 553 sufficientem
569 520 802 562 responsionem
820 519 850 549 in
867 519 1034 560 praesentia
1050 519 1106 550 tibi
1133 519 1259 550 reddere
1281 530 1343 550 non
1361 530 1531 561 possemus.
1556 530 1659 561 neque

196 580 279 610 enim
297 575 517 619 disputationis
532 574 626 616 hujus
637 573 734 605 <finem
763 573 935 604 existimare
959 573 1108 604 debemus
1126 579 1298 604 nostrorum
1322 574 1459 604 emnium
1475 574 1662 615 ambiguita-

197 641 272 665 tem.
296 637 390 672 atque
406 631 430 661 si
445 630 546 660 minus
561 629 593 660 id
610 639 666 660 nos
682 629 830 664 valemus,
848 629 904 658 tibi
920 629 1075 669 agendum
1093 634 1158 659 est:
1187 628 1345 670 pollicitus
1361 628 1442 658 enim
1459 639 1502 659 es.
1527 629 1576 658 Ad
1591 629 1657 660 baec

195 689 303 728 itaque
321 693 353 717 tu
369 685 523 720 consulta.
551 691 652 714 utrum
669 682 838 724 voluptatis
854 687 887 713 et
907 682 1069 723 sapientiae
1093 682 1212 723 species
1235 682 1476 723 distinguendae,
1500 692 1538 713 an
1557 683 1661 724 potius

194 742 391 774 dimittendae
407 753 412 770 :
438 750 476 770 an
493 738 555 769 ario
579 747 737 780 quoquam
762 737 854 767 modo
878 747 973 778 queas
989 747 1024 768 ac
1051 737 1138 772 velis,
1161 747 1232 778 quae
1249 747 1331 767 nunc
1347 737 1428 767 inter
1444 747 1500 766 nos
1515 737 1657 767 dubitata

192 802 278 834 sunt,
294 795 424 837 aperire.
469 793 525 824 So.
552 791 716 833 Nibiljam
733 802 824 833 grave
839 791 975 821 futurum
992 790 1155 822 formidare
1174 802 1220 821 me
1234 791 1337 828 decet,
1354 791 1607 832 quandoquidem
1620 796 1653 821 tu

191 851 238 882 sic
254 851 314 881 ista
330 848 446 879 dixisti.
468 858 505 878 eo
523 856 656 888 namque
673 846 756 887 quod
781 845 813 877 Si
829 845 921 876 velim
946 845 1064 876 dictum
1082 851 1142 885 est,
1166 844 1265 876 omnis
1283 845 1406 886 penitus
1420 845 1552 877 formido
1568 845 1657 887 fuga-

193 910 262 934 tur:
289 902 410 934 accedit
426 901 510 943 quod
526 901 654 931 deorum
677 899 791 941 aliquis
814 901 853 930 ad
876 901 942 931 haee
967 900 1144 931 memoriam
1169 899 1259 931 nobis
1281 899 1417 941 aliquam
1439 900 1658 941 suppeditasse

193 957 331 988 videtur.
376 956 464 987 Pno.
488 955 561 992 Quo
578 959 731 996 pacto,·e't
753 965 883 995 quorum
900 954 1103 985 memoriam?
1149 954 1204 985 So.
1228 954 1308 985 Cum
1324 954 1398 984 olim
1414 954 1477 985 sive
1500 954 1658 984 somnians

191 1012 259 1042 sive
276 1010 406 1052 vigilans
422 1009 571 1051 quasdam
595 1008 729 1039 rationes
752 1008 936 1044 audiverim,
962 1018 1045 1038 nunc
1061 1009 1102 1038 de
1125 1009 1286 1048 voluptate
1309 1013 1340 1038 ‹·t
1363 1008 1515 1049 sapientia
1540 1009 1657 1051 cogito,

191 1066 303 1095 {torum
321 1069 461 1094 neutrum
477 1073 544 1094 esse
557 1063 689 1099 bonum,
706 1063 761 1092 sed
779 1063 901 1092 tertium
919 1062 1050 1103 aliquid,
1065 1063 1149 1103 quod
1165 1062 1250 1092 aliud
1274 1067 1321 1093 est
1335 1072 1426 1104 quam
1444 1069 1611 1104 utrunque,
1628 1069 1661 1093 et

190 1119 345 1149 ambobus
360 1123 408 1147 est
425 1117 544 1147 melius.
560 1116 655 1157 idque
672 1116 695 1146 si
715 1126 799 1146 nunc
816 1115 905 1146 nobis
922 1115 1041 1157 liquido
1059 1121 1176 1156 pateat,
1202 1115 1346 1157 voluptas
1363 1126 1380 1146 a
1396 1116 1525 1146 victoria
1549 1117 1655 1157 procul

190 1172 313 1204 aberitss
333 1172 447 1202 bonum
460 1170 578 1212 quippe.
591 1169 780 1211 idem‚quod
796 1169 860 1206 illa,
877 1180 1073 1211 nequaquam
1090 1170 1159 1200 erit.
1182 1170 1299 1201 Sicne?
1316 1181 1355 1201 an
1370 1170 1480 1201 aliter?
1503 1170 1589 1202 Pno.
1606 1170 1657 1201 Sic

192 1227 317 1267 artique„
363 1225 416 1256 So.
440 1224 610 1265 Speciebus
625 1223 733 1264 itaque
750 1223 920 1265 voluptatis
936 1224 974 1253 ad
993 1224 1176 1255 divisionem
1195 1225 1276 1254 baud
1295 1224 1442 1266 amplius,
1459 1230 1492 1256 ut
1516 1235 1583 1255 mea
1599 1225 1659 1255 sert

192 1281 319 1322 opinio,
350 1278 576 1319 indigebimus:
610 1278 694 1318 quod
722 1277 754 1308 in
785 1277 988 1319 sequentibus
1017 1277 1128 1308 clarius
1165 1278 1351 1308 innotescet.
1395 1277 1482 1309 Pno.
1507 1278 1658 1309 Praeclare

189 1334 327 1376 {oqueris
343 1345 350 1363 z
377 1343 468 1374 perge
494 1332 550 1368 sic,
577 1333 715 1363 obsecro.
761 1332 815 1364 So.
840 1332 980 1363 Paucula
1010 1332 1153 1373 quaedam
1186 1333 1270 1373 prius
1298 1343 1519 1364 asseveremus.
1566 1332 1654 1364 Pno.

189 1387 372 1426 Quaenam?
417 1387 473 1418 So.
498 1386 601 1427 Ipsius
617 1380 689 1416 boni
705 1392 816 1417 sortem
846 1386 992 1417 videlicet
1006 1391 1106 1417 utrum
1132 1397 1258 1417 necesse
1280 1392 1328 1417 est
1351 1386 1520 1428 perfeetum
1538 1386 1652 1428 ipsum,

193 1449 249 1474 aut
266 1453 328 1472 non
345 1441 514 1482 perfectum
529 1440 620 1471 esse?
667 1440 752 1473 Pno.
776 1440 938 1482 Omnium,
962 1452 980 1471 o
1003 1441 1158 1481 Socrates,
1175 1440 1441 1481 perfectissimum.
1487 1440 1542 1471 So.
1567 1440 1652 1476 Quid

191 1507 280 1533 vero,
295 1495 491 1526 sufficiensne
507 1495 621 1525 bonum
637 1495 737 1536 ipsum
761 1496 831 1526 est?
878 1495 965 1525 Pno.
989 1495 1133 1532 Quidni?
1157 1494 1234 1525 etin
1260 1495 1318 1526 hoc
1341 1494 1442 1536 ipsum
1458 1495 1497 1525 ab
1512 1495 1654 1525 omnibus

191 1561 267 1593 quae
282 1554 364 1586 sunt,
381 1549 504 1580 differre
520 1560 645 1580 neccsse
659 1555 718 1589 est,
733 1549 916 1591 cunctisque
933 1556 1088 1591 praestare.
1132 1549 1187 1580 So.
1212 1549 1282 1580 Hoc
1297 1561 1422 1591 quoque
1438 1551 1477 1580 de
1493 1549 1545 1580 illo
1562 1550 1656 1580 maxi-

193 1616 258 1645 me,
276 1610 309 1634 ut
325 1603 464 1641 arbitror,
480 1604 683 1634 necessarium
698 1609 745 1634 est
759 1615 903 1640 asserere,
918 1605 1004 1645 quod
1019 1615 1111 1635 omne.
1133 1615 1326 1645 cognoscens
1349 1604 1380 1635 id
1395 1605 1511 1645 ipsum,
1528 1609 1658 1635 venatur

190 1665 228 1690 et
243 1658 375 1701 appetit,
391 1659 623 1699 apprehendere
638 1658 778 1700 cupiens,
796 1663 889 1700 atque
905 1659 1007 1700 ipsum
1024 1659 1055 1688 in
1071 1669 1102 1689 se
1117 1665 1150 1689 et
1164 1659 1223 1689 alia
1247 1659 1328 1689 circa
1345 1659 1448 1700 ipsum
1473 1658 1630 1699 possidere
1645 1670 1653 1687 :

187 1719 425 1754 ‘ceterorumque
443 1712 518 1742 nibil
532 1718 633 1751 curat,
650 1717 851 1754 praeterquam
868 1724 937 1754 qua:
954 1723 1013 1743 una
1036 1724 1106 1744 cum
1123 1713 1211 1744 bonis
1227 1713 1438 1754 perficiuntur.
1484 1712 1570 1744 Pno.
1594 1712 1654 1743 His

191 1777 366 1809 repugnare
383 1777 445 1798 non
462 1766 544 1797 licet.
579 1767 634 1798 So.
659 1766 900 1798 Consideremus
913 1767 1004 1808 igitur
1016 1766 1289 1808 dijudicemusque
1305 1767 1472 1808 voluptatis
1485 1773 1517 1797 et
1531 1768 1656 1809 sapien-

192 1821 245 1850 tiae
261 1820 368 1858 vitam,
383 1830 517 1850 seotsum
534 1819 746 1861 inspicientes.
790 1820 877 1852 Pno.
903 1821 976 1856 Quo
1000 1826 1090 1861 pacto
1115 1820 1240 1862 inquis?
1287 1820 1343 1853 So.
1368 1820 1481 1862 Neque
1497 1821 1528 1851 in
1545 1822 1654 1862 volup-

191 1876 264 1906 tatis
281 1875 342 1905 vita
356 1873 510 1915 sapientia
525 1874 607 1910 insit,
623 1884 724 1915 neque
741 1874 770 1904 in
787 1874 948 1916 sapientiae
964 1874 1027 1906 vita
1051 1875 1205 1916 voluptas.
1230 1881 1353 1916 oportet
1368 1876 1465 1915 enim,
1481 1875 1506 1906 si
1521 1875 1651 1917 quidem

190 1930 318 1960 istorum
335 1928 462 1959 alterum
483 1929 596 1958 bonum
611 1934 668 1965 est,
687 1928 801 1958 nullius
817 1928 949 1969 amplius
968 1928 1117 1969 indigere.
1135 1928 1210 1970 [21]
1227 1929 1250 1959 si
1268 1940 1338 1960 vero
1353 1928 1495 1970 indigum
1511 1935 1654 1970 apparet,

193 1984 279 2014 haud
296 1982 422 2013 ulterius
437 1992 540 2012 revera
557 1982 645 2012 nobis
660 1987 707 2013 est
723 1983 851 2014 bonum.
895 1982 982 2013 Pno.
1006 1982 1079 2013 Non
1096 1988 1190 2014 certe.
1236 1983 1293 2015 So,
1317 1982 1402 2014 Num
1419 1983 1560 2014 volumus
1574 1983 1607 2014 in
1625 1990 1655 2014 te

191 2038 260 2079 ipso
278 2037 447 2075 periculum
462 2037 586 2067 facere?
626 2037 711 2069 Pno.
735 2037 874 2068 Prorsus.
910 2037 967 2069 So,
991 2036 1165 2078 Responde
1180 2037 1284 2078 igitur.
1331 2038 1418 2071 Pno.
1443 2038 1518 2076 Dic,
1533 2039 1656 2070 amabo.

193 2092 250 2123 So.
274 2091 459 2132 Optaresnc,
487 2101 505 2121 o
532 2090 712 2127 Protarcbe,
739 2091 862 2132 plenam
888 2092 1014 2122 summis
1041 2091 1254 2133 voluptatibus
1277 2102 1399 2122 omnem
1422 2092 1516 2123 vitam
1540 2094 1656 2134 agere?

195 2145 283 2177 Pno.
307 2144 428 2181 Quidni
444 2149 548 2185 optem
562 2145 572 2174 ?
598 2144 653 2176 So.
669 2144 822 2187 Nunquid
839 2146 900 2176 alio
916 2146 1063 2187 quopiam
1079 2146 1220 2187 indigere
1237 2151 1266 2177 te
1284 2146 1360 2176 ultra
1378 2152 1512 2187 putares,
1527 2148 1653 2187 quando

193 2199 334 2241 perfecta
356 2199 462 2228 barum
490 2198 684 2239 possessione
707 2199 870 2230 fruereris?
916 2200 1003 2232 Pno.
1029 2199 1248 2242 Nequaquam.
1293 2200 1349 2231 So.
1373 2200 1510 2231 Adi-erte
1534 2201 1655 2242 itaque,

195 2264 267 2283 num
284 2252 351 2293 ipsa
367 2252 520 2294 sapientia
543 2252 697 2294 indigeres
721 2259 753 2284 et
775 2254 980 2296 intelligentia
1005 2259 1035 2285 et
1060 2254 1259 2285 convenienti
1284 2255 1519 2286 ratiocinatione
1542 2262 1574 2286 et
1588 2256 1657 2287 aliis

192 2317 390 2348 qua‘cunque
415 2307 522 2337 horum
549 2313 703 2348 cognata:
730 2318 768 2338 an
795 2319 856 2338 non
885 2309 925 2339 rei
956 2308 1088 2349 alicujus
1110 2309 1201 2340 visu?
1248 2309 1330 2340 Pno.
1356 2309 1396 2339 Et
1425 2310 1526 2350 quid?
1549 2310 1653 2341 omnia

195 2372 284 2402 porro
300 2361 455 2395 haberem,
472 2360 495 2390 si
513 2361 672 2402 voluptate
689 2362 812 2394 fruerer.
849 2363 905 2393 So.
930 2363 970 2394 Et
985 2363 1029 2394 ita
1044 2363 1162 2400 vivens,
1180 2373 1364 2404 peromnem
1380 2363 1474 2394 vitam
1491 2364 1655 2405 praecipuis

194 2414 405 2455 voluptatibus
423 2415 619 2445 abundares?
666 2415 753 2447 l'no.
780 2417 936 2449 Profecto.
984 2417 1040 2450 So.
1063 2417 1097 2448 Si
1123 2423 1236 2454 mente,
1253 2419 1409 2455 memoria,
1425 2418 1566 2455 scientia,
1583 2418 1653 2460 opi-

191 2469 285 2498 nione
304 2479 372 2498 vera
387 2468 511 2509 penitus
528 2478 644 2507 carew,
662 2469 757 2509 primo
773 2470 899 2511 quidpm
918 2471 975 2502 boc
992 2472 1106 2513 ipsum,
1131 2472 1307 2512 gaudeasne
1324 2483 1362 2502 an
1379 2483 1441 2503 non
1456 2474 1606 2514 gaudeas,
1621 2479 1654 2505 te

190 2522 332 2563 ignorare¹
349 2532 475 2552 neeesse
490 2528 547 2559 est,
562 2533 630 2553 cum
649 2522 688 2553 sis
703 2524 787 2553 omni
803 2525 957 2566 sapientia
972 2537 1099 2557 vacuus.
1146 2526 1229 2557 Pno-
1255 2526 1403 2558 Necesse.
1448 2527 1504 2558 So.
1529 2527 1651 2558 Etcum

191 2575 338 2606 memoria
354 2575 395 2606 sis
421 2575 568 2615 privatus,
584 2577 666 2607 baud
695 2588 768 2608 sane
792 2584 822 2609 te
847 2579 1016 2620 aliquando
1040 2580 1228 2611 delectatum
1247 2580 1340 2611 fuisse
1356 2581 1576 2618 recordaberis,
1594 2592 1651 2614 nee

191 2629 256 2662 ulla
271 2629 442 2670 voluptatis
466 2635 594 2670 repente
610 2631 777 2663 incidentis
804 2634 930 2664 restabit
954 2634 1120 2665 memoria:
1146 2640 1177 2665 et
1203 2635 1353 2676 opinione
1368 2645 1437 2667 vcra
1451 2635 1554 2671 orbus,
1577 2635 1651 2666 dum

191 2683 355 2720 lactaberis,
385 2683 478 2713 lactari
496 2690 525 2713 te
541 2683 665 2715 minime
689 2686 869 2726 opinabere.
894 2688 1012 2719 ratione
1038 2699 1164 2730 quoque
1189 2695 1313 2730 captus,
1339 2689 1422 2730 quod
1449 2689 1478 2718 in
1495 2694 1652 2730 posterum

191 2737 383 2778 voluptatem
399 2737 533 2778 aliquam
550 2738 720 2780 adepturus
735 2740 786 2775 sis.
804 2741 977 2772 ratiocinari
994 2753 1055 2773 non
1073 2743 1198 2783 poteris.
1222 2743 1319 2774 duces
1329 2748 1392 2773 aut(
1401 2753 1431 2772 m
1445 2753 1505 2774 non
1521 2743 1653 2775 bominis

190 2792 297 2829 vitam,
313 2791 367 2822 sed
386 2791 560 2833 ple-unionis
584 2792 760 2833 cujusdam,
789 2795 817 2825 id
835 2801 892 2831 est,
909 2796 1049 2837 spongia}
1076 2797 1210 2833 marinae,
1238 2802 1291 2827 aut
1319 2803 1427 2827 ostrea:
1455 2797 1652 2837 persimilem.

187 2846 310 2877 Suntne
325 2844 418 2875 vcra?
442 2855 479 2875 an
496 2845 584 2876 aliter
600 2852 708 2887 pra-ter
726 2847 782 2877 ista
806 2849 918 2879 sentire
936 2850 1126 2890 possumus?
1174 2850 1258 2881 Pno.
1285 2850 1322 2880 Et
1347 2861 1408 2891 quo
1426 2857 1518 2891 pacto
1543 2851 1655 2886 aliter?

188 2902 246 2933 So.
272 2898 320 2930 Λυ
337 2899 400 2930 vita
415 2899 502 2930 nobis
518 2899 696 2942 hujusmodi
719 2903 920 2942 expetenda?
967 2903 1056 2937 Pno.
1079 2904 1206 2935 Mutum
1231 2915 1292 2941 mc,
1307 2916 1326 2935 o
1342 2906 1497 2942 Socrates,
1522 2915 1656 2946 praesen:
