1840 3225
133 170 228 220 776]
610 171 680 208 DE
714 169 941 208 LEGIBUS
973 169 1070 208 Llss.
1094 170 1162 208 Vl.
1517 167 1594 205 359

136 272 220 305 dum.
235 274 287 315 qui
301 275 326 305 si
338 274 541 316 neglexerim,
557 274 596 306 de
612 284 668 305 suo
678 274 868 316 persolvant.
878 273 950 315 tidej
957 275 1039 306 ossio
1051 281 1155 305 autem
1165 274 1300 316 primum
1312 272 1410 314 patris
1421 270 1594 301 firmissima

134 326 177 359 sit
191 339 199 360 :
225 330 273 359 avi
288 329 404 360 deinde
423 342 428 359 :
454 330 546 360 tertia
559 329 689 359 fratrum
704 329 816 359 eodem
832 339 867 358 ex
884 333 971 369 patre
985 335 1140 359 natorum.
1164 328 1191 358 si
1217 328 1319 358 nullus
1333 327 1461 357 istorum
1486 334 1595 364 super-

135 388 199 413 stes
214 384 265 419 sit,
283 389 356 415 tunc
371 394 410 414 ex
425 389 512 425 parte
528 384 635 414 matris
651 383 794 413 similiter
805 382 966 423 fidejussio
984 383 1095 413 valeat.
1111 384 1158 412 sin
1174 388 1279 413 autem
1293 381 1420 411 insolita
1432 377 1598 419 contigerit

135 436 300 475 desolatio,
314 438 549 479 propinquiores
561 437 666 478 agnati
680 443 774 477 atque
787 436 922 477 gentiles
939 447 1000 466 una
1016 447 1088 467 cum
1102 437 1255 467 tutoribus
1270 434 1473 476 fidejubeant.
1497 432 1595 474 [775]

135 492 161 521 si
185 502 247 533 qua
267 503 340 523 vero
362 502 450 523 saera
470 491 604 522 initiatio
627 497 680 521 aut
702 491 808 521 divina
835 490 897 521 alia
925 491 1061 531 expiatio
1087 491 1126 520 ad
1141 481 1259 520 'futura
1287 490 1336 519 vel
1364 488 1521 529 praeterita
1547 486 1597 516 vel

138 547 305 586 praesentia
318 547 349 576 in
364 546 481 587 nuptiis
496 545 620 586 agenda
635 546 787 582 videatur,
804 544 979 575 divinorum
995 545 1181 586 interpretes
1196 543 1360 574 consulant
1377 554 1383 571 ε
1411 547 1597 583 putentque,

135 600 162 630 si
185 600 247 631 illis
268 601 436 641 paruerint,
458 599 619 630 moderate
644 600 768 640 singula
790 599 961 640 peregisse.
1005 598 1059 628 Ad
1082 598 1222 639 nuptiale
1246 607 1319 627 vero
1342 596 1519 627 convivium
1532 604 1598 625 non

139 655 244 695 plures
259 665 352 695 quam
367 654 503 695 quinque
519 654 610 684 amici
624 660 655 684 et
670 654 779 684 amicae
792 654 930 694 quinque
945 663 981 683 ex
995 654 1091 683 latere
1106 656 1405 693 paternovocentur:
1430 661 1467 680 es
1481 659 1597 690 cogna-

133 707 174 738 tis
189 713 221 738 et
236 708 419 749 propinquis
431 707 575 738 totidem.
598 708 741 749 impensa
752 707 920 739 secundum
932 707 1056 738 divitias
1070 707 1135 737 fiat.
1157 706 1329 736 ditissimus
1351 705 1470 736 minam
1479 714 1600 744 expen-

135 761 208 792 dat:
239 762 318 792 alius
331 762 523 792 semiminam
539 774 545 791 :
572 762 785 804 deincepsque
816 761 1018 803 proportione
1049 769 1181 796 servata,
1215 771 1277 802 quo
1300 759 1454 791 decrescit
1475 767 1599 792 censuS,

134 817 311 847 descrescat
324 816 467 847 similiter
481 821 515 847 et
528 817 682 858 impensa.
704 818 757 858 qui
774 817 838 858 legi
849 821 949 858 paret,
966 815 1108 847 laudetur
1124 815 1162 846 ab
1176 815 1319 846 omnibus
1333 826 1339 844 :
1364 813 1422 844 sed
1446 823 1528 848 eum,
1546 812 1601 854 qui

134 879 198 900 non
222 870 428 912 obtemperat,
456 870 607 902 damnent
631 872 778 902 custodes
804 872 920 912 legum,
946 876 1097 912 tanquam
1124 880 1142 900 a
1171 870 1285 900 decoro
1307 869 1445 899 alienum
1457 867 1600 908 legisque

135 925 327 965 sponsalium
338 925 499 956 Musarum
516 936 641 966 prorsus
656 925 811 967 ignarum.
834 925 941 956 bibere
958 935 1030 955 vero
1045 925 1084 955 ad
1100 924 1283 955 ebrietatem
1299 933 1396 964 usque
1409 931 1513 963 neque
1525 920 1601 951 alibi

135 989 274 1020 unquam
295 980 398 1015 decet,
421 985 630 1021 praeterquam
654 980 687 1010 in
711 979 965 1011 solemnitatibus
987 979 1053 1021 ejus
1082 978 1157 1020 Dei,
1182 980 1235 1020 qui
1262 977 1391 1018 largitus
1407 981 1455 1008 est
1467 976 1597 1006 vinum:

137 1043 196 1064 nec
213 1039 315 1064 tutum
329 1041 387 1065 est.
412 1034 545 1064 maxime
561 1044 635 1065 vero
650 1035 807 1065 connubio
821 1033 996 1075 conjuncti,
1013 1044 1143 1075 sponsus
1159 1039 1191 1063 et
1205 1042 1329 1074 sponsa,
1345 1037 1420 1062 tunc
1432 1040 1600 1071 menquam

137 1087 402 1128 quietissimorum
425 1094 591 1130 parentum
615 1088 709 1119 filiam
733 1088 828 1119 ducat
843 1100 849 1118 :
875 1094 907 1119 et
921 1089 972 1129 qui
986 1093 1096 1119 contra
1110 1088 1314 1122 natationern,
1327 1085 1496 1128 praesertim
1513 1089 1547 1115 ut
1563 1094 1602 1114 ex

137 1152 230 1183 quam
257 1143 388 1174 maxime
404 1143 572 1174 moderatis
587 1153 710 1184 semper
727 1142 888 1184 generatio
905 1143 971 1174 fiat.
993 1143 1090 1173 ferme
1107 1143 1191 1173 enim
1206 1142 1361 1172 incertum
1376 1146 1434 1177 est,
1451 1149 1521 1181 quae
1537 1148 1602 1170 nox

135 1203 190 1227 aut
203 1197 272 1228 dies
283 1208 354 1228 cum
370 1197 442 1228 Deo
458 1197 557 1239 ipsam
569 1204 711 1238 peragat.
733 1207 828 1239 quare
842 1202 877 1228 ut
888 1196 1018 1233 solidus,
1035 1196 1156 1227 stabilis
1168 1202 1199 1227 et
1213 1197 1336 1238 quietus
1352 1200 1524 1236 conceptus
1536 1194 1601 1231 fiat,

135 1261 200 1282 non
216 1257 340 1292 oportet
352 1251 534 1292 corporibus
548 1251 701 1282 ebrietate
717 1251 838 1282 diffusis
853 1252 928 1282 dare
946 1261 1073 1293 operam
1088 1251 1205 1281 liberis.
1229 1250 1284 1292 qui
1297 1255 1402 1280 autem
1416 1250 1490 1280 vino
1505 1248 1600 1279 refer-

136 1311 186 1336 tus
201 1311 260 1342 est,
274 1311 338 1337 tam
353 1308 464 1336 anirnae
480 1316 575 1347 quam
585 1305 723 1347 corporis
732 1306 819 1336 rabie
835 1306 1011 1336 concitatus
1024 1305 1134 1346 quovis
1148 1310 1182 1335 et
1193 1305 1288 1335 trahit
1300 1309 1332 1335 et
1345 1304 1488 1334 trahitur.
1510 1302 1603 1334 iccir-

135 1369 173 1390 co
198 1359 312 1396 ebrius,
334 1365 484 1401 tanquam
506 1365 614 1390 mente
639 1366 760 1401 captus,
777 1359 818 1391 ad
831 1361 996 1391 serendum
1014 1364 1061 1390 est
1076 1359 1208 1390 inutilis.
1230 1368 1343 1400 nempe
1359 1357 1526 1388 verisimile
1543 1361 1602 1393 est,

135 1423 207 1444 eum
232 1413 324 1445 foetus
345 1414 528 1455 inaequales,
552 1414 725 1450 instabiles,
754 1414 896 1456 obliquos
913 1420 978 1445 tam
992 1414 1141 1445 membris
1157 1424 1248 1454 quam
1267 1412 1414 1452 moribus,
1428 1421 1604 1453 procreare.

135 1469 338 1510 quamobrem
352 1479 408 1510 per
422 1474 521 1499 totam
537 1468 663 1510 quidem
675 1469 784 1506 vitam,
809 1474 841 1500 et
862 1469 995 1499 maxime
1012 1468 1162 1510 quamdiu
1178 1467 1373 1509 generationi
1390 1474 1491 1501 vacat,
1505 1464 1602 1496 absti-

134 1522 223 1553 nebit
247 1523 390 1564 quisque,
415 1523 603 1564 cavebitque
624 1533 666 1554 ne
691 1523 797 1560 faeiat,
824 1523 871 1554 vel
899 1534 970 1564 quae
989 1529 1100 1564 suapte
1115 1527 1228 1553 natura
1239 1527 1272 1553 et
1286 1527 1399 1563 sponte
1414 1520 1539 1551 morbos
1553 1520 1602 1550 in-

135 1577 266 1613 ducunt,
295 1577 345 1607 vel
373 1588 442 1618 quae
474 1577 514 1608 ad
542 1577 748 1618 petulantiam
771 1578 979 1620 injuriamque
1003 1577 1175 1609 declinant.
1199 1578 1266 1607 haec
1288 1576 1370 1606 enirn
1391 1576 1424 1606 in
1439 1575 1558 1606 animos
1571 1583 1605 1609 et

136 1641 265 1673 corpora
277 1631 475 1663 nascentium
489 1633 668 1663 necessario
684 1632 832 1663 translata
847 1633 913 1663 illic
929 1633 1162 1674 implimuntur,
1178 1631 1364 1673 pejoresque
1380 1629 1455 1660 inde
1469 1639 1605 1659 nascun-

136 1691 197 1716 tur.
219 1685 277 1716 sed
295 1686 455 1727 praecipue
479 1685 531 1716 die
554 1686 609 1716 illo
636 1695 673 1716 ac
696 1692 788 1717 nocte
804 1696 822 1716 a
835 1685 945 1716 talibus
962 1684 1192 1717 abstinendum.
1216 1683 1404 1725 principium
1420 1693 1555 1724 namque
1572 1687 1606 1713 et

135 1750 251 1770 numen
271 1740 454 1771 vhominibus
480 1741 620 1777 insitum,
647 1740 674 1771 si
697 1741 898 1772 convenienti
924 1741 982 1771 sibi
1012 1751 1031 1771 a
1045 1740 1176 1781 singulis
1192 1749 1317 1769 munere
1331 1738 1430 1779 ipsius
1445 1737 1604 1768 utentibus

137 1795 255 1825 honore
279 1795 441 1830 afficiatur,
470 1795 576 1826 omnia
601 1801 714 1826 servat.
760 1795 896 1836 Oportet
905 1801 1008 1826 autem
1024 1796 1152 1825 alteram
1166 1804 1203 1824 ex
1221 1793 1340 1823 duabus
1355 1798 1435 1822 sorte
1449 1791 1606 1828 domibus,

137 1848 235 1890 [776]
259 1858 278 1880 a
304 1849 485 1890 parentibus
515 1855 702 1890 separatum,
721 1849 809 1890 quasi
826 1849 867 1880 ad
882 1850 1039 1891 pullorum
1055 1848 1290 1890 generationem
1308 1846 1605 1887 educationemque,

138 1913 285 1943 sponsum
308 1903 461 1944 accipere,
485 1908 578 1943 atque
606 1903 651 1933 ibi
665 1903 791 1943 nuptias
805 1903 974 1939 celebrare,
992 1903 1042 1933 ubi
1059 1903 1100 1933 sit
1115 1912 1187 1933 cum
1201 1901 1307 1932 liberis
1323 1901 1386 1931 suis
1401 1900 1606 1930 habitaturus.

140 1967 215 1987 nam
236 1957 262 1988 si
285 1956 444 1998 quoddam
465 1957 499 1987 in
521 1957 667 1987 amicitiis
681 1956 872 1987 desiderium
883 1957 976 1993 inest,
991 1967 1095 1987 mores
1109 1966 1218 1987 omnes
1230 1955 1317 1997 quasi
1332 1955 1452 1996 glutino
1467 1955 1604 1995 quodam

140 2012 301 2042 connectit
315 2017 348 2042 et
362 2011 460 2042 vincit
474 2023 480 2040 :
507 2012 701 2042 consuetudo
716 2016 819 2042 autem
836 2017 951 2046 satura,
966 2021 1023 2042 nec
1035 2011 1130 2042 ullum
1144 2010 1263 2041 habens
1274 2020 1330 2050 per
1341 2008 1604 2040 intermissionem

139 2065 288 2107 temporis
311 2065 510 2101 desiderium,
535 2066 669 2096 alterum
692 2066 730 2096 ab
753 2065 849 2096 altero
865 2066 1009 2096 satietate
1025 2065 1187 2107 disjungit.
1203 2069 1405 2106 quapropter,
1420 2062 1604 2105 parentibus

141 2119 280 2161 utrisque
305 2119 511 2161 affinibusque
529 2120 655 2157 relictis,
669 2130 809 2151 seorsum
823 2120 911 2162 quasi
927 2119 969 2150 ad
984 2119 1142 2151 coloniam
1155 2119 1402 2161 proficiscantur,
1417 2129 1454 2148 ac
1468 2116 1608 2148 vicissim

140 2183 174 2205 se
198 2174 281 2216 ipsos
302 2175 509 2215 respicientes
531 2174 684 2211 habitent,
707 2175 822 2206 liberos
845 2174 1025 2216 generando
1038 2178 1071 2205 εἰ
1085 2172 1251 2205 educando
1263 2184 1272 2211 ;
1295 2177 1329 2203 et
1342 2171 1452 2207 vitam,
1465 2182 1556 2213 quam
1568 2170 1607 2201 ab

138 2228 210 2259 aliis
234 2235 432 2270 acceperunt,
461 2239 480 2259 a
507 2240 540 2260 se
564 2230 654 2270 quasi
677 2231 775 2260 taedas
797 2229 944 2261 ardentes
957 2230 1025 2260 aliis
1039 2230 1177 2264 tradant,
1193 2227 1282 2258 Deos
1297 2236 1420 2267 semper
1435 2225 1608 2257 secundum

139 2281 227 2322 leges
240 2282 391 2313 colentes.
414 2288 488 2323 post
502 2283 569 2313 baec
584 2283 845 2314 considerandum
860 2289 918 2319 est,
934 2294 1064 2325 quarum
1074 2293 1175 2313 rerum
1190 2282 1326 2312 maxime
1343 2281 1474 2311 honesta
1486 2289 1609 2322 posses-

143 2335 191 2366 sio
207 2335 257 2366 sit.
280 2335 314 2366 in
343 2336 484 2376 plurimis
497 2337 622 2378 quidem
638 2348 694 2369 seu
707 2338 933 2380 cognoscendis
949 2339 1013 2369 sive
1029 2335 1249 2378 comparandis
1262 2341 1295 2366 et
1309 2334 1510 2377 possidendis
1523 2333 1611 2364 nulla

142 2395 191 2419 est
214 2389 391 2420 difficultas.
414 2391 448 2421 in
472 2391 570 2422 servis
585 2398 690 2423 autem
703 2393 786 2424 istud
810 2393 937 2424 omnino
953 2392 1091 2423 difficile.
1117 2401 1211 2422 causa
1224 2401 1298 2421 vero
1311 2395 1370 2426 est,
1385 2389 1460 2430 quia
1476 2395 1507 2419 et
1522 2393 1608 2419 recte

142 2442 375 2484 quodammodo
391 2450 424 2474 et
439 2455 502 2475 non
517 2451 601 2477 recte
617 2457 720 2478 rursus
733 2448 773 2478 de
787 2447 863 2489 ipsis
886 2447 1050 2489 loquimur.
1073 2456 1146 2477 nam
1172 2451 1204 2476 et
1220 2450 1329 2475 contra
1343 2454 1433 2474 usum
1448 2449 1480 2474 et
1495 2444 1608 2474 iterum

141 2497 310 2528 secundum
327 2509 416 2528 usum
432 2498 471 2529 de
487 2499 586 2530 servis
603 2501 696 2531 verba
708 2501 864 2533 dicuntur.
902 2502 998 2533 Μεο.
1018 2502 1090 2539 Quo
1106 2505 1198 2542 pacto
1213 2499 1246 2529 id
1262 2498 1394 2529 dicimus
1408 2498 1419 2527 ?
1444 2508 1506 2529 non
1523 2497 1608 2530 enim

138 2551 358 2593 intelligimus,
384 2554 510 2594 hospes,
537 2555 610 2595 quid
640 2556 734 2586 inodo
760 2556 866 2589 dicere
894 2557 985 2587 velis.
1030 2555 1170 2586 Arnen.
1195 2553 1268 2584 Non
1285 2551 1412 2594 injuria,
1428 2562 1446 2582 o
1462 2552 1609 2593 Megille.

140 2605 238 2637 ferme
254 2606 337 2637 enim
353 2607 408 2637 illa
422 2607 734 2640 Lacedaemoniorum
748 2611 890 2647 servitus,
904 2621 996 2652 quam
1009 2610 1130 2640 ilotiam
1145 2608 1272 2644 vocatis,
1288 2617 1351 2648 prae
1365 2606 1476 2637 ceteris
1488 2605 1608 2637 Graecis

143 2660 308 2690 maximam
330 2660 556 2692 dubitationem
585 2667 617 2693 et
632 2665 863 2696 contentionem
879 2665 966 2701 facit,
982 2675 1050 2696 cum
1069 2664 1139 2694 aliis
1153 2663 1246 2699 bene,
1259 2662 1327 2693 aliis
1343 2666 1451 2692 contra
1463 2661 1608 2692 instituta

141 2713 296 2745 videatur.
341 2715 581 2746 Heraclidarum
606 2727 679 2747 vero
703 2717 866 2754 minorem,
880 2729 971 2760 quam
989 2717 1290 2758 mariandynorum:
1316 2720 1472 2756 postremo
1487 2714 1608 2744 servilis

143 2766 228 2807 apud
241 2767 408 2800 Thessalos
425 2770 523 2801 turba.
547 2771 614 2801 haec
632 2771 739 2812 utique
756 2777 789 2802 et
806 2772 981 2814 hujusmodi
998 2771 1103 2802 omnia
1115 2768 1354 2811 respicientibus
1365 2768 1438 2810 quid
1453 2767 1491 2798 de
1503 2777 1606 2798 servo-

145 2831 213 2850 rum
226 2823 419 2862 possessione
436 2825 590 2865 agendum
604 2826 675 2855 est?
694 2826 752 2856 hoc
768 2831 850 2857 certe
869 2827 942 2856 milii
956 2837 1037 2856 nunc
1052 2824 1180 2860 excidit,
1196 2829 1228 2854 et
1239 2829 1270 2854 tu
1288 2824 1399 2853 merito
1415 2831 1462 2852 me
1479 2822 1606 2852 iuterro-

144 2874 232 2916 gasti,
250 2875 326 2916 quid
341 2876 490 2910 dicerem.
512 2879 571 2910 hoc
587 2884 693 2910 autem
708 2880 885 2922 hujusmodi
901 2885 947 2911 est
963 2891 969 2909 z
1017 2880 1141 2912 Scimus
1168 2878 1320 2922 profecto,
1342 2877 1426 2918 quod
1444 2876 1607 2906 fateremur

916 2940 934 2967 ka
