1840 3225
203 228 298 277 354]
750 226 1011 264 Epi-STOLA
1045 227 1153 265 Vlll.
1586 227 1664 264 495

202 329 388 360 enarrandis
405 330 509 360 idonei
535 330 666 360 aliorum
681 329 820 370 magistri
844 329 961 369 ubique
978 339 1045 359 esse
1059 329 1194 370 potestis
1211 340 1217 358 :
1241 330 1272 360 in
1298 330 1346 359 his
1361 338 1435 370 ergo
1450 328 1665 370 percipiendis

201 384 290 414 nulla
298 384 396 414 ferme
407 390 455 415 cst
466 383 642 416 difficultas.
654 393 724 424 quae
737 392 807 413 vero
817 388 872 413 aut
884 383 1017 418 cunctis,
1032 388 1096 413 tam
1108 383 1244 414 inimicis
1255 393 1350 424 quam
1359 383 1479 418 amicis,
1492 382 1583 413 utilia
1591 382 1666 417 sint,

201 443 258 468 aut
271 439 381 469 saltem
405 449 474 479 quae
489 439 538 469 his
553 448 646 478 quam
662 437 827 468 minimum
841 437 958 472 obsint,
975 437 1041 467 haec
1057 441 1143 468 certe
1160 437 1228 477 ipsa
1242 447 1301 466 nce
1317 437 1408 467 facile
1424 444 1474 467 est
1488 436 1665 477 perspicere

201 501 318 532 neque,
334 498 500 533 postquam
517 491 728 532 perspexeris,
744 490 784 521 ad
800 496 904 522 votum
921 491 1083 532 perficere.
1106 491 1173 521 haec
1188 491 1285 531 igitur
1298 490 1487 520 consultatio
1509 497 1603 531 atque
1615 489 1664 519 in-

200 544 329 585 quisitio
338 550 412 576 voto
427 545 594 586 persimilis
609 555 679 575 esse
693 545 827 576 videtur.
848 544 983 586 ideoque
999 546 1041 575 sit
1054 544 1144 575 nobis
1158 544 1229 584 ipsa
1243 544 1371 574 omnino
1391 550 1540 584 tanquam
1557 549 1662 574 votum

201 603 236 628 et
249 598 431 639 deprecatio
446 598 603 640 quaedam.
626 599 769 630 omnibus
782 599 866 629 enim
880 599 912 628 in
927 599 1021 629 rebus
1035 604 1067 629 et
1080 598 1222 629 dicendis
1237 603 1271 629 et
1285 598 1464 639 cogitandis
1476 598 1666 638 principium

200 661 324 692 semper
347 662 366 682 a
394 652 468 683 Diis
490 657 539 683 est
566 653 757 684 faciendum.
783 652 880 694 [353]
905 658 1011 682 votum
1041 653 1147 694 utique
1177 652 1331 694 ejusmodi
1356 652 1537 682 absolutum
1565 650 1663 681 talem

198 705 292 736 nobis
306 704 498 745 significabit
511 706 679 742 rationem,
693 717 764 747 quae
780 706 868 737 vobis
883 707 988 742 simul,
1015 706 1214 746 inimicisque
1242 706 1410 737 conducat.
1434 705 1601 746 principio,
1624 715 1662 734 ex

198 769 262 799 quo
283 764 426 800 tempore
449 759 567 790 bellum
585 761 618 791 in
642 760 750 791 Sicilia
766 765 890 802 gestum
915 766 976 796 est,
1007 760 1128 790 familia
1157 771 1218 790 una
1234 760 1381 791 continue
1413 759 1573 790 dominata
1604 764 1666 798 est,

197 821 293 853 quam
305 812 441 853 publicis
455 814 547 845 rebus
560 814 769 855 praefecerunt
784 815 880 845 vestri
904 815 1050 856 majoreS,
1066 815 1099 844 in
1111 824 1235 845 summo
1249 820 1325 845 tunc
1339 815 1478 855 periculo
1491 813 1664 850 constituti,

199 876 274 896 cum
288 876 307 897 a
322 867 626 909 Carthaginensibus
638 874 864 909 premerentur,
877 868 1077 909 venissetque
1092 879 1141 899 res
1156 869 1190 899 in
1215 875 1392 899 extremum
1415 868 1595 903 discrimen,
1623 877 1664 897 ne

197 920 317 957 Sicilia.
341 932 412 962 quae
427 922 628 953 excolebatur
643 934 660 953 a
673 923 805 957 Graecis,
815 923 882 965 jam
897 934 916 954 a
936 923 1075 953 barbaris
1096 923 1342 953 confunderetur
1363 928 1459 963 atque
1482 923 1664 952 devastare-

200 978 259 1004 tur.
278 979 353 1005 tunc
369 975 466 1015 igitur
483 976 673 1018 Dionysium
686 977 816 1018 quidem
830 978 1004 1017 elegerunt,
1017 983 1049 1007 ut
1059 977 1214 1018 juvenem
1224 977 1310 1007 bello
1322 983 1493 1013 strenuum,
1506 976 1560 1017 qui
1574 975 1666 1006 rebus

198 1027 324 1059 bellicis
339 1030 603 1061 convenientibus
620 1031 679 1061 sibi
693 1037 844 1071 praeesset
861 1043 867 1060 :
894 1031 1105 1071 Hipparinum
1121 1042 1204 1066 vero,
1220 1037 1331 1072 utpote
1347 1032 1518 1070 seniorem,
1532 1030 1666 1060 consilio

197 1092 247 1114 res
269 1084 422 1114 moderari
448 1085 616 1115 voluerunt
631 1096 637 1113 :
662 1090 756 1124 atque
773 1095 828 1125 pro
854 1085 952 1115 totius
979 1085 1096 1115 Siciliae
1121 1086 1224 1115 salute
1249 1081 1424 1116 absolutam
1453 1085 1501 1114 his
1531 1083 1666 1114 auctori-

196 1140 292 1168 tatem
309 1138 520 1169 concedentes
533 1139 707 1180 Tyrannus,
724 1144 760 1169 ut
775 1139 883 1175 fertur,
899 1139 1152 1179 appellaverunt.
1175 1139 1309 1179 proinde
1323 1140 1387 1169 sive
1409 1139 1480 1180 quis
1505 1138 1663 1169 fortunam

197 1190 354 1230 quandam
379 1191 521 1223 divinam
536 1192 718 1233 Deumque,
739 1193 804 1223 sive
819 1202 939 1227 eorum,
955 1193 1070 1233 quibus
1085 1191 1252 1223 commissa
1266 1203 1318 1223 res
1332 1199 1392 1229 est,
1411 1193 1572 1228 virtutem,
1596 1193 1663 1222 sive

197 1251 365 1285 utrumque
381 1255 444 1276 una
458 1256 527 1276 cum
545 1246 695 1287 temporis
708 1245 795 1276 illius
811 1246 943 1281 civibus,
960 1246 1070 1276 salutis
1081 1246 1165 1276 illius
1184 1257 1313 1277 causam
1337 1247 1496 1278 exstitisse
1522 1251 1663 1281 censeat,

196 1303 267 1328 esto
290 1298 322 1328 id
344 1299 485 1339 quidem,
512 1306 546 1331 ut
570 1301 705 1342 quisque
731 1300 902 1331 existimat.
924 1301 1010 1330 salus
1026 1307 1111 1331 certe
1129 1302 1187 1331 hoc
1203 1307 1296 1342 pacto
1311 1307 1387 1332 tune
1402 1302 1467 1332 illis
1490 1307 1582 1343 parta
1603 1308 1663 1331 est.

196 1353 411 1392 quamobrem,
429 1365 498 1385 cum
515 1355 558 1384 ita
582 1365 615 1385 se
638 1355 687 1385 illi
706 1355 888 1395 gessissent,
907 1354 1025 1396 justum
1049 1360 1116 1386 erat
1141 1356 1272 1396 gratiam
1294 1356 1333 1386 ab
1361 1355 1436 1391 illis,
1467 1356 1519 1396 qui
1549 1354 1665 1385 servati

196 1411 296 1443 erant,
319 1407 438 1438 referri.
461 1409 577 1450 siquid
592 1404 696 1439 autem
712 1414 822 1450 postea
837 1409 913 1439 mali
937 1411 1084 1451 tyrannis
1102 1410 1179 1450 ipsa,
1205 1420 1333 1440 munere
1359 1410 1493 1440 civitatis
1517 1409 1662 1444 abutens,

194 1461 343 1501 patravit,
361 1462 455 1493 habet
468 1464 598 1504 quidem
613 1463 739 1494 sceleris
754 1464 802 1494 sui
814 1462 950 1504 judiceS,
967 1464 1051 1494 unde
1067 1469 1100 1494 et
1115 1474 1223 1505 poenas
1244 1465 1412 1505 persolvat.
1434 1463 1491 1494 sed
1517 1472 1661 1504 quaenam

194 1516 259 1547 illis
274 1527 374 1557 poenae
391 1517 430 1547 ol)
446 1528 496 1555 ea,
511 1528 579 1558 quae
597 1524 668 1548 acta
678 1522 762 1554 sunt,
785 1518 964 1548 necessario
993 1523 1143 1559 recteque
1163 1519 1323 1549 admoveri
1347 1518 1501 1560 possunt?
1525 1519 1552 1548 si
1575 1517 1663 1548 enim

195 1570 246 1601 vel
262 1581 317 1601 vos
330 1571 458 1602 illorum
472 1571 533 1601 vim
548 1572 642 1602 facile
658 1572 841 1612 propulsare
854 1572 991 1613 possetis
1003 1578 1036 1602 et
1051 1572 1171 1613 absque
1186 1573 1310 1614 magnis
1325 1573 1474 1614 periculis
1489 1572 1661 1603 laboribus-

195 1633 256 1664 que
272 1625 305 1655 id
328 1625 444 1661 facere,
474 1626 525 1656 vel
553 1626 601 1656 illi
630 1637 666 1656 se
693 1626 942 1657 dominationem
971 1627 1065 1657 facile
1095 1633 1278 1667 recepturos
1306 1627 1554 1658 arbitrarentur:
1579 1625 1664 1656 haud

197 1687 274 1710 sane
299 1689 462 1720 possemus
488 1691 528 1711 ea
543 1680 639 1716 vobis,
658 1691 728 1722 quae
754 1691 841 1711 nunc
863 1680 980 1712 dicturi
1006 1691 1125 1716 sumus,
1148 1682 1325 1712 consulere.
1347 1692 1430 1712 nunc
1447 1691 1520 1711 vero
1536 1680 1663 1721 utrique

194 1733 394 1765 considerare
410 1740 505 1776 atque
521 1735 697 1765 meminisse
713 1735 848 1771 debetis,
864 1736 1011 1776 quotiens
1021 1736 1088 1777 jam
1105 1734 1245 1766 alterutri
1267 1736 1300 1766 in
1322 1745 1411 1777 spem
1423 1745 1520 1776 prope
1542 1739 1663 1765 certam

197 1788 385 1828 pervenistis
408 1788 623 1829 consequendi
647 1789 732 1830 quod
745 1790 915 1831 optabatis,
929 1790 1060 1831 paulum
1076 1790 1183 1820 deesse
1207 1790 1373 1831 opinantes
1395 1789 1436 1820 ad
1462 1793 1577 1820 cuncta
1605 1797 1664 1828 pro

195 1841 323 1873 arbitrio
337 1844 570 1884 consequenda.
592 1844 626 1874 id
638 1844 739 1885 ipsum
752 1849 860 1874 tamen
875 1845 1003 1885 paulurn
1019 1844 1194 1884 ingentium
1218 1844 1483 1885 plurimorumque
1508 1841 1662 1873 malorum

197 1894 314 1936 ubique
329 1907 423 1928 causa
438 1898 576 1929 exstitit:
600 1908 702 1939 neque
717 1898 793 1928 dum
803 1898 951 1939 pervenit
976 1898 1016 1928 ad
1040 1899 1220 1936 terminum,
1243 1898 1301 1929 sed
1327 1898 1512 1929 continuata
1525 1896 1660 1938 quadam

193 1950 392 1982 successione
407 1952 574 1983 inveterati
591 1952 659 1993 jam
684 1953 761 1983 mali
791 1953 956 1994 apparenti
977 1953 1111 1983 termino
1135 1953 1326 1993 principium
1353 1952 1508 1982 suboritur
1535 1960 1663 1981 novum.

195 2002 352 2044 ejusmodi
362 2016 434 2036 vero
448 2006 600 2037 circuitus
616 2006 795 2047 perditurus
808 2006 933 2037 videtur
947 2007 1147 2049 tyrannicum
1159 2017 1258 2046 genus
1272 2007 1364 2037 simul
1379 2011 1473 2047 atque
1488 2005 1640 2046 populare
1652 2014 1660 2033 :

195 2062 231 2088 et
259 2064 410 2099 quantum
440 2060 601 2091 verisimili
625 2061 747 2091 ratione
772 2061 1008 2091 formidandum
1028 2060 1240 2102 portenditur,
1265 2065 1332 2091 tota
1347 2060 1455 2091 Sicilia
1477 2060 1510 2090 in
1537 2059 1666 2090 Graecae‘

194 2110 310 2152 linguae
323 2113 512 2144 oblivionem
528 2115 654 2156 lapsura
666 2115 800 2151 videtur,
816 2114 858 2146 ad
870 2115 1054 2146 Phoenicum
1076 2115 1313 2155 Opicorumque
1342 2119 1534 2156 potestatem
1560 2112 1661 2143 domi-

195 2165 417 2208 nationemque
440 2169 602 2200 translata.
625 2170 829 2210 quamobrem
857 2175 967 2200 contra
991 2170 1058 2200 haec
1085 2169 1192 2200 Graeci
1217 2179 1327 2200 omnes
1349 2169 1435 2199 omni
1464 2166 1663 2209 providentia

194 2220 371 2251 remedium
386 2221 498 2252 afferre
512 2222 640 2253 debent.
664 2223 692 2253 si
707 2223 776 2263 quis
789 2223 884 2263 igitur
895 2224 1011 2253 rectius
1022 2224 1200 2264 meliusque
1216 2223 1382 2254 consilium
1395 2233 1445 2259 eo,
1461 2223 1546 2263 quod
1566 2232 1587 2252 a
1609 2230 1661 2251 me

195 2272 330 2310 dicetur,
354 2274 453 2317 [354]
477 2276 616 2307 adducat
643 2277 675 2306 in
699 2276 852 2312 medium,
881 2277 994 2306 merito
1025 2277 1209 2306 Graecorum
1239 2281 1358 2306 amator
1381 2272 1663 2317 cognominabitur.

196 2337 267 2367 quae
281 2337 355 2359 vero
370 2330 604 2369 quodammodo
613 2329 654 2359 sit
668 2339 738 2359 mea
749 2330 916 2365 sententia,
940 2329 1077 2360 conabor
1101 2339 1185 2359 nunc
1206 2329 1301 2360 libere
1327 2339 1464 2370 prorsus,
1489 2329 1661 2363 communi,

195 2381 316 2413 ratione
342 2382 475 2424 legeque
490 2383 598 2419 fretus,
614 2393 783 2424 exponere.
807 2393 867 2424 ego
881 2383 987 2423 igitur,
1003 2392 1167 2423 personam
1182 2383 1263 2413 mihi
1277 2383 1470 2413 arbitratoris
1486 2393 1660 2420 assumens,

195 2436 462 2476 quemadmodum
478 2437 603 2478 jamdiu
627 2438 788 2473 consuevi,
812 2443 876 2467 tam
900 2437 1060 2468 exercenti
1080 2447 1172 2478 qnam
1199 2437 1332 2478 patienti
1355 2438 1554 2479 tyrannidem
1575 2448 1660 2468 com-

197 2490 346 2531 munitet}
361 2492 535 2522 consulam.
557 2497 652 2533 atque
672 2491 816 2532 inprimis
830 2491 916 2522 omni
931 2496 1077 2533 tyranno,
1099 2496 1132 2521 ut
1155 2491 1399 2532 appellationem
1425 2492 1506 2522 hane
1530 2501 1661 2533 remque

195 2543 300 2585 ipsam
313 2544 424 2586 fugiat,
441 2552 534 2586 atque
549 2546 582 2576 in
590 2555 732 2587 regnum,
746 2545 771 2576 si
788 2550 894 2586 potest
907 2545 984 2582 fieri,
998 2545 1175 2576 transferat.
1198 2546 1264 2576 fieri
1279 2555 1354 2577 vero
1369 2556 1462 2587 posse
1486 2546 1661 2588 Lycurgus,

197 2598 243 2629 vir
257 2599 360 2630 bonus
373 2605 406 2630 et
418 2600 556 2641 sapiens,
570 2610 601 2630 re
631 2599 863 2631 demonstravit.
886 2600 913 2631 is
930 2600 1027 2638 enim,
1042 2610 1114 2631 cum
1135 2600 1257 2631 videret
1271 2610 1367 2641 genus
1383 2599 1541 2641 proprium
1563 2599 1661 2640 Argis

197 2653 422 2695 Messenaeque
437 2665 473 2684 ex
486 2664 582 2695 regno
597 2655 628 2685 in
645 2655 844 2697 tyrannidem
857 2654 926 2695 jam
940 2655 1137 2691 translatum,
1150 2654 1286 2695 ideoque
1298 2655 1355 2684 hos
1366 2654 1500 2695 populos
1513 2658 1660 2694 utrosque

199 2713 265 2739 tam
290 2719 323 2739 se
344 2709 433 2749 ipsos
455 2707 623 2749 perdentes
649 2719 743 2749 quam
769 2709 913 2739 civitates
927 2710 1074 2750 utn'nque
1101 2714 1260 2750 utrasque,
1284 2708 1401 2739 timens
1429 2708 1537 2749 patriae
1567 2707 1660 2737 simul

199 2766 232 2791 et
259 2763 368 2803 generi
396 2763 569 2793 remedium
598 2762 753 2799 adhibuit,
768 2769 913 2793 senatum
928 2773 1099 2804 procreans
1122 2763 1372 2803 ephorommque
1396 2761 1612 2802 magistratum
1627 2759 1660 2789 in

198 2815 287 2856 regni
301 2817 446 2848 salutem.
467 2821 658 2858 quapropter
671 2821 717 2847 tot
728 2816 796 2858 jam
811 2817 920 2848 secula
936 2822 1075 2848 servatur
1089 2827 1161 2848 cum
1185 2815 1303 2857 gloria:
1327 2820 1493 2857 postquam
1513 2813 1661 2843 videlicet

200 2868 254 2900 lex
265 2871 463 2902 auctoritatis
474 2871 568 2912 plena
578 2871 740 2902 hominum
754 2871 860 2911 regina
875 2871 960 2903 facta
968 2876 1017 2901 est
1031 2882 1039 2908 ς
1057 2880 1119 2902 non
1132 2875 1238 2901 autem
1251 2870 1394 2900 homines
1407 2869 1510 2907 legum
1520 2866 1661 2907 tyranni·
