1840 3225
204 198 299 246 677]
654 194 725 231 DE
757 190 985 230 LEGIBUS
1024 191 1122 230 LIB.
1154 191 1227 229 111.
1581 191 1653 228 311

205 300 275 330 onis
289 308 444 340 corporeoe
469 297 701 338 morborumque
723 305 818 328 causa
833 296 892 325 hoc
916 301 992 336 potu
1008 305 1086 336 opus
1107 295 1200 325 suerit
1219 306 1225 324 τ
1250 304 1352 335 neque
1377 294 1470 325 etiam
1486 298 1578 326 nocte
1593 294 1659 325 viro

205 354 256 385 vel
272 354 406 389 mulieri,
420 352 546 394 quando
561 351 665 381 liberis
679 359 805 391 operam
823 348 897 379 darc
915 348 1033 379 volunt.
1055 348 1144 389 plura
1168 348 1262 378 etiam
1275 347 1378 379 referri
1393 353 1529 389 possent,
1540 347 1575 377 in
1591 347 1661 388 qui-

206 408 263 438 bus
274 407 415 438 homines
429 406 506 447 legis
520 410 612 436 rectae
629 403 803 443 mentisque
819 408 980 442 compotes
992 402 1066 432 vino
1075 402 1274 433 abstinerent.
1292 407 1480 443 quapropter
1490 400 1663 433 secundum

208 463 289 492 hanc
312 462 461 492 rationem
488 469 547 490 nec
573 458 680 488 multis
707 457 826 487 civitati
850 456 950 487 vineis
964 466 1042 497 opus
1067 461 1158 487 esset.
1181 457 1267 497 atqui
1291 457 1457 497 etreliqua
1476 455 1665 496 agricultura

209 516 372 556 omnisque
387 513 512 544 vivendi
534 522 642 542 norma
657 511 797 542 ordinem
814 521 900 541 suum
915 516 1048 546 teneret,
1062 521 1098 541 ac
1126 511 1191 540 viui
1208 521 1277 540 usus
1293 510 1388 540 ferme
1402 510 1541 540 omnium
1554 508 1661 539 mode-

206 570 373 600 ratissimus
388 573 420 598 et
431 566 629 608 parcissimus
651 571 742 596 esset.
765 565 814 596 hic
835 566 941 606 itaque
957 565 1089 595 sermoni
1106 565 1146 595 de
1171 565 1255 600 vino,
1268 564 1417 605 hospites,
1443 564 1467 594 si
1482 563 1573 594 vobis
1584 573 1663 604 quo-

206 635 265 665 que
282 623 412 657 videtur,
425 631 501 662 apex
519 620 630 650 allatus
643 620 694 649 sit.
740 619 814 650 Cu.
839 619 939 649 Probe
956 618 1085 649 dictum.
1111 630 1205 659 quare
1221 623 1253 649 ct
1268 618 1356 649 nobis
1371 618 1414 648 ita
1428 617 1560 648 videtur.

794 821 930 874 LIB.
970 822 1071 872 111.

208 975 304 1019 [676]
331 977 407 1008 Haec
431 979 557 1019 quidem
573 980 617 1011 ita
633 991 664 1010 se
680 979 827 1010 habeant.
849 976 952 1008 civilis
981 981 1084 1007 autem
1110 975 1286 1018 disciplinae
1303 974 1425 1006 initium
1441 976 1596 1017 quodnam
1616 975 1662 1007 su-

205 1033 266 1062 isse
283 1032 424 1062 dicemus
442 1033 452 1062 ?
475 1043 514 1063 an
531 1045 593 1065 non
606 1035 678 1065 hinc
694 1033 842 1064 facillime
859 1032 958 1072 ipsum
976 1031 1046 1073 quis
1062 1031 1241 1072 optimeque
1258 1031 1401 1071 inspiciet
1418 1031 1428 1060 ?
1453 1031 1528 1063 CLr.
1552 1031 1663 1062 Unde-

206 1097 276 1116 nam
293 1087 303 1116 ἓ
350 1086 488 1118 Arnim.
513 1089 608 1119 Unde
624 1089 785 1120 civitatum
809 1097 933 1128 quoque
950 1087 1175 1117 incrementum
1192 1090 1223 1116 et
1238 1086 1276 1116 ad
1292 1085 1439 1115 virtutem
1455 1091 1486 1115 et
1501 1084 1541 1115 ad
1555 1085 1665 1115 vitium

207 1141 283 1172 licet
309 1141 474 1182 inspicere.
498 1143 574 1174 Cu.
600 1143 694 1174 Unde
718 1141 819 1172 dicis?
867 1140 1007 1171 Arnim.
1031 1139 1117 1170 Reor
1138 1139 1316 1181 equidcma
1339 1138 1532 1180 longitudine
1562 1139 1664 1170 infini-

211 1201 336 1236 tateque
350 1197 679 1238 temporiS,rerumque
694 1197 725 1227 in
742 1207 779 1226 eo
797 1195 1031 1225 mutationibus.
1078 1194 1154 1226 CLr.
1178 1194 1249 1230 Quo
1261 1198 1354 1234 pacto
1369 1193 1402 1224 id
1418 1194 1481 1224 ais?
1527 1193 1668 1225 Arnen.

211 1248 292 1290 Age,
307 1249 371 1287 dic,
387 1250 414 1280 si
427 1250 534 1287 habes,
547 1262 585 1281 ex
599 1262 660 1292 quo
673 1251 766 1281 urbes
778 1250 949 1290 civilesque
964 1249 1124 1279 hominum
1139 1245 1350 1279 institutiones
1363 1253 1534 1289 coeperunt,
1550 1254 1670 1289 quanta

208 1304 357 1344 temporis
370 1305 566 1344 praecesserit
585 1304 762 1335 multitudo.
785 1304 861 1335 Cn.
885 1303 1095 1344 Nequaquam
1114 1302 1148 1332 id
1164 1302 1266 1334 facile.
1312 1302 1450 1333 ΛΤΗΕΝ.
1473 1302 1670 1343 Inexplebile

208 1357 317 1398 utique
330 1359 388 1388 hoc
404 1363 436 1388 et
460 1358 652 1400 impossibile
669 1358 818 1400 cogitatu.
867 1357 943 1388 CLI.
968 1357 1018 1387 Sic
1035 1362 1083 1387 est
1095 1357 1232 1388 omnino.
1278 1355 1416 1387 Arnim.
1439 1356 1554 1388 Nonne
1576 1357 1667 1387 innu-

207 1422 297 1442 merae
310 1411 343 1442 in
361 1413 420 1442 hoc
436 1418 573 1454 tempore
587 1413 721 1443 conditae
735 1418 807 1442 sunt
822 1411 978 1447 civitates,
990 1411 1182 1452 totidemque
1198 1411 1374 1448 destructae,
1386 1422 1454 1452 quae
1467 1411 1552 1441 omni
1567 1411 1666 1442 civilis

207 1466 278 1496 vita:
306 1466 486 1497 conditione
512 1467 628 1508 passim
657 1478 721 1497 usae
753 1467 825 1503 sint,
842 1466 996 1507 factaeque
1023 1466 1117 1496 modo
1148 1477 1164 1496 e
1189 1466 1370 1502 minoribus,
1386 1466 1478 1497 modo
1502 1466 1667 1497 minorese

208 1520 386 1562 majoribuS,
401 1520 525 1562 pejores
550 1532 674 1564 quoque
698 1533 736 1552 ex
753 1521 940 1557 melioribus,
957 1526 989 1551 et
1009 1526 1114 1552 contra
1139 1531 1175 1550 ex
1191 1520 1348 1562 pejoribus
1375 1521 1544 1551 meliores?
1591 1520 1673 1557 Cu,

208 1574 431 1605 Necessarium
462 1575 491 1605 id
509 1576 635 1617 quidem
665 1582 724 1607 est.
772 1575 909 1606 ArnnN.
934 1575 1034 1617 Hujus
1062 1575 1157 1616 igitur
1172 1575 1354 1605 mutationis
1370 1584 1496 1605 causam
1511 1575 1668 1617 excogite-

206 1636 288 1664 mus,
304 1629 329 1659 εἰ
345 1639 519 1669 possumus-³.
543 1630 680 1661 fortassis
693 1630 779 1661 enim
800 1631 930 1671 primam
949 1630 1018 1660 vitaz
1042 1629 1144 1660 civilis
1159 1639 1284 1659 causam
1297 1629 1563 1670 mutationemque
1578 1629 1671 1660 nobis

207 1682 362 1714 ostendet.
410 1683 487 1715 C1.1.
513 1684 615 1714 Probe
631 1685 775 1726 loqueris.
798 1694 893 1726 quare
909 1690 940 1715 et
955 1690 985 1715 te
1004 1688 1139 1725 oportet,
1156 1683 1230 1725 quid
1248 1684 1307 1713 hac
1333 1683 1372 1713 de
1398 1694 1431 1713 re
1458 1683 1584 1719 sentias,
1598 1683 1671 1714 dili-

209 1742 319 1777 genter
345 1748 524 1778 exponere:
551 1744 582 1769 ct
607 1750 664 1770 nos
690 1745 809 1770 attente
835 1740 1022 1770 auscultare.
1047 1738 1143 1780 [677]
1191 1737 1330 1768 ATHEN.
1352 1737 1437 1768 Num
1467 1738 1561 1779 igitur
1575 1738 1672 1779 prisci

208 1800 362 1822 sermones
378 1793 541 1823 veritatem
564 1794 702 1835 aliquam
726 1794 841 1825 habere
858 1793 1028 1824 videntur?
1077 1793 1154 1824 CLr.
1178 1793 1341 1829 Quinam?
1387 1791 1525 1825 Arnim.
1550 1793 1673 1824 Multos

206 1845 359 1877 videlicet
373 1847 530 1877 hominurn
547 1848 691 1878 interitus
703 1859 739 1878 ex
757 1848 894 1884 diluviis,
906 1848 1022 1878 morbis
1037 1848 1168 1888 aliisque
1186 1846 1326 1888 pestibus
1340 1846 1416 1876 olim
1431 1847 1582 1877 accidisse
1598 1858 1604 1876 :
1630 1857 1671 1877 ex

208 1900 321 1940 quibus
334 1901 424 1941 pauci
439 1901 581 1932 homines
597 1902 778 1943 superstites
794 1901 918 1932 suerint.
942 1901 1016 1932 Cr.r.
1039 1900 1144 1931 Valde
1156 1900 1190 1930 id
1203 1900 1315 1941 cuique
1328 1900 1506 1932 verisimile.
1530 1900 1670 1934 Arum.

211 1952 371 1994 Age,jam
388 1953 427 1984 de
445 1954 549 1984 multis
574 1966 671 1985 unum
696 1956 755 1986 hoc
780 1955 920 1991 exitium,
938 1955 1020 1995 quod
1050 1954 1199 1984 illuvione
1226 1954 1343 1984 facturn
1363 1959 1422 1990 est,
1435 1954 1671 1996 perspiciamus.

205 2007 286 2039 Cri.
313 2007 399 2044 Quid
428 2008 460 2038 in
489 2009 548 2039 lioc
575 2009 710 2050 cogitare
732 2019 789 2039 nos
811 2008 926 2051 jubes?
973 2007 1111 2039 Arnen.
1135 2007 1260 2048 Nempe
1290 2018 1354 2043 eos,
1369 2008 1423 2048 qui
1447 2007 1569 2039 cladem
1595 2013 1670 2039 tunc

210 2067 385 2098 evaserunt,
403 2067 566 2093 montanos
592 2064 745 2104 quosdam
761 2068 793 2093 et
818 2068 957 2103 pastores
982 2062 1088 2098 fuisse,
1103 2062 1134 2092 in
1160 2062 1310 2092 montium
1331 2061 1546 2093 cacuminibus
1568 2073 1671 2104 pauca

211 2116 330 2146 semina
345 2115 385 2146 ad
401 2117 636 2158 propagandum
659 2128 758 2158 genus
773 2117 935 2147 hominum
950 2121 1142 2147 conservata.
1160 2115 1237 2147 Cm.
1262 2116 1366 2147 Patet.
1410 2114 1549 2148 ΑΤΗΕΝ.
1571 2116 1672 2158 Atqui

204 2178 336 2201 necesse
349 2175 398 2200 est
415 2180 468 2200 eos
483 2175 515 2201 et
530 2172 657 2202 aliarum
671 2171 780 2202 artium
797 2171 892 2202 fuisse
908 2177 1061 2212 expertes,
1077 2176 1110 2201 et
1124 2170 1262 2202 avaritiae
1282 2171 1551 2212 contentionisque
1566 2171 1672 2202 studia

208 2223 291 2253 inter
307 2223 390 2254 cives
418 2230 599 2266 ceterasque
625 2226 773 2257 adversus
801 2226 879 2257 alios
894 2226 1023 2256 astutias
1052 2225 1221 2266 ignorasse.
1268 2225 1345 2256 Cm.
1369 2224 1624 2256 Consentaneum
1636 2225 1671 2256 id

209 2277 350 2318 quidem.
394 2277 533 2311 Arnim.
557 2279 715 2311 Ponamus
741 2280 835 2311 etiam
859 2286 1048 2322 campestres
1064 2285 1097 2310 et
1121 2280 1289 2310 maritimas
1301 2279 1394 2310 urbes
1408 2279 1508 2310 subito
1519 2278 1575 2310 illo
1591 2284 1670 2310 tem-

211 2340 285 2371 pore
300 2331 440 2371 periisse.
485 2332 562 2363 Cu.
585 2334 756 2365 Ponamus.
800 2334 939 2365 Arnen.
962 2334 1176 2365 Instrumenta
1190 2334 1285 2376 igitur
1300 2333 1415 2369 omnia,
1431 2339 1463 2364 et
1475 2343 1671 2376 quaecunque

210 2385 322 2414 artium
339 2384 404 2416 sive
420 2385 460 2415 ad
476 2385 674 2427 disciplinam
691 2389 816 2419 civilem
833 2389 898 2419 sive
915 2389 954 2420 ad
964 2389 1147 2420 facultatem
1164 2389 1260 2419 aliam
1274 2388 1496 2429 pertinentium
1511 2387 1675 2418 exstabant

207 2439 350 2475 inventa,
366 2439 540 2470 concidisse
564 2441 628 2471 illis
654 2443 847 2483 temporibus
875 2454 1062 2474 asseremus.
1088 2442 1255 2480 Quomodo
1283 2441 1379 2478 enim,
1401 2452 1420 2472 o
1437 2441 1483 2471 vir
1503 2441 1633 2482 optime,
1648 2442 1675 2472 si

211 2493 278 2523 haec
306 2493 337 2522 in
352 2493 587 2534 sempiternum,
604 2496 649 2526 ita
678 2506 723 2532 se,
737 2502 772 2526 ut
799 2497 902 2535 modo,
920 2498 1068 2528 habentia
1098 2496 1350 2538 permansissent,
1364 2506 1478 2526 novum
1505 2495 1674 2538 quicquam

207 2546 303 2577 alicui
334 2553 417 2577 esset
447 2547 609 2579 inventum
635 2549 646 2579 ?
691 2549 769 2581 Cu.
803 2551 941 2593 Nempe,
965 2553 1038 2594 quia
1069 2550 1304 2582 innumerabilis
1331 2550 1478 2592 quaedam
1504 2549 1675 2582 multitudo

207 2611 359 2632 annorum
376 2602 575 2642 ignorabatur
590 2603 715 2634 abillis.
738 2604 824 2636 mille
850 2612 955 2637 autern
982 2606 1054 2637 anni
1080 2606 1130 2637 vel
1159 2605 1222 2636 duo
1236 2605 1347 2643 millia,
1363 2613 1403 2634 ex
1427 2614 1490 2645 quo
1503 2603 1671 2646 quicquam

208 2654 371 2686 dicebatur
397 2656 560 2687 inventum
585 2658 697 2698 partim
728 2658 874 2696 Daedalo,
889 2661 1000 2701 partim
1024 2661 1165 2702 Orpheo,
1181 2659 1294 2701 partim
1319 2658 1482 2689 Palamedi
1508 2659 1673 2699 patebant.

207 2709 287 2740 sicut
303 2721 372 2751 quae
397 2710 437 2740 ad
458 2712 607 2743 musicam
631 2713 801 2754 pertinent,
818 2714 954 2757 Marsyae,
983 2721 1015 2745 et
1039 2714 1200 2757 Olympo;
1224 2724 1293 2755 quae
1309 2712 1350 2744 ad
1364 2712 1472 2755 lyram,
1497 2711 1671 2754 Amphioni

207 2763 440 2794 attribuuntur:
465 2765 589 2807 aliaque
613 2767 683 2797 aliis
710 2768 816 2804 multa,
833 2774 868 2799 ut
894 2769 939 2799 ita
963 2769 1078 2804 dicam,
1095 2767 1162 2799 heri
1189 2775 1222 2798 et
1248 2767 1474 2798 nudiustertius
1489 2766 1673 2797 adinventa.

209 2815 347 2848 Arnen.
374 2818 525 2856 Videsne,
543 2820 660 2856 Clinia,
676 2823 917 2863 praetermissum
935 2825 991 2854 abs
1015 2829 1045 2853 te
1074 2833 1143 2854 esse
1169 2822 1311 2858 amicum,
1329 2821 1382 2863 qui
1406 2830 1478 2851 vere
1500 2820 1566 2850 heri
1588 2819 1672 2850 suit?

209 2869 287 2901 Cu.
312 2871 362 2901 An
393 2873 612 2914 Epimenidem
641 2875 744 2906 dicis?
793 2877 928 2909 Arnen.
952 2877 1047 2908 Hunc
1074 2876 1231 2919 equidem.
1254 2877 1347 2917 longe
1364 2875 1449 2905 enim
1464 2873 1513 2903 hic
1528 2873 1561 2903 in
1576 2883 1671 2904 nova-

208 2934 275 2955 rum
300 2935 398 2959 rerum
424 2929 650 2970 excogitatione
673 2931 817 2962 omnibus
843 2931 926 2973 apud
947 2942 1001 2962 vos
1027 2931 1219 2967 excelluit‚o
1246 2930 1356 2962 amice.
1379 2926 1463 2968 quod
1479 2936 1552 2956 sane
1571 2926 1669 2958 verbi·
