1840 3225
186 237 282 286 381]
606 234 678 273 DE
707 232 1015 272 REPUBLICA
1047 231 1145 271 ΜΒ.
1179 231 1228 270 Π.
1581 229 1654 266 113

186 339 287 368 bonus
303 337 354 375 sit,
370 338 507 369 omnium
524 347 617 369 causa
633 342 691 373 est,
708 341 742 366 ut
759 335 846 367 multi
861 335 993 366 dicunt:
1022 336 1074 366 sed
1092 345 1260 376 paucorum
1276 333 1402 374 quidem
1418 330 1595 362 hominibus
1620 331 1654 360 in

186 400 280 422 causa
295 397 354 428 est,
371 391 535 422 multorum
550 401 622 421 vero
637 395 722 421 extra
737 400 873 421 causam.
897 389 993 419 multo
1009 389 1091 420 enim
1108 389 1255 430 pauciora
1270 387 1360 418 nobis
1376 391 1447 418 sunt
1462 387 1544 416 bona
1559 394 1653 426 quam

188 444 281 474 mala.
304 450 335 475 et
359 445 507 475 bonorum
531 445 656 485 quidem
673 443 756 474 solus
773 444 863 474 Deus
887 454 979 474 causa
997 449 1043 473 est
1059 443 1211 473 dicendus
1226 454 1231 471 :
1261 442 1408 472 malorum
1424 445 1527 471 autem
1543 448 1652 480 quam-

189 498 266 529 libet
280 499 371 529 aliam
388 504 497 539 praeter
514 499 615 529 Deum
640 509 763 528 causam
785 508 921 538 quaerere
937 499 1040 528 decet.
1085 498 1165 528 Am.
1191 498 1357 528 Verissima
1374 495 1459 536 loqui
1476 494 1553 524 mihi
1568 493 1655 522 vide-

190 552 240 584 ris.
284 553 337 582 So.
361 552 474 593 Neque
498 551 626 582 Homeri
650 552 745 591 igitur
770 562 872 592 neque
898 551 1023 581 alterius
1049 551 1152 591 poetae
1183 550 1399 590 accipiendum
1415 554 1463 579 est
1478 551 1655 588 peccatum¹

189 605 283 636 stulte
299 606 339 636 de
355 605 424 636 Diis
438 605 582 642 dicentis,
600 605 630 635 in
646 606 734 636 Jovis
750 605 855 635 limine
870 605 933 635 duo
946 604 1051 645 jacere
1073 605 1156 634 dolia
1173 605 1267 645 plena
1281 603 1426 643 sortibus,
1440 601 1530 631 bonis
1545 609 1655 636 unum,

191 659 278 689 malis
291 659 431 691 alterum.
449 670 582 700 cumque
604 671 640 689 ex
658 659 705 689 his
719 660 867 700 ,Iuppiter
882 659 1013 689 invicem
1031 658 1205 689 commixtis
1220 657 1359 698 impertit
1374 655 1478 690 alicui,
1491 654 1567 685 alias
1581 653 1656 684 huic

191 712 281 749 bene,
297 712 372 743 alias
388 713 467 743 male
493 724 584 744 esse:
609 713 661 744 cui
687 724 758 744 vero
786 724 824 743 ex
852 713 947 743 altero
974 713 1076 751 datur,
1093 713 1176 743 hunc
1204 721 1319 742 vesana
1341 710 1438 741 fames
1453 718 1545 749 super
1560 712 1656 738 terras

188 766 336 806 exagitat.
360 777 462 807 neque
479 778 549 797 vero
565 767 792 797 admittendum
809 771 867 802 est,
883 766 994 797 Jovem
1013 766 1100 796 nobis
1117 765 1298 806 penuarium
1311 773 1377 794 esse
1395 763 1544 793 bonorum
1560 766 1655 801 atque

189 818 349 849 malorum.
371 820 586 851 confusionem
610 831 682 850 vero
707 819 951 861 juramentorum
976 819 1245 860 induciarumque,
1269 829 1287 848 a
1314 817 1459 848 Pandaro
1484 815 1611 850 factam,
1631 811 1658 843 si

189 872 257 913 quis
275 883 330 913 per
342 873 454 904 Jovem
470 878 502 904 et
516 874 691 904 Minervam
715 873 828 904 factam
844 873 937 903 fuisse
953 873 1075 909 dixerit,
1090 882 1287 914 nequaquam
1311 871 1505 902 laudabimus
1520 881 1526 899 ε
1552 877 1656 909 neque

188 925 327 957 Deorum
357 928 594 958 controversiam
623 927 913 967 dissensionemque
941 931 972 956 et
993 925 1148 967 judicium
1181 925 1277 967 [380]
1311 936 1365 966 per
1389 923 1532 954 Themim
1560 927 1656 963 atque

189 979 314 1012 Jovem.
352 991 466 1022 neque,
493 982 578 1023 quod
609 981 687 1012 dicit
717 981 900 1022 AEschylus,
932 980 1147 1011 adolescentes
1174 980 1315 1019 audiant,
1343 979 1447 1009 Deum
1477 976 1657 1008 mortalibus

189 1042 314 1063 causam
331 1035 476 1075 praebere,
493 1036 619 1076 quando
635 1035 700 1065 vult
715 1036 857 1065 funditus
874 1035 1000 1065 domum
1017 1035 1203 1065 subvertere.
1250 1034 1367 1065 Verum
1384 1034 1407 1063 si
1431 1032 1500 1073 quis
1522 1030 1658 1061 iambica

189 1086 332 1124 inducat,
355 1088 387 1118 in
412 1089 524 1130 quibus
550 1090 708 1130 passiones
735 1089 855 1119 Niobes
877 1088 1047 1119 reserantur
1075 1088 1120 1119 vel
1145 1088 1368 1129 Pelopidarum
1385 1086 1433 1117 vel
1449 1086 1655 1127 Trojanorum

190 1146 244 1171 aut
259 1141 376 1182 aliquid
400 1132 591 1184 hujusmodi,
608 1143 657 1174 vel
675 1143 839 1174 sinendum
863 1153 926 1173 non
943 1148 989 1173 est
1004 1153 1074 1173 eum
1091 1142 1194 1173 dicere
1216 1142 1283 1172 haec
1301 1140 1361 1172 Dei
1386 1150 1453 1171 esse
1469 1149 1583 1180 opera:
1607 1138 1658 1168 vel

192 1194 216 1224 si
244 1194 305 1226 Dei
329 1201 411 1232 sunt,
435 1198 597 1228 educenda
627 1203 673 1228 est
698 1198 729 1228 in
756 1197 804 1227 his
831 1208 879 1233 ea,
895 1207 988 1238 quarn
1014 1207 1097 1227 nunc
1124 1195 1303 1237 quaerimus,
1319 1194 1407 1229 ratio,
1424 1193 1660 1233 dicendumque

191 1247 295 1278 Deum
311 1249 437 1290 quidem
454 1251 536 1281 bona
554 1251 702 1293 justaque
723 1251 835 1292 egisse,
852 1255 945 1291 atque
962 1261 1014 1281 eos
1030 1250 1193 1291 puniendo
1213 1249 1343 1290 juvisse.
1364 1247 1449 1288 quod
1467 1257 1538 1277 vero
1555 1245 1659 1276 miseri

190 1301 262 1338 sint,
278 1303 331 1343 qui
349 1314 454 1344 poenas
472 1306 623 1346 pendent,
638 1305 739 1346 sitque
759 1305 845 1335 Deus
859 1304 915 1346 qui
930 1304 975 1335 sic
994 1304 1113 1344 affligit,
1129 1303 1256 1344 poetam
1272 1303 1375 1332 dicere
1390 1312 1453 1331 non
1470 1305 1516 1331 est
1532 1300 1658 1341 permit-

189 1356 330 1388 tendum.
345 1358 398 1387 scd
410 1357 435 1387 si
445 1358 562 1389 diceret
575 1359 670 1389 malos
684 1359 836 1394 homiues,
850 1364 961 1400 utpote
975 1358 1114 1399 miserm,
1127 1357 1227 1399 poenis
1241 1366 1331 1396 egere
1347 1365 1461 1396 easque
1473 1354 1629 1385 solventes
1641 1363 1660 1383 a

191 1410 387 1452 Deojuvari,
403 1413 657 1453 permittendum.
667 1414 816 1444 malorum
830 1419 932 1443 autem
945 1412 1037 1443 alicui
1051 1423 1175 1443 causam
1192 1422 1258 1442 esse
1270 1410 1372 1452 ipsum
1384 1410 1504 1445 Deum,
1519 1419 1590 1440 cum
1602 1409 1658 1438 bo-

190 1474 247 1494 nus
262 1465 313 1501 sit,
331 1465 533 1497 refellendum
552 1472 599 1498 est
615 1467 742 1497 omnino
758 1478 766 1505 ;
784 1477 884 1507 neque
902 1466 1144 1507 permittendum
1157 1466 1218 1495 hoc
1236 1474 1413 1505 quenquam
1428 1463 1532 1494 dicere
1554 1462 1586 1493 in
1602 1472 1659 1492 sua

189 1517 329 1559 civitate,
344 1519 369 1549 si
382 1519 599 1551 bonisinstitui
617 1521 737 1562 legibus
753 1520 862 1551 civitas
878 1520 973 1550 debet
988 1532 996 1558 3
1010 1530 1112 1561 neque
1129 1519 1255 1560 insuper
1270 1528 1447 1559 quenquam
1463 1517 1582 1552 audire,
1593 1515 1658 1547 sive

188 1572 228 1601 sit
243 1572 294 1603 ille
305 1573 413 1613 junior
428 1575 490 1605 sive
503 1575 618 1612 senior,
631 1575 696 1605 sive
710 1574 896 1606 carminibus
912 1574 978 1604 haec
995 1573 1167 1604 inserantur
1183 1572 1246 1603 sive
1261 1572 1363 1602 soluta
1379 1571 1518 1602 oratione
1534 1581 1659 1601 narren-

190 1632 238 1657 tur
251 1638 259 1665 ;
277 1633 423 1669 tanquam
437 1639 507 1669 quae
520 1639 621 1669 neque
634 1629 736 1660 dictus
750 1634 842 1659 ancta
858 1628 919 1658 sint
932 1638 1034 1668 neque
1049 1627 1138 1657 nobis
1152 1626 1240 1657 utilia
1253 1636 1355 1666 neque
1370 1625 1450 1655 inter
1461 1635 1494 1655 se
1509 1634 1660 1656 consona.

190 1680 272 1711 Am.
297 1680 552 1723 Consuffragator
566 1682 623 1712 tibi
639 1693 705 1713 sum
731 1683 788 1713 hac
805 1682 835 1712 in
864 1682 932 1723 lege
947 1681 1086 1712 ferenda.
1111 1681 1187 1711 mihi
1201 1690 1315 1721 nempe
1329 1680 1396 1710 haec
1419 1679 1558 1720 placent.
1603 1678 1660 1709 SO.

192 1732 270 1764 Haec
282 1734 391 1775 utique
413 1745 475 1765 una
490 1735 529 1766 sit
554 1736 603 1766 lex
627 1742 722 1777 atque
737 1736 834 1776 figura
850 1746 887 1765 ex
912 1736 970 1776 his,
986 1746 1055 1777 quae
1079 1734 1161 1766 circa
1183 1734 1270 1765 Deos
1293 1733 1430 1764 serendae
1445 1738 1531 1770 sunt,
1546 1733 1580 1763 in
1596 1743 1659 1773 qua

192 1793 321 1828 cogatur
345 1789 555 1830 unusquisque
577 1795 608 1820 et
633 1791 736 1821 dicere
760 1795 792 1820 et
807 1790 954 1821 inducere
971 1789 1075 1820 Deum
1100 1799 1164 1819 non
1179 1787 1318 1819 omnium
1334 1795 1473 1822 causam,
1489 1786 1541 1817 sed
1559 1786 1659 1816 bono-

190 1852 268 1872 rum.
298 1841 380 1873 Am.
403 1843 535 1874 Sufficit.
571 1844 627 1875 So.
650 1844 738 1881 Quid
753 1849 856 1875 autem
873 1845 940 1874 haec
956 1843 1118 1874 secunda?
1141 1853 1214 1872 num
1231 1840 1389 1872 existimas
1403 1839 1658 1881 praestigiatorem

191 1905 258 1926 esse
272 1895 390 1937 Deum,
404 1902 437 1927 et
452 1901 599 1938 tanquam
623 1908 660 1928 ex
676 1897 798 1928 insidiis
822 1897 898 1928 alias
915 1897 976 1927 alia
991 1897 1048 1927 sub
1071 1895 1176 1938 specie
1192 1905 1341 1935 apparere
1355 1894 1366 1924 ?
1390 1898 1422 1924 et
1437 1893 1512 1924 alias
1530 1893 1658 1935 quidem

191 1949 223 1979 iu
240 1950 351 1980 multas
367 1950 480 1981 formas
496 1951 632 1992 speciem
649 1962 735 1982 suam
753 1955 923 1982 mutantem
940 1950 1100 1991 aliumque
1113 1949 1275 1990 effectum,
1290 1948 1367 1979 alias
1382 1951 1485 1978 autem
1501 1958 1557 1978 nos
1572 1947 1661 1978 deci·

192 2003 342 2044 piantem,
359 2014 515 2045 vanasque
531 2005 571 2035 de
584 2016 617 2036 se
632 2006 722 2036 nobis
739 2005 890 2046 imagines
908 2005 1089 2036 offerentem
1104 2005 1115 2034 ?
1140 2003 1187 2034 vel
1204 2003 1376 2044 simplicem
1393 2000 1499 2043 potius
1515 2001 1662 2032 minime-'

190 2067 252 2098 que
267 2058 405 2088 omnium
420 2068 475 2088 sua
495 2069 532 2089 ex
558 2059 663 2100 specie
680 2059 916 2091 discedentem?
962 2058 1045 2089 Am.
1070 2058 1202 2094 Nescio,
1217 2057 1293 2098 quid
1312 2056 1342 2086 in
1360 2055 1526 2097 praesenua
1549 2055 1589 2085 de
1611 2055 1660 2085 his

194 2110 307 2142 dicam.
343 2112 398 2142 So.
423 2112 507 2148 Quid
523 2117 627 2143 autem
645 2113 728 2144 hoc?
744 2123 850 2144 nonno
867 2122 995 2144 necesse
1011 2117 1069 2149 est,
1087 2111 1112 2142 si
1128 2111 1203 2153 quid
1221 2121 1238 2141 a
1254 2110 1359 2152 specie
1375 2119 1431 2140 sua
1442 2108 1594 2145 diScedat,
1610 2108 1660 2138 vel

191 2165 291 2205 ipsum
307 2175 324 2195 a
339 2176 371 2195 se
387 2166 497 2196 mutari
513 2166 560 2196 vel
578 2167 616 2196 ab
633 2166 693 2196 alio
708 2166 719 2196 ?
764 2166 846 2196 Am.
871 2166 1021 2197 Necesse.
1069 2165 1125 2196 So.
1150 2164 1406 2206 Haudquaquam
1431 2164 1470 2194 ab
1496 2162 1572 2200 alio,
1586 2172 1658 2204 quae

192 2219 310 2259 optime
326 2229 358 2249 se
374 2220 500 2256 habeut,
518 2225 676 2250 mutantur
692 2224 784 2261 atque
800 2225 974 2260 vertuntur,
991 2220 1254 2262 quemadmodum
1271 2228 1383 2259 corpus
1399 2228 1418 2247 a
1440 2216 1517 2248 cibis
1543 2220 1575 2247 et
1600 2225 1659 2256 po-

191 2271 269 2302 culis
283 2277 316 2303 et
331 2272 498 2310 laboribus,
513 2277 545 2304 et
561 2273 714 2314 plantaria
730 2273 834 2303 omnia
849 2273 888 2303 ab
904 2279 980 2303 aestu
998 2272 1297 2313 tempestatibusque
1313 2275 1476 2301 ventorum
1492 2274 1523 2300 et
1550 2268 1659 2309 hujus-

193 2325 279 2356 modi
294 2326 487 2366 passionibus
502 2339 508 2357 :
535 2327 588 2358 ubi
604 2328 687 2369 quod
706 2326 936 2368 integerrimum
952 2332 1000 2357 est
1014 2332 1046 2357 et
1060 2325 1319 2364 robustissimum,
1334 2324 1431 2365 [381]
1446 2323 1573 2353 minime
1590 2332 1660 2363 per-

194 2385 340 2410 mutatur.
384 2380 466 2411 Am.
490 2381 539 2410 Ita
555 2386 648 2412 certe.
693 2381 749 2412 So.
772 2380 889 2411 Nonne
905 2381 1040 2411 animum
1058 2390 1184 2421 quoque
1212 2379 1413 2410 fortissimum
1439 2382 1471 2408 et
1494 2375 1659 2417 sapientis-

191 2432 302 2463 simum
328 2439 454 2464 externa
480 2435 670 2475 perturbatio
703 2434 829 2465 minime
857 2440 1047 2476 permutaret
1061 2435 1071 2464 ?
1118 2434 1200 2466 Am.
1223 2433 1317 2464 Sane.
1363 2432 1422 2462 So.
1447 2430 1534 2468 Quin
1563 2429 1658 2460 etiarn

189 2487 360 2527 composita
376 2487 481 2518 omnia
497 2498 580 2523 vasa,
597 2488 742 2525 aedificia,
759 2489 942 2520 vestimenta
955 2490 1064 2520 eadem
1080 2489 1212 2523 ratione.
1231 2488 1309 2517 bene
1326 2489 1504 2517 constructa
1521 2494 1557 2514 ac
1579 2483 1658 2513 bene

191 2549 223 2569 se
238 2539 397 2576 habentia,
412 2540 536 2571 minime
552 2540 601 2570 vel
618 2545 757 2583 tempore
774 2542 823 2572 vel
852 2542 1050 2583 passionibus
1077 2541 1146 2572 aliis
1172 2541 1384 2572 immutantur.
1430 2538 1514 2569 Am.
1539 2536 1606 2573 Est,
1623 2540 1659 2566 ut

191 2591 281 2624 dicis.
325 2592 381 2624 So.
405 2593 566 2635 Quicquid
582 2595 677 2635 igitur
693 2596 770 2626 bene
788 2606 820 2627 se
836 2596 931 2627 habet
947 2596 994 2626 vel
1021 2601 1129 2626 natura
1156 2594 1203 2625 vel
1233 2600 1296 2624 arte
1324 2592 1372 2624 vel
1400 2593 1549 2633 utrisque)
1566 2590 1657 2621 mini-

192 2655 270 2675 mam
288 2647 549 2686 permutationem
566 2648 605 2678 ab
622 2648 683 2679 alio
701 2650 840 2690 suscipit.
886 2649 970 2680 Ant.
994 2649 1140 2679 Videtur.
1185 2648 1242 2678 So.
1268 2647 1313 2677 At
1331 2656 1402 2677 vero
1418 2645 1506 2676 Deus
1529 2645 1608 2686 ipse,
1624 2650 1657 2675 et

191 2708 262 2738 quae
278 2699 339 2730 Dei
356 2706 439 2736 sunt,
457 2702 540 2731 omni
556 2712 592 2731 ex
611 2707 696 2742 parte
711 2713 804 2743 quam
822 2703 938 2743 optime
954 2713 1019 2733 sese
1036 2703 1162 2732 liabent.
1207 2700 1291 2731 Am.
1315 2699 1459 2736 Quidni?
1506 2700 1563 2730 So.
1587 2698 1657 2728 Hac

191 2751 284 2792 igitur
301 2753 418 2784 ratione
435 2755 560 2785 minime
577 2755 689 2785 formas
716 2756 817 2795 plures
844 2756 933 2786 Deus
959 2756 1140 2796 susciperet.
1186 2754 1270 2785 Am.
1294 2754 1438 2784 Minime.
1484 2753 1538 2784 So.
1565 2751 1658 2782 Nuu-

191 2806 268 2846 quid
285 2814 388 2837 autem
405 2818 436 2838 se
452 2809 519 2848 ipse
536 2814 667 2839 verteret
683 2814 876 2851 mutaretque
894 2810 983 2840 Deus
999 2810 1008 2839 ?
1057 2809 1140 2839 Ant.
1166 2808 1370 2839 Manifestum
1397 2808 1456 2837 hoc
1483 2811 1542 2846 est,
1558 2805 1654 2846 siqui-

192 2859 263 2890 dem
280 2867 458 2892 mutaretur.
502 2862 560 2892 So.
585 2862 696 2893 Utrum
713 2863 808 2904 igitur
823 2865 853 2894 in
871 2864 982 2894 melius
999 2870 1030 2894 et
1048 2863 1206 2904 pulchrius
1222 2862 1269 2893 vel
1286 2862 1318 2892 iu
1335 2860 1425 2902 pejus
1452 2871 1487 2890 ac
1514 2858 1653 2898 turpius?

190 2912 270 2943 Aor-
293 2913 429 2945 Necesse
444 2920 501 2951 est,
520 2922 553 2946 ut
577 2915 607 2947 in
633 2916 744 2957 pejus:
770 2917 794 2947 si
824 2919 917 2949 modo
936 2923 1081 2949 mutatur.
1107 2927 1169 2948 non
1185 2916 1268 2948 enim
1287 2915 1426 2956 indigum
1452 2911 1658 2954 pulchritudi—

275 2969 360 3000 l’lut.
386 2968 439 3000 Tr.
959 2970 1007 3002 11,
1545 2966 1571 2996 P
