1840 3225
117 236 216 287 506]
556 235 628 275 DE
658 232 961 274 REPUBLICA
992 233 1090 274 LIB.
1123 235 1190 273 VI.
1503 233 1574 271 177

119 339 253 372 ravimus
267 340 491 373 excellentius?
532 339 592 372 So.
614 338 738 380 Nempe
753 337 960 380 praestantius.
982 343 1015 369 et
1030 338 1137 369 horum
1152 337 1279 380 quidem
1295 335 1431 379 ipsorum
1457 345 1576 378 nequa·

118 404 213 436 quarn
229 394 322 427 decet
335 393 599 426 adumbrationem
615 393 784 435 quandam.
799 392 922 434 qualern
949 402 1034 424 nune
1063 392 1224 435 aspicere:
1248 392 1303 424 sed
1329 390 1502 424 absolutam
1527 400 1576 421 ra-

116 448 234 480 tionem
250 449 523 490 comprehendere.
545 458 586 478 an
603 458 666 478 non
681 446 845 478 ridiculum
861 453 908 478 est
922 446 956 477 in
971 447 1062 478 rebus
1076 447 1209 478 minimis
1236 457 1328 478 omne
1353 445 1489 477 studium
1517 455 1574 486 po-

118 513 192 534 nere
205 507 239 534 et
252 502 365 534 obnixe
380 502 582 540 contendere,
597 511 660 543 quo
674 511 767 543 quarn
784 501 1018 543 diligentissime
1031 506 1063 532 et
1079 501 1282 532 sincerissime
1310 504 1494 541 peragantur
1510 510 1518 529 :
1544 499 1576 530 in

118 556 259 588 maximis
284 562 388 589 autem
417 557 515 588 levem
539 567 665 598 operam
692 557 766 587 satis
791 567 859 588 esse
886 556 1019 598 putare?
1065 555 1150 587 Ani.
1171 554 1356 587 Ridiculum
1386 563 1521 595 prorsuS.
1545 557 1579 584 at

113 611 198 642 enim
214 616 305 653 putas
319 621 385 643 sese
401 611 537 653 aliquem
553 615 783 648 contentarum,
798 610 874 651 quin
902 610 956 641 abs
982 615 1013 641 te
1038 620 1121 642 nuuc
1146 609 1299 651 exquirat,
1313 617 1456 650 quaenam
1482 606 1577 638 disci-

115 665 200 707 plina
214 664 270 696 illa
283 664 333 702 sit,
348 676 440 707 quarn
456 665 619 696 maximam
636 675 739 702 vocas,
753 671 786 696 et
810 665 892 697 circa
917 664 994 706 quid
1019 665 1178 696 versetur?
1221 663 1278 696 So.
1302 662 1377 693 Non
1403 661 1549 703 equidem
1566 672 1574 691 :

114 719 169 750 sed
183 718 296 760 etipse
321 719 486 761 interroga,
501 729 679 761 quanquam
706 729 920 760 saepenumero
947 723 977 749 te
1003 718 1132 749 arbitror
1157 718 1338 749 audivisse:
1363 726 1448 748 nunc
1472 721 1577 746 auteur

114 772 162 803 vel
177 782 240 803 non
254 773 400 810 advertis,
416 774 463 804 vel
480 773 585 815 potius
597 773 802 804 interturbare
816 783 866 804 me
890 772 987 814 [505]
1014 772 1075 802 tuis
1090 771 1320 813 objectionibus
1335 769 1466 811 cogitas,
1489 769 1575 812 quod

113 836 173 868 ego
189 827 293 868 potius
307 827 449 860 arbitror.
472 838 542 859 nam
559 837 642 869 saepe
657 827 773 858 audisti
790 827 864 858 boni
877 827 983 858 ideam
999 836 1065 857 esse
1081 826 1245 857 maximam
1267 824 1466 865 disciplinam
1481 835 1490 854 ι
1515 833 1579 865 qua

115 880 243 922 quidem
259 886 292 912 et
311 880 397 922 justa
419 887 452 913 et
474 882 534 913 alia
560 893 617 913 usa
638 892 709 914 curn
736 881 862 916 fuerint,
878 881 965 912 utilia
989 886 1022 911 et
1046 879 1259 911 conducibilia
1284 879 1375 910 fiunt.
1398 883 1493 920 atque
1517 878 1579 910 hoc

114 934 210 966 ferme
224 935 328 967 dicere
343 947 393 967 me
408 936 487 968 velle
501 937 578 968 scito
591 948 598 966 ι
623 940 656 967 et
669 935 752 967 istud
768 939 927 976 praeterea,
941 934 1025 976 quod
1040 933 1140 975 ipsam
1155 944 1219 964 non
1233 932 1419 964 sufficienter
1433 930 1576 973 agnosci-

115 999 195 1020 mus.
217 989 265 1020 sin
285 1000 357 1021 vero
382 990 483 1032 ipsam
510 990 678 1028 nescimus,
691 994 725 1020 et
748 989 814 1020 sine
838 990 907 1030 ipsa
933 989 993 1019 alia
1019 999 1112 1030 quam
1139 987 1272 1019 maxime
1295 986 1482 1023 noverimus,
1499 986 1578 1017 scito

115 1043 232 1074 nullam
247 1054 284 1075 ex
298 1044 367 1075 aliis
381 1045 472 1075 nobis
488 1045 650 1076 utilitatem
666 1044 734 1076 fore
748 1055 755 1074 t
779 1044 860 1075 sicut
873 1054 976 1085 neque
998 1043 1159 1084 prodesset
1182 1043 1274 1074 nobis
1296 1041 1475 1083 quicquam,
1491 1041 1579 1082 quod

116 1097 184 1129 sine
200 1098 282 1130 bono
298 1099 536 1141 possideremus.
581 1099 634 1130 An
650 1098 749 1140 majus
775 1098 851 1140 quid
879 1109 947 1129 esse
973 1102 1075 1139 putas,
1099 1097 1167 1129 sine
1194 1096 1390 1138 possessione
1416 1095 1491 1126 boni
1517 1093 1579 1125 alia

117 1152 221 1183 omnia
238 1153 408 1194 possidere,
421 1164 513 1195 quam
531 1153 598 1185 sine
613 1153 687 1184 boni
702 1153 799 1196 ipsius
815 1158 847 1184 et
872 1152 995 1194 pulchri
1018 1152 1228 1193 intelligentia
1251 1156 1353 1183 cetera
1378 1147 1578 1190 intelligere?

119 1206 203 1237 Am.
226 1206 303 1238 Non
319 1212 413 1239 certe.
456 1208 512 1239 So.
536 1207 682 1239 Pluribus
706 1218 778 1238 vero
805 1208 920 1238 bonurn
944 1207 1089 1248 voluptas
1115 1206 1249 1242 videtur,
1265 1203 1506 1246 elegantioribus
1529 1213 1577 1233 sa-

118 1260 248 1301 pientia.
292 1260 373 1292 Am.
398 1261 511 1293 Procul
526 1262 633 1293 dubio.
677 1261 732 1293 So.
756 1262 843 1299 Quin
858 1262 950 1292 etiam
966 1267 998 1292 et
1012 1262 1070 1293 hoc
1094 1261 1187 1297 nosti,
1202 1260 1286 1302 quod
1311 1259 1366 1301 qui
1390 1257 1579 1299 sapientiam

119 1314 235 1345 bonurn
250 1315 437 1352 existimant,
453 1316 479 1346 si
493 1316 732 1358 interrogentur,
748 1326 890 1358 quaenam
906 1315 1099 1358 potissimum
1111 1315 1275 1356 sapientia,
1291 1313 1445 1344 declarare
1460 1321 1577 1353 neque-

115 1373 184 1408 unt,
198 1369 253 1399 sed
268 1375 422 1410 coguntur
436 1370 562 1401 tandem
578 1370 653 1401 boni
667 1370 851 1412 sapientiam
861 1370 977 1402 dicere.
1000 1370 1083 1401 Am.
1108 1369 1211 1407 Quam
1221 1367 1387 1399 ridiculosa
1398 1365 1576 1408 responsio!

115 1421 174 1453 So.
194 1422 257 1454 Cur
271 1433 334 1454 non
348 1424 479 1455 ridicula
495 1425 647 1463 videatur,
662 1425 688 1456 si
703 1436 774 1457 cum
799 1436 857 1456 nos
876 1425 1067 1467 vituperent,
1082 1424 1167 1465 quod
1190 1424 1368 1464 ignoremus
1391 1422 1522 1460 bonurn,
1536 1419 1576 1450 de

117 1476 199 1507 bono
214 1487 314 1509 rursus
329 1478 490 1511 nobiscum
507 1484 653 1522 tanquam
668 1480 912 1522 intelligentibus
926 1480 1006 1511 illud
1022 1479 1187 1521 loquantur
1201 1478 1212 1509 ἓ
1237 1477 1325 1508 aiunt
1350 1475 1434 1507 enirn
1460 1475 1577 1505 bonum

115 1540 183 1562 esse
204 1531 391 1574 sapientiam
415 1534 511 1565 boni:
535 1534 624 1576 quasi
649 1534 824 1566 noverimus
852 1534 926 1576 quid
954 1534 1013 1576 ipsi
1038 1534 1157 1569 dicant.
1172 1542 1242 1564 curn
1266 1531 1339 1563 boni
1366 1540 1479 1561 nomen
1506 1539 1579 1569 pro-

117 1586 275 1619 nuntiant.
322 1587 404 1619 Am.
432 1588 515 1620 Vera
530 1589 675 1630 loqueris.
720 1590 776 1620 So.
801 1589 866 1627 Qui
880 1600 952 1620 vero
967 1589 1082 1620 bonum
1101 1587 1293 1629 voluptatem
1317 1595 1384 1616 esse
1409 1583 1578 1617 definiunt,

118 1641 260 1682 nunquid
275 1641 376 1673 minus
389 1648 492 1673 errant
506 1653 600 1685 quam
616 1643 730 1675 ceteri?
755 1654 860 1675 nonne
883 1649 915 1675 et
938 1643 987 1675 isti
1013 1647 1167 1685 coguntur
1190 1639 1281 1672 fateri
1306 1639 1486 1680 voluptates
1510 1647 1577 1668 esse

119 1694 216 1725 malas
231 1695 243 1726 ?
287 1694 370 1728 Am.
395 1695 511 1729 Valde.
555 1698 614 1728 So.
636 1696 756 1728 Eadem
771 1697 867 1739 igitur
881 1702 914 1728 et
928 1698 1011 1728 bona
1025 1708 1092 1728 esse
1106 1704 1140 1738 et
1153 1695 1234 1727 mala
1246 1694 1336 1726 fateri
1349 1697 1515 1734 coguntur.
1537 1701 1579 1721 an

118 1749 208 1780 non?
253 1749 337 1780 Ant.
362 1749 471 1781 Plane.
517 1750 573 1782 So.
597 1750 712 1782 Nonne
727 1757 850 1783 constat
869 1751 1014 1793 plurimas
1028 1751 1110 1783 circa
1124 1752 1185 1782 hoc
1204 1755 1237 1781 et
1258 1748 1404 1780 maximas
1427 1745 1578 1787 ambigui-

117 1808 198 1835 tates
224 1805 435 1846 consurgeue?
481 1804 562 1837 Anr.
587 1804 733 1836 Constat.
784 1806 839 1837 So.
862 1805 980 1837 Nonne
1008 1811 1040 1836 et
1066 1806 1127 1836 boc
1155 1804 1366 1846 perspicuum,
1394 1801 1478 1843 quod
1507 1809 1579 1842 quae

111 1857 201 1900 justa
214 1863 247 1890 et
261 1859 392 1890 honesta
407 1859 562 1896 videntur,
577 1860 670 1891 etiam
687 1861 713 1892 si
729 1871 792 1890 non
807 1860 879 1897 sint,
896 1860 987 1891 multi
1013 1860 1165 1901 eligerent
1185 1868 1276 1898 agere
1299 1856 1520 1899 possidereque
1546 1858 1580 1884 et

118 1911 216 1943 videri
231 1912 407 1945 hominibus
433 1915 500 1946 haec
522 1915 658 1946 habere:
683 1925 776 1945 nemo
801 1919 905 1945 autem
929 1913 1003 1944 satis
1030 1914 1143 1944 habere
1168 1923 1200 1943 se
1227 1916 1328 1954 putat,
1344 1911 1383 1947 si,
1397 1920 1467 1951 quae
1494 1910 1577 1940 bona

116 1966 270 1997 duntaxat
284 1967 438 2004 videntur,
455 1968 634 2009 possideat:
658 1969 710 1999 sed
727 1979 797 2010 quae
813 1978 917 1999 revera
937 1969 1020 1998 bona
1045 1968 1117 2003 sint,
1133 1977 1240 1997 ornnes
1263 1970 1428 2007 quaerunt3
1452 1963 1577 2005 opinio-

119 2029 192 2051 nem
206 2031 277 2052 vero
292 2022 326 2053 in
340 2021 388 2052 bis
404 2022 536 2064 quisque
551 2023 748 2054 contemnit?
792 2022 876 2053 Am.
898 2022 940 2053 Et
953 2022 1084 2053 maxime
1099 2021 1239 2063 quidem.
1284 2020 1341 2051 So.
1364 2019 1489 2050 Bonum
1505 2017 1574 2060 qui-

118 2074 191 2105 dem
205 2074 308 2106 anima
322 2076 421 2107 omnis
441 2076 571 2118 expetit,
586 2076 715 2118 ejusque
740 2076 837 2118 gratia
860 2076 927 2118 agit
952 2076 1067 2113 omnia,
1082 2085 1234 2117 augurans
1258 2084 1324 2105 esse
1351 2072 1493 2114 aliquid:
1517 2073 1576 2103 du·

119 2128 198 2159 bitat
213 2134 328 2166 tamen,
342 2139 445 2171 neque
460 2130 657 2167 sufficienter,
671 2129 748 2172 quid
764 2130 815 2168 sit,
829 2130 1092 2172 comprehendere
1117 2134 1232 2171 potest,
1248 2138 1350 2169 neque
1373 2127 1447 2159 fidei
1471 2125 1576 2158 stabili

119 2182 278 2220 inhaerere,
293 2183 375 2224 quali
392 2184 487 2215 utitur
502 2185 583 2216 circa
598 2185 679 2216 alia:
704 2190 797 2227 atque
813 2185 924 2217 iccirco
951 2190 983 2216 et
1008 2184 1041 2215 in
1064 2184 1133 2215 aliis
1157 2183 1285 2220 fallitur,
1300 2193 1371 2214 cum
1397 2182 1474 2224 quid
1502 2180 1578 2211 utile

116 2237 168 2274 sit,
178 2236 319 2279 judicare
334 2238 444 2280 pergit.
466 2238 564 2283 [506]
589 2239 642 2270 An
657 2239 739 2271 circa
754 2240 798 2280 id,
812 2250 882 2271 cum
898 2239 960 2270 tale
975 2239 1015 2270 sit
1028 2249 1064 2271 ac
1080 2244 1213 2276 tantum,
1230 2237 1370 2269 similiter
1384 2247 1484 2268 caecos
1509 2246 1577 2267 esse

118 2291 234 2322 debere
249 2291 386 2323 dicemus
400 2292 471 2324 illos
485 2304 612 2336 quoque
628 2294 894 2336 praestantissimos
908 2294 944 2325 in
958 2294 1085 2326 civitate
1100 2293 1192 2330 viros,
1207 2293 1319 2335 quibus
1334 2291 1478 2323 universa
1490 2300 1575 2323 com·

120 2345 296 2377 mittimus?
340 2347 422 2378 Am.
445 2347 582 2379 Minime
597 2349 747 2380 omniurn.
792 2348 848 2380 So.
872 2348 958 2380 Reor
971 2348 1118 2390 equidem
1133 2358 1215 2385 eum,
1231 2347 1285 2389 qui
1299 2345 1430 2383 nesciat,
1446 2350 1481 2376 ut
1490 2355 1575 2377 nunc

119 2397 184 2429 fere
199 2400 325 2438 accidit,
339 2411 403 2443 qua
416 2402 533 2433 ratione
544 2402 629 2444 justa
644 2409 676 2434 et
692 2403 821 2434 honesta
835 2403 918 2434 bona
931 2408 1014 2443 sunt,
1028 2402 1112 2433 haud
1128 2402 1216 2432 multi
1230 2401 1408 2433 faciendum
1420 2410 1493 2431 sane
1506 2409 1575 2430 cus-

121 2452 226 2482 todem
241 2463 272 2483 se
288 2452 389 2495 ipsum
404 2455 550 2487 exhibere
564 2467 668 2498 posse.
691 2457 842 2488 vaticinor
855 2462 959 2488 autem
974 2457 1129 2488 neminem
1145 2457 1213 2498 ipsa
1228 2455 1313 2497 prius
1338 2465 1431 2496 quarn
1456 2454 1576 2485 bonum

118 2505 306 2538 sufficienter
328 2509 590 2549 cognosciturum.
626 2510 705 2542 Am.
731 2511 814 2543 Scite
834 2512 1020 2544 vaticinaris.
1051 2512 1108 2543 So.
1132 2510 1274 2542 Perfecte
1297 2509 1393 2551 igitur
1423 2508 1575 2549 disposita

118 2560 207 2590 nobis
221 2561 279 2592 erit
293 2571 339 2592 res
355 2563 491 2603 publica,
507 2564 532 2595 si
547 2570 651 2597 custos
665 2566 772 2597 horum
801 2566 917 2608 peritus
943 2577 1010 2598 earn
1037 2571 1133 2607 reget.
1181 2564 1264 2597 Am.
1289 2564 1337 2595 Ita
1363 2573 1490 2595 necesse
1514 2567 1573 2594 est.

119 2612 236 2645 Verum
251 2621 295 2651 tu,
310 2626 330 2648 o
357 2616 510 2655 Socrates,
527 2624 626 2649 utrum
649 2620 764 2651 bonurn
787 2620 888 2662 ipsum
916 2620 994 2651 dicis
1018 2630 1086 2651 esse
1114 2619 1275 2650 scientiam
1307 2618 1354 2649 vel
1382 2617 1575 2659 voluptatem

120 2667 167 2698 vel
192 2668 310 2710 aliquid
338 2669 422 2702 aliud
451 2677 561 2712 praeter
585 2672 668 2704 ista?
712 2674 770 2706 So.
791 2675 862 2707 Jam
889 2675 941 2705 diu
968 2678 1160 2715 compertum
1186 2673 1298 2711 habeo,
1319 2672 1501 2708 Adimante,
1518 2672 1574 2703 tibi

121 2730 185 2751 non
215 2721 289 2753 satis
317 2723 394 2762 sore,
424 2725 448 2756 si
475 2726 644 2758 sententias
673 2727 800 2759 aliorum
831 2729 972 2761 retulero.
1017 2728 1099 2759 Am.
1123 2727 1218 2758 Haud
1248 2728 1359 2759 decere
1386 2727 1460 2758 mihi
1488 2726 1574 2757 vide-

119 2778 178 2811 tur,
203 2785 223 2806 ο
248 2776 401 2814 Socrates.
425 2779 589 2821 opiniones
614 2781 742 2813 aliorum
766 2782 875 2815 referre
904 2793 1006 2824 posse,
1030 2792 1115 2813 suam
1144 2793 1216 2813 vero
1241 2792 1450 2824 nequaquam,
1476 2781 1575 2812 horni-

120 2838 191 2859 nem
221 2832 385 2871 praesertim
411 2834 530 2865 tamdiu
556 2834 587 2864 in
605 2835 653 2866 his
680 2843 843 2869 versatum.
889 2838 947 2869 So.
968 2837 1020 2867 An
1045 2837 1156 2868 decere
1179 2843 1282 2878 putas,
1308 2842 1342 2867 ut
1365 2837 1405 2867 de
1432 2835 1577 2877 his,quae

118 2882 191 2923 quis
218 2883 350 2926 ignorat,
376 2886 466 2928 quasi
494 2888 595 2920 sciens
630 2889 798 2931 loquatur?
855 2891 937 2923 Aur.
971 2890 1069 2922 Nullo
1106 2892 1199 2922 modo
1233 2891 1321 2933 quasi
1357 2890 1457 2921 sciens
1475 2901 1483 2919 :
1521 2888 1576 2919 sed

123 2941 158 2966 ut
190 2938 278 3022 qusi
305 2950 342 2970 ex
375 2942 525 2982 opinione
562 2943 730 2986 proferens,
759 2955 828 2987 quae
855 2946 961 2977 sentit.
1016 2946 1071 2977 So.
1094 2945 1145 2977 An
1183 2944 1282 2976 nescis
1318 2944 1483 2985 opiniones
1509 2952 1576 2972 orn-

253 2996 297 3023 ut.
323 2994 377 3025 Tr.
876 2999 923 3031 ΙΙ.
1471 2999 1492 3029 Z
