1840 3225
119 262 218 314 9⁸31]
611 260 827 300 HIPPIAS
862 260 1062 301 MAmn.
1538 267 1587 303 73

121 365 202 396 11:12.
226 365 310 403 Quid
334 366 424 396 tum?
447 364 531 406 quod
557 369 638 395 reete
665 364 791 400 dicitur,
807 364 962 394 concedat
987 375 1114 395 necesse
1142 370 1199 396 ost.
1236 365 1333 408 [290]
1371 367 1429 397 hoc
1453 367 1534 397 eninr
1562 368 1586 398 si

123 420 286 460 respuerit,
303 419 437 451 ludibrio
452 418 594 449 omnibus
609 417 679 448 erit.
724 417 779 447 So.
803 416 901 458 Atqui
919 417 1151 457 responsionem
1169 419 1248 450 hanc
1265 430 1326 449 non
1344 421 1437 450 modo
1454 430 1516 450 non
1533 431 1586 451 ac·

119 473 230 515 cipiet,
256 474 310 505 sed
337 473 448 504 aeriter
472 483 520 502 me
549 471 712 502 mordebit.
758 471 786 502 O
813 471 919 502 inflate
945 471 1002 507 vir,
1019 471 1115 507 dicet,
1132 472 1277 503 Phidiam
1304 474 1410 504 rudem
1436 474 1584 505 artificem

121 527 237 567 putas?
282 527 324 558 Et
339 538 397 568 ego
414 526 471 565 illi,
487 530 521 556 ut
535 525 677 565 arbitror,
693 525 779 555 nullu
796 525 888 555 modo
906 532 1014 566 putare
1032 536 1079 556 me
1096 526 1210 558 dicam.
1256 527 1340 558 1111».
1365 527 1408 558 Et
1421 532 1504 558 recte
1516 527 1585 569 qui.

119 581 202 612 dem.
247 581 303 613 So.
327 580 430 612 Recte
446 579 553 621 procul
579 579 689 610 dubio.
709 584 888 620 -postquam
914 589 986 609 vero
1011 579 1143 620 peritum
1170 580 1318 612 artificem
1346 581 1490 612 Phidiam
1517 592 1585 613 esse

118 644 311 671 concessero,
328 635 395 666 haec
411 634 537 676 insuper
554 634 669 664 addet:
695 632 876 671 Existimas,
893 633 936 668 id,
953 633 1037 674 quod
1055 634 1218 675 pulchrum
1248 645 1352 675 vocas,
1368 636 1513 666 Phidiam
1538 636 1585 678 ig-

119 688 266 719 norasse?
311 687 356 719 At
382 698 441 730 ego
469 688 544 730 quid
576 687 707 718 maxime
732 687 858 718 dicam?
904 687 983 718 Tum
1009 687 1084 718 ille:
1112 688 1270 725 Quoniam
1295 689 1450 721 Minervae
1475 691 1584 722 oculos

118 751 181 772 non
198 751 306 773 aureos
322 743 407 780 fecit,
423 740 526 784 neque
543 742 696 783 reliquum
714 741 848 783 vultum,
864 752 966 783 neque
983 742 1092 783 pedes,
1109 753 1213 784 neque
1229 753 1350 781 manus,
1365 743 1585 786 (quandoqui-

116 795 201 832 dem,
217 796 241 826 si
257 807 351 827 aurea
365 795 508 838 fuissent,
525 796 732 837 pulcherrima
746 795 952 835 exstitissent)
969 797 1021 827 sed
1041 797 1176 827 eburnea
1192 797 1340 829 reddidit.
1364 798 1396 828 in
1413 809 1474 840 quo
1499 804 1585 830 certe

118 854 245 890 propter
268 850 420 882 inscitiam
447 851 609 887 aberravit,
628 861 698 881 curn
724 850 881 892 ignoraret
907 860 1014 880 aurum
1043 860 1123 892 esse,
1149 850 1240 892 cujus
1266 852 1430 892 praesentia
1455 853 1585 893 pulchra

115 902 220 933 omnia
236 903 325 940 fiunt,
341 905 579 946 quibuscunque
597 905 746 935 adhaeret.
792 904 878 941 Quid
896 905 934 934 ad
949 905 1028 941 haec,
1041 904 1187 945 Hippia?
1233 905 1316 937 HrP.
1340 905 1428 936 Nihil
1441 907 1583 939 arduum.

115 961 198 987 recte
213 957 295 988 enim
312 958 422 990 fecisse
437 959 613 990 fatebimur.
638 970 708 990 narn
726 959 895 989 eburneum
913 968 1038 1000 quoque
1054 958 1217 1000 pulchrum
1233 964 1292 990 est.
1338 960 1394 992 So.
1418 961 1480 992 Sed
1507 961 1584 995 ille:

116 1009 258 1041 Cur-non
285 1013 418 1054 pupillas
445 1014 541 1045 etiarn
571 1013 729 1045 oculorum
757 1013 907 1044 eburneas
933 1012 1019 1050 fecit,
1037 1013 1090 1044 sed
1117 1012 1269 1053 lapideas,
1285 1013 1460 1052 inveniens,
1477 1016 1582 1057 quoad

115 1063 182 1095 fieri
198 1065 312 1106 potuit,
329 1066 442 1108 lapidis
458 1078 527 1098 curn
544 1068 636 1099 ebore
653 1067 916 1098 similitudinem?
966 1067 1053 1098 Num
1070 1066 1232 1107 pulchrum
1257 1067 1394 1109 lapidem
1418 1069 1583 1111 pulchrum

116 1128 195 1156 esse,
211 1130 230 1149 o
257 1119 389 1161 Hippia,
411 1121 694 1162 respondebimus?
739 1121 822 1152 Hm.
844 1121 944 1151 Immo
969 1126 1066 1161 certe,
1080 1131 1150 1151 cum
1178 1121 1294 1152 decens
1319 1127 1377 1153 est.
1423 1123 1477 1155 So.
1502 1123 1583 1155 Cum

117 1183 190 1203 vero
217 1183 280 1204 non
306 1174 433 1211 decens,
459 1181 549 1216 turpe
576 1175 752 1217 fatendum,
767 1185 867 1206 necne
882 1176 892 1205 ?
938 1175 1020 1206 Hrr’.
1053 1174 1228 1205 Fatendum
1256 1186 1343 1217 sane,
1358 1187 1428 1207 cum
1456 1177 1584 1208 minime

115 1228 219 1258 decet.
263 1228 319 1259 So.
342 1229 402 1260 His
417 1229 547 1271 adjiciet
562 1229 637 1260 ille:
660 1229 690 1260 O
717 1230 762 1259 vir
789 1229 923 1270 sapiens,
940 1229 1017 1259 ebur
1040 1234 1073 1259 et
1099 1240 1206 1259 aurum
1231 1240 1348 1267 nonne,
1363 1240 1434 1261 cum
1458 1231 1584 1267 decent,

116 1281 245 1322 pulchra
270 1283 375 1314 omnia
400 1283 559 1314 reddunt?
581 1288 691 1315 contra
715 1292 799 1320 vero,
823 1293 895 1313 curn
924 1282 1104 1313 dedecent?
1150 1282 1388 1320 Renuemusne,
1413 1295 1452 1314 an
1479 1285 1585 1325 potius

114 1335 337 1367 admittemus?
381 1336 463 1369 ΗῙΡ.
488 1336 668 1368 Fatebimur
683 1336 788 1378 plane,
804 1335 956 1377 quicquid
984 1335 1105 1377 aliquid
1131 1336 1235 1373 decet,
1260 1336 1422 1377 pulchrum
1449 1338 1582 1371 efficere.

115 1389 172 1420 8ο.
195 1389 260 1421 Hic
275 1390 327 1421 ille
342 1390 474 1422 inferet:
500 1390 612 1422 Utrum
629 1391 722 1422 decet
737 1390 878 1432 pulchras
895 1389 978 1430 ollae,
994 1390 1034 1421 de
1050 1400 1113 1431 qua
1128 1400 1221 1431 supra
1234 1390 1381 1427 diximus,
1396 1392 1498 1432 plenas
1527 1392 1583 1422 bo-

115 1453 224 1474 norum
241 1444 444 1485 leguminum,
461 1455 584 1476 auream
600 1444 779 1476 tudecnlam
796 1444 912 1475 addere
927 1454 967 1474 an
982 1443 1171 1475 ficulneam?
1219 1444 1301 1475 H112.
1325 1444 1409 1475 Proh
1420 1445 1585 1484 Hercules,

116 1497 241 1539 qualem
258 1498 415 1530 hominem
432 1498 555 1529 narras!
603 1498 667 1529 Cur
681 1508 744 1528 non
772 1497 840 1538 ejus
867 1507 983 1528 nomen
1009 1498 1150 1538 profers?
1196 1497 1252 1529 So.
1277 1497 1372 1528 Haud
1401 1509 1585 1539 agnosceres

116 1552 287 1593 hominem,
304 1552 377 1583 licet
392 1563 505 1583 nomen
522 1552 656 1583 audires.
681 1551 762 1582 Hir.
786 1550 1000 1581 Veruntamen
1017 1551 1049 1581 in
1066 1551 1231 1592 praesentia
1240 1550 1403 1582 indoctum
1415 1552 1503 1583 illum
1517 1564 1583 1585 esse

115 1616 284 1646 cognosco.
308 1606 363 1637 So.
377 1606 526 1638 Curiosus
539 1606 667 1636 nimium
681 1611 739 1642 est,
754 1616 772 1635 o
784 1604 917 1646 Hippia.
941 1604 1088 1636 Ceterum
1098 1604 1175 1646 quid
1187 1605 1327 1636 dicemus
1340 1606 1352 1637 ?
1368 1611 1466 1637 utram
1480 1608 1584 1648 potius

116 1670 134 1690 e
147 1660 268 1691 duabus
282 1660 436 1691 tudeculis
448 1660 597 1701 legumini
610 1664 642 1691 et
652 1660 722 1690 011ae
733 1659 922 1701 congruere?
938 1669 978 1689 an
988 1658 1174 1690 ficulneam?
1191 1659 1362 1692 suaviorem
1375 1660 1496 1703 quippe
1506 1662 1585 1692 odo-

116 1723 179 1744 rem
193 1718 334 1754 praestat3
350 1723 454 1754 neque
469 1714 623 1744 collidens
634 1713 844 1755 frangensque
854 1712 947 1744 ollam
960 1712 1120 1744 diffundet
1130 1712 1301 1754 legumina,
1313 1724 1372 1746 nec
1384 1724 1466 1756 aqua
1477 1716 1582 1756 ignem

115 1767 304 1809 exstinguet,
321 1778 423 1810 neque
439 1773 630 1799 comesturos
644 1768 787 1799 homines
804 1767 941 1809 pretioso
958 1766 1092 1809 privabit
1104 1767 1249 1799 obsonio.
1272 1773 1380 1799 contra
1394 1780 1466 1800 vero
1489 1780 1585 1802 aurea

116 1822 275 1852 tudecnla.
299 1822 498 1864 quamobrem
514 1822 638 1854 videtur
650 1822 727 1853 mihi
752 1822 849 1865 [291]
875 1821 1009 1854 ficulnea
1025 1822 1123 1863 magis
1138 1822 1249 1853 decere
1272 1832 1366 1863 quam
1382 1833 1497 1855 aurea:
1522 1825 1585 1856 nisi

114 1879 148 1905 tu
165 1875 401 1907 contradixeris.
445 1876 528 1909 Hrr’.
552 1876 656 1908 Decet
671 1887 746 1908 sane
762 1876 883 1918 magis:
908 1876 1049 1918 quamvis
1074 1886 1133 1917 ego
1158 1886 1230 1907 cum
1256 1876 1384 1908 homine
1410 1878 1486 1908 talia
1512 1888 1584 1920 per·

112 1929 246 1972 quirenti
260 1929 387 1962 minime
402 1931 608 1972 disputarem.
652 1932 708 1963 So.
732 1931 834 1963 Probe
850 1930 1007 1968 nimirum,
1023 1941 1042 1961 o
1058 1930 1170 1962 amice.
1195 1930 1251 1961 tibi
1277 1931 1360 1962 enim
1387 1931 1501 1962 talibus
1523 1942 1582 1963 no-

114 1983 249 2014 minibus
266 1983 311 2014 uti
325 1995 390 2016 non
406 1985 564 2027 convenit,
578 1996 649 2016 cum
665 1990 728 2015 tarn
744 1984 886 2026 specioso
903 1983 1018 2015 amictu
1034 1983 1210 2025 calceisque
1226 1990 1352 2016 ornatus
1377 1984 1429 2022 sis,
1445 1990 1478 2016 et
1501 1985 1583 2017 inter

116 2047 223 2068 omnes
239 2037 366 2070 Graecos
382 2039 537 2080 sapientia
564 2039 705 2081 polleas:
731 2050 780 2070 me
807 2043 911 2070 autern
936 2038 1014 2069 nihil
1041 2038 1196 2080 prohibet,
1212 2049 1275 2080 quo
1301 2039 1403 2070 minus
1430 2050 1502 2071 cum
1528 2039 1584 2070 illo

115 2102 226 2123 verser.
249 2102 298 2123 me
316 2092 411 2134 igitur
426 2099 498 2124 ante
523 2094 660 2132 erudias,
676 2094 801 2135 meique
829 2093 928 2135 gratia
952 2092 1142 2136 respondere
1166 2093 1316 2135 digneris.
1361 2093 1421 2124 Ille
1446 2104 1583 2136 namque

114 2146 159 2177 sic
175 2147 291 2178 deinde
306 2153 432 2189 perget:
457 2148 490 2179 Si
505 2148 641 2180 ficulnea
666 2149 759 2180 decet
774 2148 871 2189 magis
897 2158 992 2190 quam
1019 2158 1125 2186 aurea,
1143 2158 1248 2179 nonne
1272 2147 1452 2189 pulchrior?
1498 2146 1582 2178 Hn‘.

116 2199 329 2232 Pulchriorem
344 2203 558 2243 respondebis,
574 2213 593 2233 o
609 2203 764 2245 Socrates,
780 2207 948 2245 postquam
964 2203 1049 2244 quod
1066 2202 1171 2240 decet,
1187 2201 1348 2243 pulchrius
1375 2211 1470 2243 quam
1495 2202 1582 2243 quod

114 2255 260 2296 dedecet,
276 2266 309 2287 es
325 2256 495 2288 confessus.
541 2257 597 2289 So.
621 2257 789 2298 Nunquid,
807 2257 938 2298 Hippia,
955 2256 1183 2293 confitendum,
1194 2255 1360 2287 ficulneam
1374 2256 1582 2297 pulchriorem

115 2318 184 2340 esse
199 2319 291 2350 quam
308 2320 430 2342 auream
447 2311 458 2341 ?
502 2310 586 2342 ΗΠ».
610 2310 669 2343 Vis
685 2311 743 2342 tibi
758 2312 873 2349 dicam,
890 2310 1046 2348 Socrates,
1061 2310 1222 2352 quomodo
1238 2310 1400 2351 pulchrum
1417 2309 1584 2347 definiens,

118 2362 243 2403 prolixis
259 2374 329 2395 eum
346 2365 537 2396 sermonibus
553 2364 729 2396 alienabis?
776 2366 830 2398 So.
854 2365 975 2403 Quidni
1003 2364 1122 2396 velim?
1146 2365 1240 2395 modo
1265 2369 1370 2394 tamen
1396 2363 1482 2405 prius
1507 2363 1584 2395 mihi

115 2415 240 2453 dixeris,
255 2422 352 2448 utram
370 2429 387 2449 e
402 2419 523 2450 duabus
536 2419 596 2450 illis
611 2419 768 2451 tudeculis
783 2420 994 2451 decentiorem
1012 2418 1283 2460 pulclrrioremque
1296 2417 1442 2449 exsistere
1454 2427 1583 2459 respon·

116 2469 255 2500 <lendum
272 2471 321 2501 sit.
366 2471 450 2504 Hir».
475 2472 585 2514 Atqui,
602 2474 629 2504 si
645 2475 703 2510 vis,
721 2474 819 2514 illam,
835 2485 907 2515 quae
923 2484 959 2504 ex
974 2474 1034 2504 ficu
1051 2477 1110 2510 est,
1128 2472 1335 2514 pulchriorem
1362 2482 1429 2502 esse
1455 2481 1584 2512 respon-

115 2523 168 2554 de.
211 2523 264 2555 So.
288 2524 382 2556 Nunc
393 2525 459 2566 jam
476 2526 575 2567 dicas,
590 2528 675 2568 quod
695 2527 788 2568 paulo
804 2532 877 2558 ante
893 2527 1089 2568 inceptabas.
1112 2527 1170 2556 hac
1185 2526 1267 2556 enirn
1291 2525 1506 2566 responsione,
1521 2535 1584 2566 qua

116 2576 217 2617 ipsum
236 2578 397 2619 pulchrum
414 2590 521 2610 aurum
538 2591 604 2611 esse
621 2581 685 2622 aio,
701 2581 800 2612 nihilo
819 2581 991 2622 pulchrius,
1006 2587 1042 2611 ut
1056 2581 1196 2619 arbitror,
1213 2589 1320 2610 aurum
1344 2589 1438 2621 quam
1462 2579 1582 2620 lignum

117 2630 286 2661 ficulneum
304 2633 480 2673 apparebit.
528 2633 622 2665 Nunc
639 2635 744 2666 denuo
759 2634 836 2676 quid
863 2636 966 2676 ipsum
994 2634 1158 2675 pulchrum
1185 2633 1317 2663 asseris?
1364 2632 1444 2664 Hie.
1469 2632 1584 2664 Dicam

118 2683 277 2725 equidem.
301 2687 455 2727 requirere
473 2697 607 2728 namque
624 2688 696 2718 mihi
716 2689 829 2720 videris
847 2690 908 2720 tale
925 2689 1075 2730 quiddam
1094 2687 1256 2728 pulchrum
1283 2687 1481 2727 respondere,
1499 2687 1584 2727 quod

118 2748 276 2780 nunquam
294 2739 388 2771 alicui
406 2746 495 2782 turpe
512 2741 609 2772 videri
623 2746 729 2783 queat.
775 2743 832 2775 8ο.
857 2743 1008 2779 Omnino,
1025 2752 1043 2772 ο
1061 2740 1197 2782 Hippia,
1209 2746 1242 2770 et
1257 2750 1340 2770 nunc
1357 2745 1438 2770 recte
1455 2739 1586 2780 accipis.

117 2791 199 2825 ΗΠ».
221 2793 396 2835 Audijam.
420 2794 511 2832 scito,
528 2795 683 2836 Socrates,
697 2797 720 2825 si
738 2796 808 2837 quis
823 2798 950 2838 habeat,
965 2796 1050 2837 quod
1078 2795 1224 2825 adversus
1248 2795 1308 2824 hoc
1334 2793 1445 2824 inferre
1470 2792 1584 2829 valcat,

119 2851 278 2878 autumare
295 2858 343 2878 me
359 2848 437 2878 nihil
455 2859 590 2890 unquam
610 2849 735 2891 penitus
753 2850 961 2882 laudaturum.
1009 2850 1065 2881 So.
1092 2849 1166 2885 Dic,
1185 2859 1239 2889 per
1265 2847 1364 2888 Deos,
1381 2847 1456 2877 cito.
1501 2845 1584 2876 Hrr.

120 2898 181 2930 Alo
197 2901 355 2942 equidem,
373 2913 493 2944 semper
509 2904 592 2944 apud
609 2904 780 2945 quemlibet
807 2910 838 2936 ct
869 2905 1050 2945 ubicunque
1076 2902 1317 2945 pulcherrimum
1343 2911 1421 2936 esse,
1439 2905 1472 2929 ut
1493 2908 1585 2928 sanus

120 2953 230 2995 aliquis
245 2954 296 2991 sit,
313 2955 399 2987 dives
415 2961 446 2988 et
463 2958 629 2989 honoratus
648 2958 726 2990 inter
744 2959 872 2991 (irat-cos
890 2968 987 2998 usquc
1004 2957 1042 2988 ad
1060 2962 1250 2988 senectutem
1268 2966 1273 2982 ;
1300 2958 1329 2983 ct
1348 2952 1426 2983 sicut
1445 2956 1585 2993 parentes

212 3008 297 3039 ΡῘτιί.
320 3010 363 3039 Tr·
861 3012 904 3043 Ηδ
1471 3005 1499 3035 Κ
