1840 3225
175 199 254 241 296
794 199 1059 240 PLATONIS
1534 195 1632 245 [644

175 313 259 344 esse,
270 302 359 336 illum
370 301 547 345 disciplinae
555 306 727 345 expertem,
736 304 880 345 quamvis
888 304 1108 346 cauponariam
1121 308 1154 335 et
1167 302 1336 345 navigandi
1351 307 1450 334 artem
1464 307 1632 341 ceteraque

175 358 352 400 hujusmodi
376 358 495 399 optime
519 357 644 390 calleat.
664 357 783 399 quippe
805 367 868 389 non
891 359 972 389 hanc
988 358 1186 400 disciplinam
1201 363 1357 400 putamus,
1370 356 1428 388 sed
1438 365 1520 391 eam,
1533 364 1603 396 quae
1614 363 1634 384 a

175 412 308 454 pueritia
333 411 504 443 desiderari
519 412 677 453 amarique
690 411 835 443 virtutem
848 412 925 443 sacit
940 424 946 442 ι
970 418 1002 443 et
1016 412 1144 454 quidem
1159 413 1256 449 illam,
1272 423 1333 454 qua
1344 411 1501 454 perfectus
1512 407 1633 450 quispi-

175 476 225 496 am
252 466 331 497 civis
351 466 493 502 effectus,
513 465 586 507 jure
607 467 761 507 imperare
787 467 867 497 sciat
890 473 984 508 atque
999 478 1119 508 parere.
1132 469 1213 498 hanc
1231 466 1452 498 educationem
1466 464 1518 495 hic
1532 471 1635 494 sermo

175 520 273 552 solam
301 520 498 563 disciplinam
524 520 745 561 appellandam
769 531 837 551 esse
854 521 1061 551 determinat:
1088 522 1184 563 [644]
1208 521 1293 552 illam
1306 530 1390 556 vero,
1404 529 1474 561 quae
1490 517 1530 548 ad
1547 514 1635 548 colli-

174 575 308 617 gendam
335 575 502 617 pecuniam
528 575 578 605 vel
592 574 633 605 ad
644 574 780 616 corporis
791 574 881 605 robur
893 574 1072 616 augendum
1081 575 1133 606 vel
1149 576 1188 606 ad
1205 575 1352 617 per-idam
1366 572 1526 615 quandam
1540 570 1634 601 aliam

174 630 293 671 absque
305 634 410 660 mente
426 628 590 669 etjustitia
603 628 849 670 conquirendam
862 629 976 664 tendit,
990 629 1204 660 mechanicam
1219 637 1313 670 atque
1327 627 1515 659 illiberalem
1525 630 1559 656 et
1569 624 1634 655 dis-

173 684 300 726 ciplinae
329 684 541 726 appellatione
558 683 647 714 ducit
658 683 830 723 indignam.
857 683 915 713 sed
928 693 986 713 nos
1002 682 1042 712 de
1057 683 1152 713 verbo
1165 682 1295 724 quidem
1308 692 1373 712 non
1387 679 1634 712 contendamus:

172 738 234 769 hoc
256 743 372 774 autem,
392 748 493 778 nuper
508 743 670 772 assertum,
683 737 766 767 inter
779 747 837 766 nos
851 737 1029 773 conveniat,
1046 736 1141 777 quod,
1157 737 1211 778 qui
1223 742 1342 767 rectam
1350 736 1436 766 nacti
1450 738 1523 764 sunt
1537 731 1633 763 disci-

172 792 304 835 plinam,
320 802 429 823 omnes
440 792 538 822 ferme
553 790 643 832 probi
654 790 793 821 evadunt
798 803 807 830 3
830 790 884 831 qui
899 797 1018 832 contra,
1034 791 1180 832 improbi.
1201 801 1297 832 quare
1308 790 1478 820 nullainre
1491 786 1635 828 discipli-

171 857 216 878 na
235 846 428 888 negligenda
454 850 513 881 est,
537 855 607 885 quae
633 844 940 885 praeclmissimarum
964 855 1067 875 renim
1092 845 1193 886 prima
1213 844 1434 885 praestantibus
1456 841 1634 874 hominibus

173 902 275 933 adest.
299 905 331 931 et
342 900 370 930 si
384 899 454 941 quis
463 899 496 929 in
508 909 541 929 re
557 898 664 938 aliqua
678 897 795 928 excidit
808 902 974 939 potestque
990 899 1113 939 corrigi,
1126 909 1159 929 se
1172 899 1275 939 ipsum
1291 897 1450 933 emendet,
1464 896 1560 938 idque
1573 906 1631 937 per

169 960 269 987 totam
279 955 375 985 vitam
383 963 439 995 pro
448 952 565 983 viribus
575 952 681 982 faciat.
727 951 804 982 Cn.
827 950 931 982 Recte
944 952 1092 992 loqueris.
1108 952 1233 988 iccirco,
1243 962 1312 993 quae
1324 951 1414 987 dicis,
1429 949 1634 982 concedenda

171 1015 256 1041 sunt.
298 1008 437 1040 ATHEN.
462 1006 562 1048 Atqui
584 1006 660 1037 olim
669 1005 737 1047 jam
751 1004 973 1041 concessimus,
988 1005 1087 1036 bonos
1096 1016 1165 1036 esse
1180 1006 1262 1041 illos,
1280 1005 1333 1047 qui
1343 1005 1468 1036 sibimet
1478 1005 1632 1045 imperare

173 1068 325 1107 possunt3
361 1062 462 1093 malos
486 1065 602 1096 autem,
628 1060 684 1101 qui
708 1064 880 1100 nequeunt.
926 1058 1003 1090 Cu.
1035 1059 1119 1090 Scite
1143 1059 1322 1091 admodum.
1367 1059 1505 1090 Arum«.
1529 1058 1635 1089 Resu-

172 1129 295 1151 mamus
315 1117 410 1158 igitur
433 1115 467 1146 id
490 1115 603 1156 ipsum,
620 1119 655 1144 ut
670 1114 783 1144 clarius
793 1113 981 1150 innotescat,
998 1113 1082 1155 quod
1098 1113 1242 1145 dicimus.
1256 1124 1294 1145 ac
1308 1123 1364 1144 vos
1385 1123 1442 1155 per
1463 1113 1636 1154 imaginem

169 1173 266 1210 istud,
282 1177 317 1203 ut
331 1172 460 1212 liqueat,
476 1169 650 1210 accipiatis,
666 1168 693 1199 si
709 1179 770 1210 quo
784 1167 878 1198 modo
890 1168 1007 1209 possim
1019 1178 1087 1198 rem
1101 1168 1192 1199 nobis
1206 1169 1286 1199 hanc
1299 1168 1433 1209 aperire.
1466 1167 1544 1199 CL1.
1570 1167 1636 1199 Dic

166 1228 246 1270 jam.
289 1226 428 1257 Arum«.
451 1224 567 1255 Nonne
588 1223 760 1264 quemlibet
773 1227 1018 1252 nostrumunum
1029 1221 1193 1262 putamus?
1238 1221 1314 1253 Cm.
1338 1221 1455 1252 Unum.
1498 1220 1637 1252 Amnu-

173 1282 355 1314 Habentem
370 1278 520 1309 videlicet
538 1277 572 1307 in
597 1287 630 1307 se
656 1275 848 1307 consiliarios
863 1275 952 1312 duOS,
969 1275 1136 1306 contrarios
1153 1281 1246 1317 atque
1265 1280 1418 1313 amentes,
1434 1285 1513 1317 quos
1526 1275 1639 1316 volup-

171 1340 271 1367 tatem
294 1345 331 1365 ac
348 1333 487 1364 dolorem
502 1332 710 1373 appellamus.
755 1330 831 1361 Cm.
854 1329 896 1360 Et
912 1330 981 1360 hoc.
1025 1329 1166 1360 ATHEN.
1189 1329 1245 1360 Ad
1260 1331 1316 1361 lios
1328 1330 1499 1360 futurorum
1514 1328 1637 1370 opinio-

172 1399 231 1420 nes
258 1388 423 1424 accedunt,
447 1386 559 1428 quibus
582 1394 745 1417 commune
770 1394 885 1415 nomen
910 1394 983 1425 spes
999 1389 1065 1415 est:
1081 1384 1207 1426 proprie
1218 1394 1304 1420 vero,
1321 1394 1389 1425 quae
1406 1389 1478 1414 ante
1495 1382 1635 1414 dolorem

173 1453 248 1485 spes
271 1448 330 1479 est,
350 1442 453 1478 timor,
469 1452 537 1482 quae
551 1445 624 1471 ante
640 1439 839 1474 contrarium,
857 1438 1060 1469 confidentia.
1083 1439 1122 1469 ad
1139 1439 1206 1469 haec
1221 1438 1348 1469 omnia:
1372 1437 1502 1468 rationis
1515 1436 1632 1478 judici-

173 1508 239 1534 um,
255 1496 389 1532 dictans,
400 1495 476 1537 quid
489 1495 619 1525 istorum
627 1493 741 1524 melius
752 1492 802 1529 sit,
815 1492 888 1534 quid
909 1492 1009 1534 pejus.
1035 1493 1093 1523 hoc
1106 1492 1132 1523 si
1147 1502 1311 1524 commune
1328 1491 1490 1523 decretum
1501 1490 1638 1522 civitatis

174 1551 316 1587 efficitur,
342 1550 394 1581 lex
418 1549 606 1580 nominatur.
650 1547 726 1578 Cu.
748 1547 809 1578 Vix
823 1557 880 1588 ego
897 1553 927 1577 te
939 1557 1063 1588 sequor.
1079 1545 1130 1578 dic
1145 1552 1262 1583 tamen,
1277 1556 1346 1587 quae
1358 1551 1489 1582 restant,
1505 1544 1637 1587 perinde

172 1616 211 1637 ac
241 1605 268 1636 si
295 1614 452 1646 sequerer.
497 1603 595 1633 Mne„
617 1601 710 1632 Idem
735 1600 814 1631 mihi
838 1612 961 1642 quoque
993 1600 1118 1631 accidit.
1162 1601 1302 1631 Arium.
1332 1601 1384 1632 Sic
1410 1606 1516 1631 autem
1531 1599 1571 1630 de
1587 1600 1638 1630 his

174 1659 357 1701 cogitemus,
384 1664 419 1689 ut
438 1657 623 1688 miraculum
647 1654 805 1696 quoddam
829 1654 971 1685 divinum
985 1654 1018 1684 in
1033 1654 1240 1685 animantium
1254 1664 1369 1695 genere
1384 1663 1638 1695 unumquemque

174 1719 312 1745 nostrum
328 1712 552 1746 existimemus,
563 1710 627 1740 sive
637 1708 711 1739 ludo
726 1719 782 1739 seu
798 1707 901 1739 studio
916 1708 1052 1750 quodam
1063 1708 1144 1750 (non
1158 1709 1243 1739 enim
1257 1708 1292 1738 id
1307 1708 1467 1750 novimus)
1483 1718 1503 1738 a
1517 1707 1639 1749 superis

174 1768 388 1800 constitutum.
412 1765 492 1796 illud
518 1769 624 1795 autem
635 1773 698 1794 non
715 1763 903 1804 ignoramus,
921 1762 1005 1804 quod
1017 1763 1049 1793 hi
1066 1763 1198 1794 affectus
1212 1764 1245 1794 in
1259 1763 1360 1799 nobis,
1376 1762 1465 1804 quasi
1479 1761 1571 1792 nervi
1585 1766 1639 1792 aut

174 1821 267 1853 funes
292 1821 436 1862 ingeniti,
463 1819 592 1850 trahunt
605 1828 661 1848 nos
677 1823 846 1858 contraque
861 1818 999 1848 invicem
1010 1818 1171 1848 retrahunt
1180 1817 1221 1848 ad
1235 1817 1404 1848 contrarias
1416 1817 1568 1852 actiones,
1583 1815 1639 1846 ubi

175 1876 273 1906 virtus
294 1880 327 1906 et
335 1874 446 1905 vitium
461 1874 597 1904 discreta
607 1878 780 1903 versantur.
803 1878 883 1903 ratio
897 1872 981 1903 enim
993 1872 1180 1903 tractionem
1192 1882 1288 1902 unam
1302 1870 1496 1912 sequendam
1511 1879 1636 1911 semper

176 1940 281 1972 neque
307 1939 445 1971 unquam
472 1926 721 1969 relinquendam,
750 1926 807 1957 sed
831 1926 873 1957 ad
900 1927 989 1957 illam
1015 1933 1136 1958 cetercs
1166 1936 1288 1968 quoque
1303 1936 1416 1956 nervos
1429 1923 1637 1956 retrahendos

176 1989 285 2026 aperte
309 1983 419 2020 dictat,
445 1982 542 2024 [645]
568 1991 699 2022 eamque
705 1981 815 2023 judicii
831 1981 993 2012 rationalis
1006 1991 1075 2011 esse
1090 1980 1328 2023 perductionem
1343 1989 1469 2010 auream
1481 1984 1574 2021 atque
1585 1987 1636 2008 sa-

175 2049 272 2075 cram,
289 2048 357 2079 quae
374 2036 509 2068 civitatis
523 2037 573 2067 lex
588 2036 760 2067 communis
773 2041 911 2067 vocatur.
928 2041 962 2066 et
975 2042 1098 2067 ceteras
1116 2035 1245 2077 quidem
1260 2034 1352 2065 duras
1365 2045 1402 2066 ac
1417 2034 1533 2064 ferreas
1548 2042 1638 2072 esse3

175 2093 258 2123 hanc
272 2092 411 2127 mollem,
428 2090 512 2132 quod
527 2100 621 2120 aurea
635 2090 676 2120 sit
689 2101 695 2119 :
721 2095 753 2120 et
768 2090 954 2120 uniformem
970 2096 1123 2131 praeterea
1137 2101 1146 2129 3
1169 2096 1291 2120 ceteras
1306 2088 1523 2119 multiformes.
1546 2097 1638 2128 opor-

177 2151 244 2178 tere
259 2147 366 2187 itaque
382 2145 623 2186 pulcherrimam
638 2144 720 2185 legis
736 2143 916 2174 ductionem
932 2144 1021 2184 sequi
1036 2154 1159 2185 semper
1174 2143 1264 2184 eique
1280 2142 1397 2172 favere.
1418 2151 1494 2172 nam
1507 2151 1578 2172 cum
1588 2151 1639 2171 ra-

178 2201 275 2233 tionis
294 2200 448 2243 judicium
474 2200 606 2230 honesta
629 2208 680 2229 res
707 2198 759 2235 sit,
787 2203 819 2228 et
844 2198 928 2228 mitis
954 2198 1082 2238 quidem
1097 2197 1201 2238 potius
1217 2206 1311 2237 quam
1325 2196 1472 2230 violenta,
1489 2194 1642 2225 ministris

179 2256 361 2288 ductionem
386 2254 485 2296 ipsius
513 2263 617 2294 egere,
642 2257 677 2282 ut
691 2250 826 2293 [aureum
853 2251 885 2282 in
909 2251 1000 2282 nobis
1015 2261 1114 2292 genus
1125 2251 1186 2281 alia
1199 2259 1314 2291 genera
1326 2254 1463 2290 superet.
1478 2254 1512 2279 et
1526 2248 1571 2279 sic
1583 2248 1641 2279 illa

179 2310 296 2346 fabula,
320 2319 383 2351 qua
406 2309 486 2340 mira
499 2317 550 2338 res
563 2308 656 2338 homo
668 2316 736 2337 esse
752 2310 903 2342 narratur,
919 2305 1032 2336 virtute
1046 2304 1228 2340 servabitur,
1244 2309 1276 2334 et
1292 2313 1354 2344 qua
1367 2303 1485 2333 ratione
1501 2302 1642 2343 superior

178 2365 250 2406 quis
265 2369 298 2394 et
312 2363 438 2394 inferior
453 2360 684 2404 quodammodo
698 2370 730 2391 se
747 2361 815 2402 ipso
831 2360 966 2396 dicatur,
980 2359 1105 2401 planius
1120 2363 1335 2401 cognoscetur,
1356 2362 1389 2388 et
1400 2357 1483 2398 quod
1495 2361 1642 2398 oporteat

179 2419 335 2460 privatum
359 2426 526 2460 quemque,
547 2425 622 2447 vera
635 2415 666 2445 in
681 2425 715 2446 se
731 2415 799 2456 ipso
810 2413 849 2444 de
866 2414 914 2444 his
928 2414 1078 2445 tractibus
1090 2413 1209 2444 ratione
1218 2418 1379 2454 percepta,
1397 2411 1439 2442 ad
1451 2421 1523 2442 eam
1535 2411 1639 2452 ipsam

179 2474 277 2504 vitam
301 2482 390 2503 suam
418 2471 572 2513 dirigere:
601 2469 761 2501 civitatem
784 2478 870 2504 vero,
897 2469 948 2499 vel
973 2478 992 2499 a
1014 2468 1154 2499 Deorum
1178 2467 1284 2509 aliquo
1298 2467 1349 2497 vel
1364 2466 1404 2497 ab
1418 2466 1477 2496 hoc
1489 2465 1571 2506 ipso,
1586 2465 1642 2506 qui

181 2527 249 2558 haec.
271 2526 428 2568 cognovit,
442 2526 564 2557 radone
578 2529 720 2565 accepta,
736 2533 807 2554 eam
817 2522 931 2554 habere
944 2523 1094 2565 prolege,
1114 2521 1155 2553 ad
1169 2521 1299 2564 ejusque
1314 2529 1454 2552 normam
1467 2519 1569 2551 officia
1581 2528 1640 2551 sua

179 2590 286 2612 secum
308 2585 342 2611 et
361 2590 433 2612 cum
455 2579 526 2610 aliis
554 2578 733 2611 civitatibus
760 2577 934 2610 instituere.
958 2583 1053 2619 atque
1077 2577 1122 2608 ita
1135 2576 1231 2608 virtus
1246 2580 1280 2606 et
1294 2575 1405 2606 vitium
1417 2572 1531 2605 clarius
1548 2571 1641 2602 nobis

180 2633 329 2665 distincta
354 2634 529 2676 patebunt:
552 2633 665 2675 quibus
689 2632 785 2674 plane
811 2631 980 2673 perceptis,
1006 2637 1040 2662 et
1053 2630 1221 2672 disciplina
1233 2634 1266 2660 et
1280 2628 1402 2670 reliqua
1422 2625 1644 2667 mdiamgis

181 2687 287 2720 forsan
309 2689 493 2724 clarescent,
519 2686 712 2719 consuetudo
740 2691 903 2728 praeterea,
927 2696 998 2728 quae
1026 2686 1060 2717 in
1081 2685 1156 2716 vino
1176 2684 1318 2719 babetur,
1334 2681 1374 2713 de
1388 2690 1451 2723 qua
1465 2679 1643 2721 longiorem

182 2742 298 2774 habere
319 2751 493 2773 sermonem
517 2742 579 2772 vile
605 2740 742 2772 fortassis
756 2740 926 2782 putabitur.
970 2739 1047 2771 Cu.
1070 2738 1162 2770 Forte
1177 2747 1254 2768 vero
1274 2746 1338 2768 non
1353 2734 1510 2765 videbitur
1523 2732 1645 2775 prolixa

182 2796 322 2828 oratione
351 2795 491 2837 indigna.
534 2794 672 2827 Arum«.
694 2794 794 2826 Probe
812 2794 967 2835 loqueris:
991 2804 1086 2836 quare
1099 2792 1250 2828 dicamus,
1266 2789 1343 2832 quid
1354 2788 1436 2820 inea
1449 2787 1491 2818 sit
1500 2786 1645 2828 dignum.

182 2849 261 2882 Cu.
284 2850 474 2891 Prosequere
493 2850 571 2892 jam.
614 2849 753 2880 Arum«.
775 2848 810 2879 Si
832 2848 915 2879 mirae
937 2848 1009 2879 huic
1037 2847 1084 2882 rei
1114 2846 1300 2878 ebrietatem
1323 2843 1500 2878 afferamus,
1516 2840 1643 2882 qualem

179 2905 281 2948 ipsam
298 2903 492 2938 reddemus?
528 2904 605 2938 Cm.
628 2903 681 2936 Ad
708 2901 785 2947 quid
805 2901 899 2937 modo
913 2901 997 2936 istud
1010 2901 1150 2946 rogitas?
1196 2900 1332 2933 Arnas.
1356 2893 1642 2930 Nondumdieoad
