1840 3225
258 228 309 265 96
842 225 1108 266 PLATONIS
1612 231 1706 281 [347

254 330 321 371 Ego
337 331 462 371 quidem
477 328 629 359 existimo.
675 328 729 359 So.
753 327 869 359 Nonne
894 328 999 370 igitur,
1022 340 1041 360 o
1064 330 1308 372 Thrasymache,
1333 329 1412 361 sicut
1424 329 1491 371 jam
1514 330 1710 362 manifestum

249 389 307 420 est,
322 383 406 413 nulla
422 393 467 413 ars
482 381 648 422 nullusque
664 381 857 421 magistratus
873 382 934 412 sibi
949 383 1073 422 quidem
1087 383 1251 414 utilitatem
1265 383 1354 425 parit,
1368 384 1708 425 sed,quemadmodurn

251 437 284 468 in
301 437 508 477 superioribus
525 435 716 471 dicebamus,
734 435 817 476 quod
835 435 977 476 subjecto
993 437 1124 471 confert.
1143 443 1228 477 parat
1246 443 1278 468 et
1293 437 1433 478 imperat,
1449 437 1602 469 inferioris
1629 438 1714 468 illius

251 491 448 521 commodum
465 499 596 530 semper,
614 499 675 519 non
691 487 869 529 superioris,
885 489 1068 530 inspiciens.
1114 491 1164 521 Ob
1181 491 1247 522 haec
1262 491 1369 532 itaque
1383 502 1442 532 ego
1467 501 1579 533 nuper,
1595 502 1614 522 o
1639 502 1711 523 care

251 544 494 586 Thrasymache‚
509 543 652 574 dicebam
670 542 823 573 neminem
841 542 996 573 volentem
1012 542 1174 584 imperium
1191 544 1359 586 suscipere,
1374 550 1406 575 et
1421 545 1591 575 alienorum
1615 545 1710 576 malo—

250 609 317 629 rum
334 598 428 629 ultrro
444 596 694 628 emendationem
713 595 850 637 aggredi,
867 596 920 626 sed
939 596 1098 636 praemium
1115 607 1250 637 quaerere
1266 609 1273 627 :
1299 597 1447 639 quoniam
1473 597 1526 639 qui
1551 599 1649 640 [347]
1673 609 1711 629 ex

249 658 314 686 arte
330 658 412 684 recte
426 658 550 683 acturus
565 650 616 686 sit,
633 660 792 692 nunquam
821 651 853 680 in
879 660 968 680 sunm
996 650 1061 691 agit
1086 651 1298 687 commodum,
1316 653 1486 682 secundum
1512 652 1611 693 ipsius
1637 653 1712 683 artis

248 707 424 748 imperium,
440 707 493 736 sed
509 705 548 736 ad
564 703 716 736 inferioris
734 704 911 734 utilitatem.
957 704 1178 740 Quamobrem,
1195 710 1229 734 ut
1251 705 1383 741 videtur,
1402 705 1561 746 praemium
1587 716 1708 747 ponen-

248 761 323 791 dum
339 765 387 791 est
400 760 460 799 his,
474 759 527 800 qui
555 758 687 789 libenter
714 758 913 800 gubernaturi
937 757 1010 793 sint,
1028 768 1081 788 seu
1109 764 1268 798 argentum
1295 759 1360 789 sive
1387 760 1498 796 honor,
1514 759 1579 790 sive
1605 770 1710 801 poena,

246 814 307 845 nisi
323 814 484 856 imperium
499 812 637 854 capiant.
682 812 798 843 Gmu.
823 811 992 848 Quomodo
1016 811 1100 841 istud
1129 812 1187 848 ais,
1204 823 1222 842 0
1250 812 1418 843 Socrates?
1463 812 1618 854 Equidem
1644 813 1708 844 duo

246 868 374 910 praemia
388 867 461 897 novi
477 879 483 896 :
509 866 654 896 mulctam
671 875 742 895 vero
758 874 849 905 quam
866 863 962 904 dicas,
978 869 1010 894 et
1025 865 1185 905 quomodo
1202 865 1232 895 in
1249 866 1397 896 mercedis
1412 872 1498 907 parte
1515 877 1625 908 ponas,
1641 877 1703 897 non

246 922 332 953 novi.
379 922 434 953 So.
459 920 541 961 Ergo
557 920 742 961 optimorum
760 918 920 959 praemium
936 918 1071 959 ignoras,
1087 918 1178 959 cujus
1193 919 1291 959 gratia
1319 919 1472 960 imperant
1499 920 1610 961 optimi
1637 920 1704 956 viri,

244 976 391 1017 quotiens
406 975 576 1005 admittunt
591 973 765 1014 imperium.
790 983 829 1002 an
853 977 882 1002 te
910 972 997 1008 latet,
1014 977 1046 1002 et
1071 972 1266 1003 ambitiosum
1292 983 1359 1003 esse
1385 978 1418 1003 et
1442 983 1566 1004 avarum
1596 975 1707 1015 probro

243 1029 350 1059 haberi
367 1034 459 1069 atquc
475 1027 566 1058 esse?
611 1026 667 1057 So.
692 1024 776 1055 Novi
793 1025 950 1065 equidem.
995 1025 1050 1055 So.
1073 1025 1144 1056 Hac
1159 1035 1232 1066 ergo
1259 1026 1298 1056 (le
1323 1037 1417 1057 causa
1443 1037 1545 1068 neque
1573 1027 1708 1067 pecunia

243 1093 346 1123 neque
363 1083 478 1112 honore
493 1080 579 1111 ducti
596 1079 669 1109 boni
687 1078 827 1109 homines
854 1079 1005 1119 imperare
1031 1078 1153 1109 volunt.
1175 1089 1278 1120 neque
1302 1079 1384 1110 enim
1410 1085 1516 1120 aperte
1542 1081 1706 1121 pecuniam

243 1136 438 1177 magistratus
452 1135 613 1176 praemium
629 1133 824 1174 accipientes
841 1133 1020 1163 mercenarii
1037 1133 1139 1163 vocari
1155 1132 1276 1168 volunt,
1295 1143 1397 1172 neque
1413 1133 1602 1172 clanculum,
1614 1135 1709 1167 sures.

241 1199 345 1230 neque
361 1199 461 1219 rursus
476 1186 602 1217 honoris
618 1196 734 1217 causa:
761 1196 824 1216 non
840 1186 922 1216 enirn
949 1186 1102 1216 ambitiosi
1130 1191 1213 1218 sunt.
1259 1186 1394 1227 Oportet
1422 1186 1516 1228 igitur
1538 1189 1708 1219 necessita·

240 1249 302 1275 tem
319 1243 379 1274 illis
395 1242 512 1284 imponi
540 1246 572 1271 et
588 1241 748 1277 mulctam,
766 1240 790 1270 si
817 1239 1004 1281 impellendi
1029 1245 1101 1270 sunt
1127 1245 1163 1270 ut
1189 1240 1286 1271 velint
1311 1240 1521 1282 magistratum
1548 1241 1702 1283 accipere.

240 1298 450 1335 Quamobrem
468 1296 591 1326 videtur
606 1299 697 1336 turpe
713 1294 833 1330 haberi,
849 1299 884 1324 ut
898 1294 967 1335 quis
994 1299 1107 1335 sponte
1135 1294 1174 1324 ad
1201 1295 1418 1336 imperandum
1445 1296 1575 1327 accedat
1600 1306 1703 1336 neque

239 1355 399 1393 exspectet
414 1349 641 1381 necessitatem.
666 1349 796 1378 maxima
811 1358 883 1378 vero
902 1348 1084 1379 muletarum
1102 1353 1149 1378 est
1164 1348 1426 1378 administrationi
1443 1348 1592 1379 malorum
1604 1348 1703 1389 subji-

239 1406 280 1442 ci,
297 1405 357 1435 nisi
373 1405 439 1445 ipse
463 1403 618 1444 acceperit
645 1402 686 1433 rei
715 1402 849 1443 publicae
876 1401 1130 1442 gubernaculum.
1154 1402 1235 1432 hanc
1259 1401 1367 1442 utique
1393 1412 1514 1442 poenam
1543 1401 1703 1437 timentes,

238 1459 433 1500 magistratus
447 1467 559 1498 capere
577 1456 664 1496 probi
681 1455 820 1486 homines
837 1455 911 1485 mihi
927 1455 1082 1492 videntur,
1098 1455 1122 1485 si
1137 1456 1264 1496 quando
1280 1455 1431 1496 capiunt:
1455 1460 1488 1486 et
1503 1460 1577 1486 tunc
1593 1456 1632 1486 ad
1649 1465 1703 1486 eos

238 1513 394 1544 accedunt
408 1522 471 1541 non
487 1518 635 1550 tanquam
652 1510 690 1539 ad
709 1509 825 1539 bonum
842 1508 982 1550 aliquod,
999 1518 1101 1549 neque
1126 1513 1273 1549 tanquam
1290 1519 1326 1539 ex
1352 1507 1399 1538 his
1425 1508 1618 1549 voluptatem
1645 1509 1703 1539 ali-

238 1577 331 1608 quam
347 1565 518 1606 capientes,
533 1564 587 1594 sed
605 1568 753 1603 tanquam
778 1562 816 1592 ad
845 1572 907 1592 rein
936 1562 1153 1603 necessariam,
1169 1572 1240 1592 cum
1266 1572 1369 1603 neque
1396 1562 1573 1593 melioribus
1597 1572 1702 1603 neque

235 1619 386 1650 similibus
403 1629 435 1649 sc
465 1617 659 1648 committere
691 1616 825 1647 valeant.
873 1615 1001 1656 Quippe
1031 1615 1056 1645 si
1084 1616 1232 1645 bonorum
1263 1615 1393 1645 virorum
1421 1621 1553 1646 exstaret
1579 1615 1700 1654 civitas,

236 1674 268 1704 in
297 1683 346 1713 ea,
376 1677 410 1702 ut
440 1671 582 1710 arbitror,
610 1670 693 1700 haud
723 1669 812 1700 aliter
839 1679 902 1699 non
931 1668 1108 1709 imperandi
1137 1669 1235 1709 gratia
1266 1674 1465 1708 pugnaretur,
1495 1679 1588 1710 quam
1617 1679 1702 1700 nunc

235 1731 369 1758 certetur
382 1725 556 1767 imperandi
573 1724 748 1765 cupiditate
765 1735 771 1753 z
798 1723 903 1764 ibique
920 1727 1051 1763 pateret,
1067 1732 1170 1753 revera
1189 1721 1359 1763 legitimum
1379 1722 1550 1763 principem
1565 1732 1629 1753 non
1651 1723 1700 1754 sui

233 1777 412 1821 ipsius,'sed
430 1778 498 1819 ejus
525 1777 579 1818 qui
603 1777 661 1807 sub
684 1776 755 1817 ipso
782 1780 840 1811 est,
857 1775 1108 1805 commoditatem
1134 1774 1299 1816 respicere.
1344 1775 1449 1812 Quare
1476 1776 1701 1818 unusquisque,

234 1833 290 1874 qui
306 1842 368 1863 non
385 1842 490 1862 amens
507 1831 558 1870 sit,
574 1831 680 1871 potius
695 1829 792 1869 eliget
807 1829 900 1859 alium
915 1828 973 1859 sibi
990 1829 1146 1869 prodesse,
1162 1839 1267 1869 quam,
1284 1829 1358 1859 dum
1374 1829 1442 1859 aliis
1457 1829 1524 1870 ipse
1550 1829 1701 1864 consulit,

234 1897 301 1918 sese
317 1885 451 1927 negotiis
466 1884 638 1925 implicare.
682 1883 754 1913 Hoc
770 1882 864 1923 igitur
879 1893 938 1923 ego
954 1882 1185 1923 Thrasymacho
1202 1881 1289 1914 nullo
1306 1887 1398 1924 pacto
1413 1883 1566 1922 concedo,
1578 1882 1699 1923 justum

235 1941 361 1982 quidem
375 1951 440 1970 esse
456 1938 642 1980 potentioris
659 1937 837 1968 utilitatem.
861 1947 963 1967 verum
981 1937 1039 1967 hoc
1055 1936 1206 1976 deinceps
1231 1937 1504 1976 considerandum,
1519 1936 1617 1966 multo
1644 1946 1700 1966 au-

235 1999 297 2024 tem
314 1993 387 2023 mihi
404 1992 505 2033 majus
521 1992 644 2022 videtur
671 2002 749 2027 esse,
765 1992 849 2032 quod
879 2001 962 2022 nunc
988 1990 1238 2032 Thrasymachus
1270 1990 1359 2025 dicit,
1376 2000 1446 2021 cum
1470 1989 1578 2030 injusti
1604 1988 1698 2020 vitam

236 2046 392 2077 meliorem
414 2046 478 2076 vita
499 2044 578 2086 justi
604 2055 670 2075 esse
697 2044 836 2075 affirmet.
881 2044 928 2074 Tu
944 2044 1064 2085 itaque,
1080 2055 1098 2074 o
1115 2044 1250 2084 Glauco,
1267 2049 1368 2075 utrum
1396 2044 1523 2074 istorum
1549 2049 1697 2085 tauquam

234 2100 334 2130 verius
350 2099 466 2140 eligis?
512 2098 626 2129 GLAu.
650 2097 733 2129 Justi
751 2097 845 2128 vitam
875 2098 1023 2139 poti01em
1055 2098 1209 2129 existimo.
1254 2098 1312 2129 So.
1334 2097 1475 2134 Audisti,
1500 2096 1597 2137 [348]
1620 2102 1699 2138 quot

236 2152 330 2193 paulo
345 2157 418 2183 ante
444 2151 568 2192 injustae
593 2151 664 2182 vitae
693 2152 773 2181 bona
798 2151 1049 2192 Thrasymachus
1075 2151 1279 2182 numerabat?
1327 2151 1442 2182 GLAu.
1465 2150 1584 2181 Audivi
1607 2150 1696 2192 equi-

234 2207 328 2236 dem:
355 2210 536 2236 nontamen
553 2205 712 2235 assentior.
759 2206 817 2237 So.
839 2205 936 2236 Visne
952 2205 998 2235 illi
1028 2211 1244 2246 monstremus,
1261 2204 1286 2235 si
1311 2215 1373 2245 quo
1400 2204 1494 2234 modo
1521 2214 1700 2244 possumus,

233 2270 304 2290 vera
319 2270 388 2290 eum
405 2259 529 2289 minime
557 2258 682 2289 dicere?
728 2258 842 2290 Gmu.
869 2259 990 2295 Quidni
1018 2259 1107 2289 velim
1122 2259 1132 2288 ?
1179 2259 1233 2290 So.
1255 2258 1289 2288 Si
1315 2257 1484 2288 orationem
1512 2258 1695 2288 contrariam

234 2312 366 2343 orationi
389 2312 472 2342 illius
497 2311 694 2352 objicientes,
721 2312 810 2353 quasi
841 2312 1074 2353 comparatione
1104 2312 1238 2352 quadam
1270 2311 1439 2352 proposita,
1468 2321 1697 2348 enumeremus,

235 2371 312 2406 quot
325 2366 452 2406 insuper
469 2365 551 2395 bona
567 2365 619 2406 qui
631 2364 736 2405 justus
753 2365 792 2395 sit
807 2370 1026 2405 consequatur,
1041 2375 1076 2396 ac
1093 2365 1144 2395 ille
1162 2375 1262 2395 rursus
1286 2364 1426 2395 conserat
1451 2375 1520 2401 sua,
1536 2366 1695 2406 oportebit

234 2425 268 2449 ut
283 2419 390 2449 tertius
404 2419 514 2459 aliquis
530 2425 690 2450 enumeret
706 2420 814 2450 iterum
832 2420 1036 2460 metiaturque
1054 2420 1146 2455 bona,
1163 2424 1365 2460 quotcunque
1381 2418 1502 2460 utrique
1518 2418 1550 2449 in
1563 2424 1696 2461 utroque

232 2473 425 2513 collegimus,
442 2473 595 2513 atqueita
614 2472 776 2513 judicibus
793 2473 977 2514 quibusdam
1003 2473 1235 2504 altercationem
1265 2473 1345 2504 hanc
1370 2473 1587 2504 dirimentibus
1613 2483 1695 2514 opus

233 2527 301 2557 erit.
346 2527 401 2557 Sin
417 2532 533 2561 autem,
549 2526 809 2568 quemadmodum
827 2537 926 2568 nuper
941 2527 1105 2568 ecepimus,
1121 2527 1246 2558 alternis
1271 2526 1525 2558 concessionibus
1545 2526 1693 2557 adductis

232 2580 263 2610 in
291 2580 426 2610 medinm
453 2591 514 2610 rem
541 2580 638 2621 ipsam
664 2580 880 2616 discutiamus,
908 2587 1042 2612 oratores
1069 2581 1129 2622 ipsi
1158 2591 1213 2611 nos
1244 2580 1332 2610 simul
1360 2584 1392 2610 et
1410 2578 1536 2620 judices
1565 2578 1692 2609 erimus,

233 2634 346 2665 Gmu.
369 2633 420 2664 Sic
435 2638 481 2663 cst
494 2634 632 2666 omnino.
664 2634 720 2665 So.
739 2633 816 2665 Uter
832 2634 888 2664 tibi
904 2635 1014 2664 modus
1032 2635 1127 2675 magis
1144 2634 1269 2675 placet?
1304 2632 1418 2664 GLAu.
1438 2632 1515 2663 Iste.
1552 2630 1608 2662 SO.
1624 2630 1693 2672 Age

231 2686 336 2728 igitur,
352 2697 370 2717 ο
382 2686 625 2728 Thrasymache,
643 2688 796 2729 responde
811 2689 901 2719 nobis
917 2699 934 2718 a
952 2689 1117 2729 principio.
1163 2688 1306 2718 Affirmas
1323 2692 1354 2717 tu
1371 2686 1498 2727 quidem
1525 2690 1692 2716 extremam

229 2739 413 2780 injustitiam
430 2745 564 2771 extrema
577 2741 702 2782 justitia
719 2742 870 2773 utiliorem
888 2743 978 2773 esse?
1024 2742 1140 2772 'rnna-
1163 2741 1293 2772 Affinuo
1307 2740 1468 2781 equidem,
1482 2744 1515 2770 et
1541 2739 1692 2770 rationem

229 2793 331 2824 attuli.
376 2792 429 2823 So.
453 2793 537 2830 Quid
556 2794 594 2823 ad
611 2795 693 2826 hoc?
718 2796 858 2837 nunquid
875 2795 999 2826 istorum
1015 2807 1109 2826 unum
1126 2796 1281 2831 virtutem,
1298 2794 1426 2824 alterum
1442 2793 1550 2823 vitium
1574 2802 1668 2823 vocas
1682 2792 1694 2823 ?

228 2846 344 2878 Tum.
369 2846 512 2882 Quidni?
559 2848 614 2879 So.
640 2848 756 2880 Nonne
779 2849 932 2890 justitiam
959 2849 1086 2891 quidem
1116 2849 1273 2884 virtutem,
1301 2846 1483 2888 injustitiam
1511 2851 1614 2876 autem
1645 2845 1692 2876 vi·

229 2899 328 2929 tium?
372 2898 485 2930 Trina.
510 2898 559 2931 An
575 2901 659 2933 istud
677 2903 776 2940 fateri,
793 2903 838 2934 viu·
855 2902 970 2944 lepide,
987 2902 1062 2934 mihi
1079 2903 1239 2942 convenit,
1255 2901 1308 2942 qui
1333 2899 1516 2941 injustitiam
1543 2900 1690 2939 prodesse

228 2952 341 2989 dicam,
356 2952 508 2993 justitiam
526 2955 675 2986 minime?
721 2957 776 2987 So.
801 2957 886 2994 Quid
916 2958 1012 2998 ergo?
1057 2957 1172 2988 'sunm
1199 2955 1409 2986 Contrarium.
1452 2954 1511 2985 So.
1535 2953 1585 2984 An
1613 2954 1690 2984 sorte
