1840 3225
125 234 216 283 134]
661 235 986 274 ALClsslfftDsss
1020 237 1049 276 1.
1540 233 1587 268 57

119 349 190 372 nam
208 340 299 382 igitur
315 345 408 382 pacto
434 341 494 371 ista
516 338 679 381 perspicue
707 348 915 378 nosceremus,
942 346 1106 380 postquam
1133 340 1189 370 buc
1207 338 1365 369 hrtcllecto
1384 347 1438 368 nos
1462 345 1589 377 quoquc

118 395 202 436 ipsos
216 395 429 438 intelligemus
443 395 453 424 ?
477 404 516 424 an
528 394 610 424 forte
627 403 681 433 per
695 393 770 423 deos
787 392 885 434 ipsam
903 393 1136 434 inscriptionem
1154 393 1342 434 Delphicam
1358 396 1440 422 recte
1457 400 1587 421 mouen-

120 454 194 486 tem,
209 448 300 490 cujus
315 459 408 490 supra
422 448 611 479 mentionem
638 447 781 483 fecimus,
807 448 948 478 nondum
975 447 1208 478 intelleximus?
1254 446 1320 478 AL.
1345 446 1503 483 Quidnam
1520 444 1587 474 ani-

119 503 315 534 madvertens
329 503 373 534 sic
386 502 443 538 ais,
460 513 479 532 o
495 502 637 533 Socrates
651 501 662 531 ?
706 501 761 531 So.
785 501 899 532 Dicam
925 500 995 538 tibi,
1006 502 1090 542 quod
1107 501 1246 542 suspicor
1259 501 1338 531 bane
1354 499 1588 540 inscriptionem

119 556 211 587 nobis
224 556 397 587 consulere.
416 566 520 597 neque
536 565 608 586 vero
626 555 738 596 passim
755 554 823 595 ejus
846 555 1012 596 exemplar,
1028 555 1081 585 sed
1098 555 1128 584 in
1147 554 1211 584 visu
1236 554 1333 584 solum
1352 552 1481 584 inveniri
1499 562 1589 593 posse

118 609 251 640 ridetur.
296 609 361 640 At..
385 609 553 646 Quomodo
580 609 612 638 id
642 609 711 639 ais?
755 609 809 640 So.
834 609 1056 650 Contemplare
1081 614 1112 639 tu
1130 619 1276 650 quoquc:
1317 607 1350 638 Si
1367 607 1458 638 oculo
1483 611 1588 636 nostro

118 663 380 704 quemadmodum
397 662 516 694 homini
531 662 750 699 consuluisset,
767 663 849 694 Vide
866 668 896 694 te
912 663 1013 704 ipsum
1030 675 1036 692 ε
1063 663 1221 704 quomodo
1243 662 1273 692 id
1291 662 1488 692 admonuisse
1506 660 1586 690 arbi-

119 718 288 747 traremur?
312 728 416 748 nonne
441 723 474 748 ut
498 717 529 747 in
553 716 630 746 illud
654 716 822 758 inspiceret
841 717 962 752 oculus,
990 728 1026 747 cx
1050 717 1141 757 cujus
1164 717 1277 746 intuitu
1302 715 1449 756 seipsum
1469 714 1586 744 visurus

118 771 224 802 esset?
274 771 338 802 AL.
362 770 506 802 Constat.
552 771 608 801 So.
633 770 874 802 Consideremus
900 772 1017 812 itaque,
1041 771 1071 802 in
1098 771 1173 811 quid
1203 770 1393 810 potissimum
1418 769 1587 802 intuentes,

118 824 195 855 illud
212 825 302 855 simul
317 836 353 856 ac
369 825 522 866 nosipsos
541 825 725 856 videremus.
772 825 834 856 AL.
857 825 894 855 In
909 826 1035 867 specula
1049 831 1079 855 et
1090 825 1150 855 alia
1166 824 1356 865 hujusmodi.
1403 823 1460 854 So.
1484 822 1586 852 Recte

117 878 264 920 loqueris,
281 880 334 910 sed
351 879 455 918 oculo,
479 889 542 920 quo
566 879 716 915 videmus,
733 890 772 910 an
792 890 855 910 non
872 880 953 910 inest
969 879 1147 920 hujusmodi
1164 878 1337 919 quiddam?
1385 877 1448 907 AL.
1472 875 1588 906 Valde.

117 932 172 965 So,
197 932 283 964 Num
299 933 471 974 advertisti,
486 933 571 974 quod
584 933 683 963 -facies
701 933 834 963 bominis
850 934 880 964 in
894 934 1018 965 oculum
1030 932 1181 963 intuentis
1194 932 1225 962 in
1241 931 1378 972 oppositi
1391 930 1454 960 visu
1469 929 1588 959 relucet

118 987 205 1018 velut
230 987 260 1018 in
286 987 439 1028 speculo?
463 998 555 1028 quam
579 998 752 1028 supremam
779 987 875 1029 [1:33]
901 998 1046 1018 vocamus
1074 986 1238 1029 pupillam,
1266 985 1462 1016 simulacrum
1486 983 1587 1024 inspi-

117 1040 399 1072 cientisexsistens.
444 1041 507 1071 AL.
533 1041 674 1072 Adverti.
719 1042 773 1072 So.
799 1042 918 1072 Oculus
932 1042 1024 1083 igitur
1035 1042 1077 1071 ita
1093 1041 1218 1071 demum
1234 1039 1379 1081 seipsum
1396 1038 1588 1077 cernit‚cum

120 1095 152 1125 in
167 1095 292 1126 oculum
308 1094 447 1136 inspicit,
464 1096 495 1125 in
520 1095 614 1136 idque
640 1102 787 1136 praeterea
813 1095 959 1130 intendit,
986 1096 1070 1136 quod
1094 1095 1177 1126 oculi
1203 1095 1357 1135 optimum
1383 1098 1441 1132 est,
1469 1096 1501 1122 et
1526 1100 1589 1131 quo

119 1148 312 1191 oculusipse
334 1149 433 1180 videt.
477 1149 541 1179 AL.
567 1149 721 1191 Apparet.
767 1149 822 1181 So.
847 1150 878 1180 Si
895 1154 998 1180 autem
1015 1149 1045 1179 in
1062 1149 1145 1179 aliud
1170 1149 1328 1190 quoddam
1345 1145 1477 1179 bominis
1494 1154 1589 1175 mern-

119 1202 206 1233 brum
223 1203 403 1244 respexerit,
419 1203 466 1234 vel
485 1203 514 1233 in
531 1204 664 1244 quodvis
680 1203 777 1239 aliud,
795 1209 997 1244 praeterquarn
1015 1204 1045 1233 id
1062 1203 1152 1244 cujus
1169 1203 1228 1232 hoc
1240 1208 1287 1232 est
1302 1200 1412 1236 simile,
1426 1199 1591 1240 haudqua-

117 1267 211 1298 quam
229 1267 260 1287 se
276 1257 375 1297 ipsum
394 1257 556 1298 percipiet.
595 1257 658 1288 AL.
681 1257 811 1288 Verum.
847 1257 900 1288 So.
923 1257 1042 1288 Oculus
1059 1267 1130 1298 ergo
1147 1267 1216 1287 cum
1233 1267 1265 1286 se
1282 1256 1382 1295 ipsum
1401 1254 1518 1284 visurus
1530 1258 1589 1283 est=

116 1309 150 1342 in
166 1310 290 1341 oculum
308 1310 459 1351 respicere
473 1311 579 1348 debet,
605 1317 699 1353 atque
715 1311 746 1342 in
771 1322 842 1342 eum
870 1312 951 1343 oculi
981 1312 1097 1351 locum,
1125 1311 1156 1341 in
1173 1321 1235 1352 quo
1259 1310 1354 1340 virtus
1385 1314 1431 1338 est
1447 1307 1541 1338 oculi.
1564 1307 1588 1337 is

117 1369 220 1396 autem
238 1364 320 1395 visus
337 1370 430 1406 atque
447 1365 575 1406 pupillae
591 1365 672 1396 acies
686 1372 746 1397 est.
792 1366 857 1398 AL.
882 1366 933 1397 Sic
948 1371 1005 1397 est.
1050 1366 1105 1396 So.
1129 1365 1249 1395 Eodem
1275 1369 1368 1405 pacto
1391 1369 1423 1394 et
1437 1362 1552 1401 anima,
1571 1371 1589 1390 0

116 1419 217 1450 amice
231 1418 424 1456 Alcibiades,
448 1420 473 1450 si
489 1430 521 1451 se
537 1419 634 1461 ipsam
652 1431 777 1452 noscere
794 1420 872 1460 vult,
888 1421 920 1451 in
936 1420 1070 1451 animam
1083 1420 1257 1455 intueatur,
1283 1418 1314 1448 in
1331 1427 1465 1458 eumque
1483 1415 1593 1457 praeci·

118 1484 181 1515 pue
197 1473 299 1505 locum
315 1473 439 1510 animae,
465 1474 496 1504 in
513 1485 576 1515 quo
592 1475 672 1506 inest
688 1475 786 1506 virtus
811 1475 935 1513 animae,
958 1475 1124 1516 sapientia,
1141 1479 1172 1505 et
1192 1473 1228 1504 in
1243 1472 1340 1508 alind,
1357 1471 1447 1512 cujus
1461 1471 1521 1500 hoc
1544 1476 1591 1500 est

118 1527 229 1558 simile.
273 1528 338 1558 AL.
362 1528 444 1559 Mihi
461 1529 587 1569 quidem
605 1529 738 1570 videtur,
758 1540 776 1560 o
793 1530 947 1561 Socrates.
980 1530 1046 1561 So.
1070 1528 1155 1560 Num
1173 1527 1305 1569 reperire
1322 1536 1486 1568 possumus
1499 1524 1593 1566 quip-

117 1582 202 1623 piam
220 1581 262 1614 ,ἐτι
289 1573 392 1613 anima
417 1582 555 1620 divinius
579 1583 648 1624 illo,
664 1584 747 1615 circa
762 1585 848 1625 quod
858 1583 1072 1625 intelligentia
1088 1582 1305 1624 sapientiaque
1321 1579 1479 1610 versatur?
1527 1578 1589 1608 Ar„

117 1635 339 1678 Nequaquam.
378 1636 443 1669 30.
469 1636 509 1667 Id
525 1636 619 1678 igitur
634 1637 748 1668 animae
765 1637 866 1668 diavini
882 1637 981 1668 simile
998 1642 1057 1673 est,
1074 1637 1105 1667 in
1122 1636 1207 1677 quod
1224 1645 1298 1666 sane
1313 1634 1384 1676 quis
1400 1633 1536 1669 intuens,
1560 1638 1593 1665 et

118 1700 211 1721 omne
225 1690 379 1731 divinum,
394 1690 499 1721 Deum
508 1691 635 1721 scilicet
649 1696 681 1722 et
697 1691 883 1732 sapientiam
901 1702 1041 1728 cernens,
1057 1690 1102 1722 sic
1123 1702 1156 1721 se
1171 1690 1273 1732 ipsum
1291 1699 1414 1730 prorsus
1429 1693 1591 1729 agnoscet.

119 1743 184 1778 Ar„
209 1745 361 1785 Apparet.
404 1745 464 1779 So.
484 1743 526 1775 Se
563 1744 666 1786 ipsum
705 1755 777 1776 vero
807 1756 1007 1787 cognoscere,
1044 1745 1241 1787 prudentiam
1279 1754 1347 1774 esse
1377 1742 1591 1782 concedimus·

118 1797 182 1828 AL.
198 1797 343 1834 Prorsus.
389 1797 502 1830 So.Si
526 1804 629 1829 autem
659 1810 717 1830 nec
747 1810 803 1830 nos
831 1800 915 1841 ipsos
944 1809 1201 1841 cognosceremus
1226 1808 1285 1828 nec
1312 1797 1480 1838 prudentes
1508 1806 1591 1826 esse·

119 1862 198 1889 mus,
223 1862 426 1893 possemusne
451 1858 556 1884 nostra
584 1864 638 1884 seu
669 1853 749 1884 mala
781 1855 846 1885 sive
876 1855 959 1885 bona
988 1853 1101 1885 nosse?
1149 1853 1212 1883 AL.
1230 1851 1398 1888 Quomodo
1432 1851 1491 1880 hoc
1526 1850 1592 1883 fieri

119 1910 236 1946 posset,
262 1916 281 1937 o
301 1905 468 1938 Socrates?
514 1907 570 1938 So.
593 1907 793 1949 Impossibile
814 1908 871 1938 tibi
895 1908 975 1938 forte
1002 1908 1136 1947 videtur,
1163 1915 1340 1947 quenquam
1367 1915 1430 1934 non
1457 1914 1591 1944 cognos-

114 1963 239 1991 centem
263 1958 475 1996 Alcibiadem,
498 1965 603 1991 tamen
626 1972 696 2002 quae
720 1960 895 1992 Alcibiadis
922 1965 1005 1998 sunt,
1033 1961 1118 2002 quod
1149 1957 1325 1991 Alcibiadis
1357 1958 1431 1998 sint,
1457 1967 1591 1998 cognos-

119 2012 214 2045 cere?
258 2012 323 2045 AL.
348 2013 546 2055 Impossibile
563 2025 616 2056 per
630 2015 754 2047 Jovem.
801 2016 856 2047 So.
880 2015 950 2046 Nec
966 2020 1082 2051 nostra,
1106 2015 1191 2056 quod
1213 2019 1318 2044 nostra
1339 2012 1413 2047 sint,
1429 2011 1489 2042 nisi
1507 2011 1591 2052 prius

122 2077 180 2098 nos
194 2066 304 2109 ipsos?
351 2067 417 2099 AL.
443 2068 540 2099 Nullo
557 2070 661 2101 modo.
706 2069 761 2101 So.
783 2069 816 2100 Si
844 2074 948 2101 nostra
972 2070 1161 2111 ignoremus,
1185 2079 1244 2099 nec
1265 2078 1316 2107 ea,
1331 2077 1401 2108 quae
1418 2071 1591 2097 nestrorum

119 2126 204 2158 sunt,
218 2121 452 2164 intelligemus?
497 2123 562 2155 AL.
585 2123 674 2165 Non,
699 2131 733 2154 ut
749 2125 881 2155 videtur·
926 2123 981 2156 So.
1005 2123 1080 2154 Non
1103 2123 1196 2165 igitur
1210 2128 1294 2154 recte
1317 2120 1593 2157 omninoconsen-

121 2175 228 2214 simus,
243 2186 313 2207 curn
328 2186 422 2218 supra
437 2177 589 2218 quosdam
603 2188 671 2209 esse
685 2189 904 2216 asseveremus,
930 2178 986 2220 qui
1001 2189 1033 2209 se
1053 2178 1248 2220 ignorantes,
1264 2186 1319 2207 sua
1335 2180 1438 2206 tamen
1451 2164 1591 2216 'dignos-

120 2235 238 2262 cerent-
270 2229 371 2272 Atqui
386 2241 446 2262 nec
460 2241 498 2262 ea
512 2231 619 2270 etiarn,
635 2243 707 2274 quae
723 2244 860 2264 suorum.
883 2233 950 2264 haec
965 2232 1048 2263 enim
1066 2237 1180 2264 cuncta
1195 2231 1377 2272 dignoscere
1396 2228 1486 2259 unius
1498 2232 1594 2269 atque

119 2283 261 2326 ejusdem
285 2285 358 2315 artis
380 2284 516 2317 officium
541 2297 608 2317 esse
634 2286 768 2324 videtur,
795 2298 828 2318 se
853 2288 956 2328 ipsum
982 2286 1114 2325 scilicet‚
1137 2291 1170 2316 et
1195 2295 1265 2327 quae
1289 2294 1344 2315 sua
1366 2288 1450 2319 sunt,
1473 2287 1506 2313 et
1521 2291 1592 2323 quae

117 2348 259 2371 suorum.
293 2338 359 2371 Ar..
385 2339 531 2371 Videtur.
569 2340 625 2372 So.
649 2341 694 2372 At
709 2342 763 2383 qui
779 2352 835 2372 sua
849 2341 985 2383 ignorat,
1002 2341 1124 2383 ignorat
1138 2345 1169 2371 et
1186 2339 1298 2371 aliena.
1339 2338 1402 2369 Ar..
1426 2337 1491 2368 Cur
1503 2346 1564 2366 non
1580 2337 1592 2366 ?

119 2391 176 2422 So.
199 2391 284 2423 Num
300 2392 407 2435 igitur,
421 2393 446 2424 si
461 2393 576 2430 aliena,
592 2395 687 2426 etiarn
703 2405 774 2437 quae
790 2395 952 2427 civitatum
969 2401 1053 2432 sunt,
1070 2394 1226 2437 ignorabit
1240 2394 1250 2423 ?
1296 2392 1360 2423 At.
1384 2390 1521 2422 Necesse
1533 2395 1592 2420 est.

119 2445 177 2477 So.
200 2445 371 2487 Nunquam
394 2457 468 2489 ergo
491 2448 542 2480 hic
567 2449 612 2479 vir
626 2449 726 2480 civilis
747 2455 839 2481 esset.
884 2449 949 2481 AL.
970 2449 1045 2481 Non
1069 2454 1165 2481 certe.
1209 2448 1266 2478 So.
1292 2446 1361 2477 Nec
1378 2444 1591 2476 oeconomicus

118 2499 225 2530 etiam.
249 2499 346 2542 [134]
373 2500 440 2532 Ar..
461 2501 577 2543 Neque
603 2504 674 2535 hoc.
721 2504 778 2535 So.
801 2503 872 2535 Nec
903 2504 987 2545 quod
1028 2504 1105 2545 agit,
1138 2501 1303 2542 intelliget.
1349 2499 1413 2531 AL.
1438 2497 1590 2528 Minime.

119 2552 177 2584 3⁰·
201 2553 352 2594 Ignorans
369 2559 486 2592 autem»
512 2565 617 2588 nonne
640 2558 775 2589 errabit?
820 2558 885 2588 Ar..
907 2558 1060 2588 Maxime.
1107 2558 1162 2587 So.
1186 2555 1251 2592 Qui
1274 2563 1346 2584 vero
1361 2557 1454 2589 errat,
1470 2561 1510 2582 an
1526 2561 1590 2581 non

121 2606 202 2638 male
217 2612 290 2649 aget
304 2612 337 2639 et
352 2608 493 2649 privatim
509 2614 541 2640 et
554 2610 680 2651 publice
695 2612 706 2642 ?
751 2611 816 2643 AL.
841 2611 985 2649 Quidni?
1031 2612 1088 2642 So.
1112 2610 1200 2640 Male
1223 2618 1330 2650 agens.
1345 2617 1451 2638 nonne
1475 2605 1590 2637 miser?

118 2660 184 2692 Ar..
206 2660 247 2691 Et
265 2662 397 2693 maxime
413 2663 551 2704 quidem.
596 2664 653 2695 So.
676 2665 727 2696 An
753 2676 823 2697 vero
848 2671 880 2696 et
892 2666 930 2706 ii,
943 2657 1129 2706 quibuscum
1151 2665 1223 2694 baec
1242 2662 1331 2703 agit?
1377 2660 1445 2692 Ar..
1463 2659 1512 2690 Et
1537 2659 1589 2689 isti

118 2725 257 2756 quoque.
292 2716 349 2747 So.
373 2716 476 2748 Nemo
493 2717 599 2759 itaque
614 2718 687 2749 felix
703 2730 769 2751 esse
786 2725 900 2761 potest,
917 2720 975 2750 nisi
993 2719 1118 2760 sapiens
1135 2719 1298 2757 bonusque
1314 2716 1364 2746 sit.
1390 2714 1450 2745 AL.
1475 2712 1592 2743 Nemo.

119 2769 176 2801 So.
199 2769 357 2811 Sequitur,
388 2777 424 2801 ut
446 2771 518 2802 mali
545 2772 687 2803 homines
713 2773 814 2804 miseri
841 2774 915 2805 sint.
962 2773 1028 2803 AL.
1052 2772 1215 2813 Apprime.
1262 2770 1318 2799 So.
1345 2767 1418 2798 Non
1443 2777 1515 2807 ergo
1538 2765 1592 2806 qui

119 2823 208 2854 dives
232 2823 280 2861 fit,
313 2825 366 2855 sed
392 2825 446 2866 qui
471 2827 621 2867 prudens,
637 2826 789 2858 miseriam
806 2828 893 2860 vitat.
941 2827 1007 2858 Αι..
1030 2826 1176 2857 Videtur.
1221 2824 1278 2855 So.
1303 2821 1512 2858 Quamobrem
1537 2828 1593 2848 ¹¹⁰0

120 2877 271 2908 moenibus
286 2888 344 2910 uec
359 2880 489 2910 navibus
511 2870 753 2923 triremibusque
769 2888 862 2924 atque
880 2881 1089 2923 navalibus,'o
1115 2877 1306 2913 Alcibiades,
1320 2886 1380 2906 nce
1397 2872 1596 2904 multitudine

123 2940 182 2962 nec
208 2931 417 2972 amplitudine
444 2933 509 2966 sine
535 2934 648 2967 virtute
679 2935 789 2967 civitas
815 2937 855 2968 ad
881 2936 1064 2967 felicitatem
1092 2932 1224 2974 indiget.
1268 2931 1331 2960 Ari.
1356 2927 1429 2959 Non
1446 2926 1598 3010 prqsccto.

213 2984 303 3017 Ριαι.
323 2987 378 3018 Tr.
915 2990 960 3023 11.
1474 2980 1488 3010 ¹
