1840 3225
80 243 181 293 523]
466 243 539 280 DE
571 240 878 280 REPUBLICA
908 242 1004 282 Lm.
1037 243 1126 282 VH.
1471 246 1546 284 185

76 344 296 387 potissimum?
339 347 394 378 So.
417 344 499 384 Quae
531 345 654 377 scilicet
687 355 751 376 non
781 345 902 377 inutilis
927 346 968 377 sit
999 347 1154 379 bellicosis
1193 347 1382 379 hominibus.
1427 348 1544 389 Quo.

74 399 210 441 Oportet
224 412 312 439 sane,
326 401 354 433 ei
370 401 495 443 quidem
511 405 559 431 est
573 399 732 441 possibile.
777 399 832 431 So.
858 400 1066 442 Gymnastica
1083 412 1173 443 porro
1185 407 1216 432 et
1226 403 1342 434 musica
1355 403 1388 433 in
1402 403 1547 444 superio-

75 454 186 486 ribusa
199 455 288 486 nobis
299 461 372 487 sunt
387 454 511 485 eruditi.
556 453 671 484 Graiu.
694 453 744 483 Ita
758 463 880 494 prorsus
891 460 937 484 est
951 460 1066 485 actum.
1112 456 1169 486 So.
1193 455 1400 498 Gymnastica
1413 457 1541 499 quidem

73 508 156 540 circa
182 509 226 546 id,
251 511 336 552 quod
361 508 501 549 augescit
525 512 557 537 et
583 506 702 542 deficit,
728 506 839 537 versari
863 507 997 538 videtur.
1021 519 1092 539 nam
1116 510 1342 540 incrementum
1358 511 1496 552 corporis
1512 516 1547 542 et

76 563 308 595 decrementum
334 562 520 594 considerat.
565 560 682 592 GLAU.
705 560 860 602 Apparet.
907 561 963 594 So,
984 561 1064 593 Haec
1091 573 1162 603 crgo
1191 573 1256 594 non
1286 563 1344 594 erit
1373 575 1420 600 ea,
1449 574 1543 605 quam

76 617 252 658 quaerimus,
276 616 454 658 disciplina.
508 614 624 646 GLAU.
648 613 737 645 Non.
783 613 840 645 So.
863 614 916 645 An
943 614 1022 645 forte
1049 625 1148 657 genus
1177 615 1255 646 illud
1285 616 1424 658 musicae,
1454 618 1542 658 quod

76 681 168 713 supra
177 671 388 703 narravimus?
412 669 527 701 Grsu.
545 668 588 700 At
598 668 724 699 oratilla
735 668 875 709 quidem,
887 668 912 698 si
923 673 1009 700 tenes
1021 669 1179 705 memoria,
1191 670 1393 711 proportione
1404 671 1540 712 quadam

76 725 280 766 gymnasticae
307 724 567 766 correspondens,
596 721 824 753 consuetudine
855 722 1054 764 moribusque
1089 724 1234 754 custodes
1272 723 1430 760 erudiens,
1462 735 1542 766 prae-

76 779 216 820 beneque
242 778 414 810 seeundum
443 777 635 808 harmoniam
658 775 918 816 compositionem
943 781 975 807 et
999 776 1241 807 concinnitatem
1265 777 1421 818 quandam
1441 778 1544 818 potius

79 842 172 873 quam
188 832 361 869 scientiam,
377 837 409 863 et
425 831 595 863 secundum
614 830 794 871 rhythmum
811 830 1057 861 modulationem
1081 841 1338 872 numerosamque
1355 831 1544 863 decentiam.

78 886 154 926 quin
170 886 264 918 etiam
282 887 314 917 in
331 886 470 917 oratione
486 885 547 916 alia
560 885 704 927 quaedam
721 884 844 925 generis
860 884 1001 925 ejusdem
1018 885 1171 921 continet,
1188 890 1250 915 tam
1266 886 1370 926 quoad
1384 886 1543 916 fabulosos

74 950 231 972 sermones
244 951 338 983 quam
366 941 471 982 quoad
488 950 586 972 veros.
608 938 747 979 cognitio
764 949 837 970 vero
861 939 930 969 talis
945 938 1107 980 cujusdam
1123 939 1210 975 boni,
1226 940 1318 981 quale
1336 944 1368 970 tu
1386 950 1469 970 nunc
1493 940 1547 970 in-

70 995 217 1036 vestigaS.
231 997 266 1027 in
281 1006 318 1027 ea
333 995 420 1026 nulla
443 1005 564 1036 prorsus
589 993 719 1024 exsistit.
765 994 821 1026 So.
846 993 1026 1035 Diligenter
1047 994 1215 1024 admodum
1239 1004 1287 1024 me
1303 994 1540 1025 commonuisti.

72 1057 143 1078 nam
172 1059 275 1080 revera
298 1048 360 1080 tale
387 1048 464 1079 nibil
491 1048 606 1078 habere
628 1052 789 1088 comperta
811 1052 869 1078 est.
915 1047 1075 1084 Ceterum,
1099 1058 1117 1077 o
1135 1048 1225 1078 beate
1240 1047 1376 1087 Glauco,
1391 1057 1536 1089 quaenam

72 1100 144 1131 talis
159 1101 218 1132 erit
233 1102 388 1134 facultas?
411 1101 528 1133 etenim
547 1106 626 1132 artes
641 1101 832 1132 mechanicae
849 1101 1077 1143 illiberalesque
1094 1112 1201 1132 omnes
1224 1112 1292 1132 esse
1308 1102 1541 1143 quodammodo

71 1154 145 1186 visae
161 1161 244 1187 sunt.
291 1155 406 1187 Gnau.
433 1155 581 1193 Quidni?
628 1155 684 1185 So.
708 1153 754 1184 At
776 1165 848 1184 vero
864 1165 1007 1195 quaenam
1035 1155 1095 1185 alia
1111 1160 1258 1196 praeterea
1277 1160 1371 1185 restat
1386 1155 1543 1192 doctrina,

71 1219 90 1239 a
106 1210 229 1241 Musica
245 1215 277 1241 et
293 1209 500 1252 Gymnastica
526 1209 705 1250 artibusque
721 1209 842 1239 diversa
856 1208 867 1238 ?
913 1208 982 1249 Age
998 1209 1115 1250 itaque,
1140 1209 1166 1239 si
1181 1208 1257 1240 nillil
1274 1209 1313 1239 ab
1330 1209 1377 1238 his
1400 1218 1539 1239 seorsum

72 1263 214 1304 accipere
236 1274 411 1305 possumus,
439 1263 558 1304 aliquid
581 1262 689 1292 saltem
714 1273 753 1292 ex
776 1261 825 1298 iis,
850 1272 920 1302 quae
936 1273 992 1303 per
1015 1263 1119 1293 omnia
1134 1263 1322 1299 discurrunt,
1338 1263 1540 1303 accipiamus.

74 1316 188 1349 GLAU.
212 1316 372 1354 Quidnam
387 1318 398 1347 ?
443 1317 499 1347 So.
523 1316 699 1347 Commune
721 1314 841 1346 scilicet
855 1316 947 1353 illud,
963 1326 1026 1357 quo
1042 1327 1150 1346 omnes
1167 1322 1296 1347 utuntur
1309 1321 1402 1351 artes,
1419 1315 1540 1356 cogita-

35 1364 43 1370 ⁷
73 1370 174 1401 tiones
190 1376 284 1412 atque
308 1371 470 1401 scientiae:
495 1371 580 1411 quod
604 1370 717 1411 cuique
742 1370 774 1399 in
797 1370 903 1410 primis
927 1370 1100 1401 necessario
1118 1376 1164 1401 est
1179 1370 1375 1401 discendum.
1422 1369 1540 1400 GLAU.

74 1423 177 1460 Quale
193 1423 300 1454 istud?
346 1424 401 1456 So.
427 1424 512 1456 Leve
529 1424 587 1454 hoc
603 1428 635 1454 et
648 1422 779 1464 puerile,
796 1433 985 1463 cognoscere
1001 1423 1121 1454 scilicet
1137 1435 1246 1460 unum,
1263 1424 1341 1460 duo,
1359 1424 1414 1454 tria
1426 1435 1436 1454 ς
1454 1424 1540 1465 quod

73 1477 247 1508 summatim
264 1488 425 1509 numerum
441 1484 474 1509 et
489 1477 756 1519 computationem
774 1487 864 1509 voco.
887 1487 927 1507 an
942 1488 1004 1508 non
1019 1478 1065 1508 ita
1080 1483 1190 1508 natura
1206 1485 1421 1519 comparatum
1437 1484 1494 1514 est,
1509 1483 1544 1509 ut

72 1531 172 1562 omnis
187 1541 234 1562 ars
249 1537 343 1573 atque
356 1532 487 1563 scientia
498 1536 629 1573 cogatur
641 1532 748 1561 horum
763 1531 919 1572 particeps
935 1531 999 1562 fieri
1014 1532 1025 1561 ?
1071 1531 1185 1563 Gmu.
1208 1532 1250 1562 Et
1263 1531 1392 1563 maxime
1402 1532 1542 1573 quidem.

72 1585 128 1616 So.
151 1585 268 1617 Nonne
282 1597 330 1617 res
346 1586 458 1618 bellica
479 1585 598 1617 etiam?
645 1584 761 1616 Grau.
784 1585 1003 1617 Necessarium
1028 1592 1076 1617 est
1090 1587 1230 1618 omnino.
1276 1587 1332 1618 So.
1356 1586 1542 1617 Ridiculum

72 1639 185 1670 ducem
204 1640 386 1672 Palamedes
411 1640 680 1682 Agamemnonem
708 1640 803 1670 fuisse
820 1640 934 1680 passim
960 1640 991 1670 in
1011 1641 1168 1681 tragoediis
1192 1641 1340 1673 ostendit.
1364 1651 1403 1671 an
1419 1641 1543 1682 ignoras

74 1694 159 1734 quod
174 1704 206 1725 se
220 1694 380 1735 profitetur
395 1695 514 1726 numeri
529 1694 737 1730 inventorem,
755 1695 924 1735 asseritque
948 1695 1032 1736 apud
1048 1694 1174 1736 Trojam
1193 1695 1264 1725 belli
1281 1695 1364 1726 acies
1382 1695 1541 1726 ordinasse

73 1757 231 1790 navesque
246 1753 279 1779 et
293 1748 410 1790 reliqua
425 1748 530 1779 omnia
545 1758 720 1778 numerasse
736 1760 743 1778 z
762 1748 850 1789 quasi
866 1749 974 1779 horum
987 1759 1132 1780 numerus
1150 1754 1223 1779 ante
1233 1748 1340 1780 fuisset
1350 1749 1541 1790 incognitus,

75 1808 108 1832 et
131 1802 361 1843 Agamemnon,
387 1808 422 1834 ut
446 1803 579 1840 videtur,
605 1813 708 1843 neque
733 1808 811 1844 quot
837 1803 934 1843 pedes
949 1803 1076 1833 haberet
1091 1803 1272 1844 agnoverit?
1300 1802 1453 1843 siquidem
1475 1807 1543 1834 erat

76 1857 320 1898 computationis
333 1857 470 1898 ignarus.
493 1856 617 1898 qualem
634 1857 740 1898 itaque
757 1862 831 1887 tunc
848 1857 944 1887 fuisse
960 1857 1072 1888 ducem
1088 1857 1266 1887 existimas?
1291 1856 1405 1887 GLAu.
1423 1856 1542 1886 Absur-

75 1910 150 1941 dum
166 1911 324 1952 equidem,
347 1911 373 1942 si
399 1922 466 1942 vera
483 1912 550 1941 haec
567 1915 665 1941 erant.
710 1911 765 1941 So.
788 1910 1003 1941 Necessariam
1027 1921 1101 1951 ergo
1117 1920 1312 1941 numerorum
1328 1909 1540 1951 cognitionem

74 1965 165 1996 militi
180 1976 247 1996 esse
262 1966 413 2002 dicemus,
431 1971 465 1995 ut
480 1971 512 1996 et
527 1975 686 1996 numerare
701 1970 734 1996 et
748 1969 928 2005 computare
945 1965 1056 1997 valeat.
1089 1964 1202 1996 GLAu.
1219 1963 1362 1995 Maxime
1377 1963 1516 1994 omniurn
1531 1975 1540 1997 ε

74 2019 99 2049 si
116 2019 209 2049 modo
236 2020 275 2050 ad
301 2019 489 2050 ordinandas
513 2020 596 2051 acies
619 2020 747 2050 omnino
770 2020 854 2050 rudis
877 2030 943 2050 esse
967 2030 1030 2049 non
1055 2019 1173 2050 debet:
1199 2018 1294 2049 immo
1318 2029 1390 2048 vero
1405 2017 1431 2048 si
1447 2018 1540 2048 homo

74 2073 195 2103 futurus
209 2078 267 2104 est.
311 2072 369 2103 So.
394 2073 443 2103 An
461 2073 516 2104 tibi
532 2073 563 2103 in
580 2074 637 2105 hac
654 2073 833 2115 disciplina,
850 2074 935 2115 quod
960 2074 1048 2109 mihi,
1066 2073 1152 2103 venit
1166 2071 1199 2103 in
1217 2077 1350 2103 mentem
1367 2072 1379 2102 ?
1424 2070 1540 2104 Guv.

76 2126 185 2163 Quid?
230 2126 286 2156 So.
307 2125 441 2157 Videtur
456 2133 564 2158 natura
579 2137 617 2158 ex
633 2137 738 2158 eorum
756 2138 883 2158 numero
900 2138 978 2164 esse,
1002 2137 1073 2169 quae
1088 2128 1129 2158 ad
1142 2126 1383 2168 intelligentiam
1399 2125 1542 2156 homines

75 2179 211 2216 elevant,
226 2179 334 2221 qualia
349 2191 406 2211 nos
420 2181 625 2224 perquirimus
639 2193 646 2212 :
671 2192 805 2223 cumque
822 2181 892 2212 talis
908 2181 958 2219 sit,
977 2187 1011 2212 ut
1025 2182 1152 2212 omnino
1168 2187 1304 2212 mentem
1319 2181 1359 2211 ad
1376 2179 1542 2211 essentiam

75 2233 216 2264 attollere
231 2234 339 2275 possit,
356 2245 460 2271 nem0,
476 2241 512 2266 ut
533 2236 638 2272 decet,
658 2237 717 2267 hac
741 2235 787 2266 uti
803 2235 985 2276 cognitione
1002 2235 1134 2266 videtur.
1180 2233 1296 2267 Guu.
1321 2234 1394 2271 Qua
1420 2232 1540 2264 ratione

74 2287 106 2317 id
121 2287 191 2318 ais?
235 2288 292 2319 So.
316 2288 463 2320 Conabor
489 2290 634 2331 equidem
658 2289 758 2332 [523]
783 2300 906 2321 sensum
939 2300 1040 2320 meum
1071 2288 1254 2330 exprimere.
1300 2287 1537 2323 Animadverte,

75 2341 216 2376 obsecro,
242 2343 504 2383 quemadmodum
532 2354 654 2375 mecum
678 2343 746 2385 ipse
769 2354 882 2385 genera
904 2354 1003 2374 rerum
1027 2343 1070 2373 ita
1093 2343 1266 2384 distinguo,
1282 2347 1318 2372 ut
1332 2341 1476 2382 quaedam
1500 2341 1541 2371 ad

76 2393 316 2434 intelligentiam
331 2396 461 2432 ducant,
486 2396 591 2437 qualia
614 2407 671 2427 nos
697 2397 841 2434 dicimus,
858 2398 1003 2438 quaedam
1022 2396 1167 2427 minime:
1193 2401 1235 2433 et,
1251 2405 1321 2436 quae
1337 2395 1452 2431 dicam,
1468 2404 1541 2425 con-

76 2446 163 2476 firma
178 2447 225 2477 vel
241 2458 344 2489 nega3
369 2454 403 2480 ut
418 2449 530 2481 clarius
557 2451 789 2491 dignoscamus,
817 2460 858 2481 an
880 2451 943 2482 hoc
967 2450 1028 2481 tale
1045 2450 1096 2487 sit,
1111 2449 1204 2491 quale
1219 2449 1381 2480 vaticinor.
1427 2448 1543 2479 GLAU.

77 2499 219 2531 Ostende
229 2500 307 2542 jam.
352 2502 408 2534 So.
433 2503 515 2534 Ecce
532 2505 664 2536 ostendo
681 2516 688 2535 :
714 2504 739 2535 si
763 2505 857 2535 modo
881 2515 939 2541 res,
955 2514 1026 2546 quae
1049 2514 1156 2535 sensus
1173 2508 1310 2540 movent,
1326 2503 1414 2534 vides
1430 2503 1542 2543 partim

78 2553 156 2584 tales
185 2564 264 2591 esse,
289 2560 324 2585 ut
349 2557 388 2587 ad
415 2557 676 2589 considerandum
700 2558 938 2600 intelligentiam
969 2559 1095 2589 minime
1121 2562 1304 2599 provocent,
1332 2562 1440 2598 utpote
1470 2567 1542 2598 quae

76 2607 263 2639 sufficienter
291 2615 364 2639 sunt
386 2619 404 2640 a
424 2610 563 2641 sensibus
587 2611 759 2652 judicatae:
792 2613 904 2654 partim
932 2612 1020 2648 tales,
1050 2617 1084 2642 ut
1110 2616 1293 2653 provocent,
1319 2611 1408 2651 quasi
1434 2621 1542 2642 sensus

76 2659 108 2690 in
138 2661 183 2691 eis
217 2662 294 2692 nihil
324 2663 443 2694 sincere
481 2664 647 2705 dijudicet.
705 2665 821 2697 GLAU.
853 2667 933 2704 Quae
966 2666 1072 2708 procul
1103 2665 1272 2696 admodum
1303 2665 1543 2706 prospiciuntur,

78 2713 168 2750 dicis,
193 2721 226 2746 et
250 2726 321 2756 quae
348 2717 579 2758 quodammodo
603 2718 784 2751 adumbrata
809 2726 893 2751 sunt.
937 2720 990 2750 So.
1013 2719 1106 2750 Haud
1136 2718 1221 2755 satis,
1236 2729 1380 2760 quaenam
1403 2719 1544 2753 dixerim,

75 2767 250 2808 conjecisti.
296 2770 410 2802 GLAu.
435 2772 589 2808 Quaenam
623 2773 743 2814 igitur?
789 2774 846 2806 So.
870 2774 918 2805 Ea
943 2784 1034 2815 porro
1057 2774 1129 2805 dico
1155 2779 1290 2805 mentem
1316 2772 1442 2803 minime
1471 2781 1542 2812 pro-

79 2831 200 2862 vocare,
214 2832 410 2866 quaecunque
433 2826 464 2856 in
487 2827 675 2857 contrarium
697 2827 788 2859 simul
805 2839 927 2860 sensum
944 2839 1007 2858 non
1024 2828 1188 2860 incidunt:
1214 2838 1284 2870 quae
1310 2837 1381 2858 vero
1405 2824 1544 2856 subinci-

82 2874 163 2904 dunt
191 2875 222 2906 in
251 2879 450 2916 contrarium,
488 2886 669 2921 provocant,
700 2887 864 2923 postquam
896 2893 1004 2913 sensus
1035 2892 1098 2912 non
1127 2882 1187 2913 hoc
1212 2881 1309 2921 magis
1340 2889 1433 2921 qnam
1468 2887 1544 2908 con-

81 2927 204 2958 trarium
234 2938 394 2970 monstrat,
426 2934 489 2965 sive
522 2935 643 2966 eminus
674 2946 728 2967 seu
757 2937 899 2968 cominus
933 2937 1102 2968 intueatur.
1139 2936 1183 2967 sic
1212 2940 1328 2971 autem,
1344 2933 1428 2974 quod
1460 2931 1543 2965 dico,

175 2981 265 3015 Ριιιι.
284 2984 337 3017 Tr.
844 2989 889 3023 11.
1386 2989 1406 3018 2
1431 2984 1461 3019 A
