1840 3225
288 212 361 251 168
856 211 1121 251 PLA'ron-ls
1645 216 1742 266 [489

283 318 389 349 multis
405 318 582 360 colligendo
598 328 776 360 comparare
791 329 860 350 curn
876 319 924 350 his
939 320 1089 362 denique,
1106 324 1139 350 et
1161 318 1314 361 cujusque
1329 318 1462 351 invicem
1478 320 1632 362 explicare
1648 322 1744 353 ratio-

284 383 370 412 nem,
397 372 495 403 veluti
522 382 592 403 cum
623 373 755 414 pictores
780 373 976 415 tragelaphos
1001 380 1033 404 et
1057 379 1160 404 cetera
1187 373 1368 414 hujusmodi
1395 374 1580 416 multiplicia
1594 375 1744 416 figmenta

282 426 471 466 depingunt.
505 426 605 467 Finge
620 426 724 457 animo
738 428 894 469 quendam
911 428 998 458 navis
1013 433 1068 458 aut
1082 427 1188 458 classis
1203 428 1439 468 gubernatorem
1455 428 1645 470 hujusmodi,
1657 440 1744 471 mag-

282 479 427 510 nitudine
443 485 475 511 et
490 482 597 512 robore
613 481 750 522 corporis
765 482 899 523 reliquos
915 487 1025 512 nautas
1035 483 1248 517 excedentem,
1262 482 1388 512 surdum
1406 493 1476 513 vero
1492 488 1525 513 et
1538 483 1744 526 caligantibus

281 533 380 564 oculis
395 540 426 564 et
442 539 545 564 mente
561 535 795 576 gubernationis
809 535 907 566 inscia
921 547 930 574 3
953 541 1063 566 nautas
1077 540 1179 566 autem
1196 536 1236 566 de
1249 536 1473 574 gubernatione
1488 536 1621 568 invicem
1637 538 1744 569 decer-

281 591 392 623 tantes,
418 591 451 618 et
477 597 731 630 unumquemque
757 595 919 631 putantem
945 600 977 620 se
999 587 1131 630 imperio
1159 590 1302 630 dignum,
1327 600 1396 621 cum
1415 601 1473 622 nec
1487 596 1583 622 artem
1598 591 1746 623 didicerit

281 651 432 682 unquam,
447 652 506 672 nec
520 642 568 672 sui
584 648 806 684 praeceptorem
824 644 918 674 ullum
936 644 1034 685 possit
1050 645 1226 680 ostendere,
1244 655 1347 686 neque
1367 655 1429 686 quo
1445 650 1585 686 tempore
1599 646 1745 677 didicerit

281 695 436 735 assignare
451 707 460 734 3
484 703 634 737 negantes
649 697 723 738 quin
739 698 831 729 ctiam
849 706 943 729 artem
960 698 1042 728 illam
1066 699 1169 729 doceri
1185 709 1289 739 posse,
1304 709 1450 740 eumque,
1467 698 1520 740 qui
1536 700 1641 731 doceri
1655 710 1746 742 posse

280 750 512 791 asseveraverit,
527 751 605 781 ferro
622 757 775 793 petentes.
800 753 883 794 ipsos
900 758 1003 782 autem
1021 752 1125 793 cogita
1139 752 1220 783 circa
1233 753 1468 793 gubernatorem
1482 753 1568 784 illum
1583 754 1746 785 confluen-

279 808 326 833 tes
350 813 422 833 eum
449 804 608 836 obsecrare
634 811 666 836 et
690 805 804 837 obnixe
828 807 1028 842 contendere,
1053 812 1086 837 ut
1108 807 1184 848 ipsis
1199 807 1407 846 gubernacula
1423 808 1533 839 tradat.
1556 809 1746 850 quandoque

280 867 352 888 vero
369 857 392 887 si
409 857 461 888 isti
482 869 544 889 non
563 861 780 901 persuaserint,
796 861 849 891 sed
875 860 926 891 alii
950 861 1064 902 potius,
1081 860 1158 890 alios
1175 860 1223 891 vel
1249 861 1398 901 perimere
1415 861 1463 892 vel
1485 872 1503 891 e
1518 862 1591 893 navi
1607 862 1720 902 ejicere
1736 875 1744 894 z

264 898 267 905 s
281 921 463 951 generosum
478 918 580 944 autem
596 914 682 944 illum
707 914 794 944 navis
815 913 988 955 principem
1011 914 1213 954 mandragora
1236 920 1290 944 aut
1305 924 1387 945 mero
1403 925 1569 956 occupare,
1584 918 1679 957 atque
1701 916 1747 948 ita

280 965 538 1005 gubernationem
551 968 638 997 navis
651 968 796 1008 arripere,
805 973 928 998 utentes
941 968 1144 1009 praesentibus
1159 968 1262 1004 rebus,
1279 968 1351 998 vino
1366 975 1397 998 et
1413 969 1516 1009 epulis
1531 968 1746 1012 indulgentes·

279 1018 334 1049 sed
352 1019 395 1049 ita
410 1020 573 1062 ducentes,
590 1027 624 1051 ut
639 1021 819 1063 hujusmodi
843 1021 984 1052 homines
1007 1022 1122 1053 ducere
1139 1021 1301 1052 verisimile
1317 1026 1375 1058 est,
1391 1033 1498 1054 omnes
1513 1027 1662 1064 pne-terea
1679 1024 1746 1055 lau-

280 1072 354 1103 dare
368 1073 470 1113 illum,
486 1081 675 1116 nautamque
691 1080 722 1106 et
738 1077 973 1116 gubernatorem
990 1086 1112 1112 vocare,
1129 1081 1161 1106 et
1174 1086 1244 1118 quae
1269 1075 1308 1106 ad
1330 1086 1441 1107 navem
1465 1077 1631 1118 regendam
1654 1088 1746 1119 spec-

281 1130 360 1163 tant,
375 1128 499 1168 callere,
514 1129 694 1171 quicunque
718 1141 771 1161 eos
786 1131 827 1161 ad
842 1131 1054 1172 usurpandum
1078 1130 1166 1161 navis
1190 1130 1397 1171 principatum
1414 1130 1562 1162 instruere
1578 1132 1676 1173 possit
1697 1133 1746 1164 vel

281 1183 481 1222 persuasione
505 1184 554 1215 vel
580 1185 621 1221 vi,
647 1186 851 1226 gubernatore
878 1186 1045 1215 submoto:
1072 1195 1143 1216 eum
1171 1195 1256 1224 vero,
1281 1185 1358 1226 quid
1383 1185 1416 1216 id
1433 1191 1581 1226 nequeat,
1597 1192 1745 1228 tanquam

281 1235 422 1266 inutilem
450 1238 622 1278 vituperare
637 1250 644 1269 :
680 1239 743 1270 veri
773 1245 877 1269 autem
908 1239 1122 1280 gubernatoris
1148 1239 1282 1270 officium
1310 1239 1462 1280 ignorare,
1487 1241 1572 1281 quod
1597 1241 1746 1278 videlicet

281 1289 321 1319 ad
346 1300 417 1320 eum
444 1296 567 1332 spectet
593 1292 741 1323 rationem
767 1293 881 1323 habere
907 1293 981 1323 anni
1003 1297 1035 1323 et
1061 1297 1246 1334 temporum,
1270 1293 1353 1329 coeli,
1380 1293 1514 1324 siderum
1537 1299 1570 1325 et
1584 1301 1746 1327 ventorum

283 1347 316 1373 et
343 1344 479 1375 omnium
509 1356 579 1386 quae
609 1347 648 1377 ad
666 1353 761 1377 artem
792 1346 877 1377 illam
907 1347 1055 1385 attinent,
1085 1346 1110 1376 si
1138 1347 1202 1377 dux
1231 1347 1319 1377 navis
1351 1352 1398 1377 est
1422 1358 1527 1378 revera
1550 1348 1671 1380 futurus
1686 1360 1695 1382 ε
1712 1356 1748 1380 ut

282 1407 355 1427 vero
385 1399 536 1438 gubernet
560 1410 613 1431 seu
641 1401 817 1431 volentibus
841 1401 1026 1442 quibusdam
1052 1400 1116 1431 sive
1143 1400 1259 1437 invitis,
1282 1400 1375 1441 hujus
1399 1401 1497 1442 ipsius
1513 1408 1609 1433 artem
1625 1403 1743 1434 nullam

285 1456 432 1491 putantes
461 1454 562 1494 accipi
594 1465 684 1495 posse
714 1455 805 1485 simul
844 1460 876 1485 et
912 1454 1160 1495 gubernatoriam
1191 1454 1384 1486 facultatem.
1429 1454 1489 1485 His
1517 1456 1627 1498 utique
1663 1457 1746 1489 circa

283 1515 378 1535 naves
407 1507 674 1548 contingentibus,
703 1520 743 1539 an
768 1520 831 1538 non
856 1520 962 1538 verum
989 1510 1224 1549 gubernatorem
1251 1519 1359 1539 censes
1390 1509 1429 1539 ab
1453 1509 1524 1545 illis,
1550 1509 1604 1550 qui
1633 1510 1746 1542 talibus

284 1559 439 1588 vehuntur
453 1560 594 1597 navibus,
609 1562 735 1592 inanem
751 1566 783 1592 et
797 1561 953 1591 curiosum
970 1571 1066 1591 rerum
1081 1561 1259 1591 sublimium
1285 1561 1382 1603 [489]
1407 1562 1616 1603 inspectorem
1629 1565 1745 1596 etnavi

285 1612 344 1653 ipsi
360 1612 499 1643 inutilem
527 1615 677 1646 vocitari?
723 1616 803 1646 Am.
829 1615 871 1645 Et
897 1614 1027 1645 maxime
1049 1615 1187 1655 quidem.
1234 1615 1290 1646 So.
1315 1615 1567 1657 Haudquaquam
1584 1627 1663 1658 opus
1679 1628 1746 1649 esse

285 1666 424 1703 arbitror,
441 1672 476 1697 ut
490 1668 549 1698 tibi
565 1669 656 1699 latius
672 1670 837 1710 explicem,
853 1669 1115 1710 quemadmodum
1142 1670 1179 1699 ad
1199 1670 1367 1710 propositae
1383 1671 1624 1711 comparationis
1637 1672 1747 1714 imagi·

286 1730 357 1750 nem
374 1721 417 1751 ita
431 1721 465 1752 in
479 1722 658 1754 civitatibus
672 1723 777 1754 affecti
800 1729 873 1754 sunt
887 1723 1033 1754 adversus
1052 1734 1138 1753 veros
1155 1723 1359 1764 philosophos
1382 1723 1476 1759 cives,
1494 1729 1529 1755 ut
1544 1725 1576 1755 in
1591 1725 1748 1766 ejusmodi

287 1774 417 1805 navibus
443 1776 482 1806 ad
499 1787 603 1807 verum
627 1778 861 1818 gubernatorem
882 1782 1007 1808 nautae:
1030 1778 1084 1807 sed
1109 1776 1281 1817 intelligere
1297 1783 1328 1807 te
1352 1777 1504 1809 existimo.
1550 1778 1631 1810 Am.
1654 1780 1746 1811 Sum-

286 1838 422 1870 mopere.
465 1829 522 1860 So.
546 1830 683 1862 Primum
699 1832 804 1873 itaque
819 1832 874 1868 illi,
899 1831 952 1873 qui
967 1831 1135 1862 admiratur
1152 1831 1354 1872 philosophos
1369 1831 1400 1861 in
1417 1832 1595 1864 civitatibus
1618 1833 1747 1865 minime

287 1882 442 1920 honorari,
466 1884 634 1926 imaginem
657 1886 737 1917 hanc
763 1896 897 1927 expone,
922 1890 954 1917 et
978 1886 1162 1927 persuadere
1185 1895 1297 1916 conare
1321 1885 1420 1916 multo
1444 1886 1614 1917 mirabilius
1629 1887 1706 1924 fore,
1721 1888 1748 1919 si

285 1936 519 1970 honorarentur.
565 1938 648 1970 Am.
672 1939 795 1971 Faciam
812 1939 969 1980 equidem.
1015 1939 1070 1970 So.
1095 1939 1238 1980 Adjicias
1264 1944 1296 1970 et
1311 1939 1371 1971 hoc
1398 1944 1556 1980 praeterea,
1572 1951 1645 1972 vera
1660 1941 1747 1983 loqui

289 2000 355 2026 eOS,
380 1991 434 2032 qui
458 1992 570 2022 dicunt
595 1993 723 2024 inutiles
747 2005 814 2025 esse
841 1994 933 2035 vulgo
961 2004 1026 2028 eos,
1051 1993 1104 2035 qui
1131 1993 1339 2035 philosophiae
1363 1994 1468 2024 studio
1484 1994 1617 2035 pollent.
1639 2006 1744 2027 verum

288 2043 373 2083 quod
390 2044 514 2076 inutiles
531 2047 605 2083 sint,
621 2058 682 2077 non
699 2058 766 2078 esse
783 2048 865 2088 ipsos
880 2047 913 2077 in
928 2057 1021 2078 causa
1034 2046 1144 2083 dicito,
1160 2047 1214 2077 sed
1227 2057 1280 2077 eos
1293 2046 1409 2088 potius,
1421 2047 1477 2089 qui
1492 2047 1539 2079 bis
1552 2049 1746 2091 philosophis

288 2106 352 2126 non
370 2103 508 2130 utuntur.
533 2110 634 2141 neque
650 2101 731 2131 enim
748 2107 865 2132 naturae
886 2106 1129 2131 consentaneum
1155 2106 1213 2137 est,
1240 2108 1274 2131 ut
1298 2101 1486 2142 gubernator
1509 2102 1596 2143 quasi
1623 2103 1748 2145 indigus

291 2156 402 2182 nautas
418 2158 496 2189 oret,
521 2164 583 2194 quo
609 2154 677 2195 ejus
702 2166 734 2185 se
762 2154 978 2195 gubernationi
993 2155 1202 2194 committant,
1226 2155 1274 2185 vel
1292 2155 1448 2195 sapientes
1462 2156 1501 2186 ad
1518 2155 1649 2186 divitum
1666 2156 1748 2188 sores

289 2205 462 2236 accedant:
488 2207 541 2238 sed
569 2207 622 2248 qui
647 2209 706 2239 hoc
732 2209 847 2249 primus
869 2208 1012 2249 jactavit,
1039 2208 1178 2249 profecto
1205 2208 1352 2238 mentitus
1376 2213 1434 2240 cst.
1458 2219 1562 2239 revera
1585 2215 1687 2240 autem
1704 2210 1748 2241 ita

288 2262 396 2289 natura
422 2266 632 2301 comparatum
649 2267 707 2301 est,
722 2262 785 2293 sive
802 2263 888 2292 dives
912 2273 964 2293 seu
983 2272 1100 2303 pauper
1125 2262 1253 2292 adversa
1269 2261 1448 2293 valetudine
1465 2267 1619 2300 teneatur,
1636 2268 1671 2293 ut
1693 2274 1748 2295 ne-

287 2313 420 2343 cessario
445 2314 525 2344 sores
551 2316 739 2346 medicorum
770 2322 875 2357 petat:
902 2322 933 2348 et
961 2327 1079 2356 omnes,
1096 2317 1149 2357 qui
1173 2316 1336 2357 superioris
1352 2316 1576 2356 gubernatione
1591 2317 1747 2359 indigent,

288 2365 398 2397 domos
412 2367 527 2398 adeant
550 2369 708 2400 hominum
724 2371 894 2411 gubernare
910 2370 1082 2410 potentium
1096 2382 1104 2402 ι
1130 2381 1192 2400 non
1217 2371 1449 2411 gubernatores,
1465 2370 1492 2401 si
1507 2370 1600 2401 modo
1615 2371 1748 2412 alicujus

290 2420 382 2460 pretii
396 2421 470 2458 sint,
486 2427 585 2460 orent,
604 2429 638 2454 ut
652 2424 691 2454 ab
718 2424 765 2454 his
778 2425 987 2465 gubernentur
1001 2423 1172 2454 inferiores.
1195 2423 1272 2464 quin
1296 2423 1320 2454 si
1336 2434 1401 2460 eOS,
1417 2423 1471 2465 qui
1490 2423 1538 2455 his
1553 2424 1746 2466 temporibus

285 2483 332 2504 res
341 2475 481 2515 publicas
491 2476 717 2514 administrant,
729 2488 799 2509 cum
810 2478 856 2508 his
866 2478 1090 2519 comparaveris
1098 2478 1212 2514 nautis,
1226 2488 1303 2519 quos
1314 2478 1408 2508 modo
1417 2479 1745 2514 commemorabamus,

289 2537 352 2558 non
368 2529 522 2561 aberrabis
537 2542 543 2560 :
570 2541 606 2562 ac
620 2531 645 2562 si
662 2532 742 2569 illos,
759 2533 812 2574 qui
829 2533 866 2562 ab
883 2533 918 2562 iis
941 2532 1140 2573 appellantur
1155 2532 1225 2562 vani
1248 2538 1279 2562 et
1295 2532 1501 2574 superstitiosi
1517 2532 1745 2573 reconditarum

289 2591 388 2612 rerum
417 2583 627 2625 indagatores,
654 2586 730 2617 veris
753 2587 1006 2627 gubernatoribus
1029 2586 1235 2627 comparabis,
1263 2592 1346 2617 recte
1371 2586 1496 2627 quidem
1513 2585 1619 2617 facies.
1663 2586 1747 2618 Aur.

292 2636 394 2667 Recte
417 2638 597 2669 admodum.
642 2639 696 2670 So.
720 2639 771 2671 Ob
793 2641 847 2670 has
872 2640 963 2681 igitur
990 2650 1097 2671 causas
1125 2640 1155 2669 in
1184 2639 1230 2670 his
1254 2649 1379 2681 quoque
1407 2638 1488 2669 haud
1512 2637 1606 2669 facile
1628 2644 1688 2680 est,
1712 2644 1748 2669 ut

290 2690 455 2720 honestum
473 2693 608 2722 studium
637 2694 676 2723 ab
699 2693 744 2723 eis
764 2693 921 2733 probetur,
944 2693 998 2733 qui
1025 2693 1185 2723 contrariis
1211 2699 1282 2723 sunt
1310 2692 1443 2722 moribus
1463 2692 1590 2724 assueti.
1615 2692 1749 2722 maxima

290 2754 361 2775 vero
377 2749 408 2774 et
424 2745 692 2776 vehementissima
710 2747 915 2787 philosophiae
931 2747 1086 2777 calumnia
1102 2747 1196 2776 oritur
1214 2755 1340 2788 propter
1354 2756 1458 2776 eorum
1475 2756 1584 2782 mores,
1599 2745 1654 2787 qui
1679 2746 1747 2786 phi-

287 2797 439 2840 losophiae
455 2800 557 2829 studia
575 2800 766 2839 profitentur.
791 2801 892 2831 serunt
906 2801 1024 2842 quippe
1041 2801 1084 2840 hi,
1097 2801 1149 2841 qui
1165 2800 1392 2841 philosophiam
1405 2799 1616 2835 criminantur,
1632 2804 1667 2829 ut
1677 2799 1747 2840 ipse

293 2852 350 2888 ais,
366 2852 513 2893 plurimos
528 2863 644 2887 eorum,
669 2853 722 2894 qui
738 2854 776 2884 ad
795 2853 1024 2895 philosophiam
1041 2865 1073 2884 se
1097 2854 1274 2894 conferunt,
1292 2863 1400 2894 pravos
1415 2853 1583 2883 admodum
1610 2862 1697 2884 esse:
1723 2852 1748 2883 si

293 2906 348 2946 qui
364 2916 435 2936 vero
452 2916 555 2936 eorum
572 2906 682 2938 ceteris
693 2908 862 2944 excellunt,
873 2918 940 2939 esse
957 2907 1092 2938 inutiles.
1117 2913 1210 2949 atque
1226 2917 1285 2949 ego
1300 2907 1366 2938 haec
1377 2907 1432 2937 tibi
1444 2907 1596 2938 concessi.
1620 2917 1723 2938 nonne
1737 2907 1748 2936 ?

293 2959 372 2989 Am.
397 2959 525 3001 Utique.
571 2960 626 2992 So.
652 2960 702 2991 An
721 2972 781 2992 non
799 2972 922 2993 causam
947 2961 1156 3002 exposuimus.
1172 2962 1212 2991 ob
1229 2971 1320 3002 quam
1346 2959 1473 3002 legitimi
1491 2959 1670 3002 philosophi
1685 2970 1753 2990 esse
