1840 3225
173 218 270 268 551]
535 219 607 257 DE
638 218 945 256 REPUBLICA
979 220 1072 258 Llss.
1106 221 1218 258 VIII.
1563 221 1637 260 199

172 321 238 351 nias
252 320 383 362 diliget?
407 331 444 353 ex
459 332 497 353 eo
513 321 597 363 quod
614 332 711 352 avarae
729 327 845 352 naturae
861 322 899 352 sit
918 323 1086 364 particeps,
1104 334 1206 365 neque
1230 324 1269 354 sit
1284 324 1403 365 integer
1418 324 1456 354 ad
1475 324 1631 361 virtutem,

174 375 248 415 quia
262 376 301 406 ab
317 377 436 416 optimo
452 377 581 407 custode
594 375 731 406 deficiat.
777 375 861 406 Am.
884 375 915 406 A
931 378 1090 417 quonam?
1136 378 1192 408 So.
1217 378 1354 409 Ratione
1371 383 1402 408 et
1417 378 1567 414 oratione,
1583 379 1633 408 in-

172 439 278 469 quam,
306 430 431 461 musicas
455 430 559 466 mixta,
585 439 656 470 quae
679 429 745 459 sola
771 439 840 459 cum
865 429 964 465 adest,
987 440 1041 470 per
1057 441 1179 461 ornnem
1202 432 1295 461 vitam
1312 431 1453 462 virtutem
1469 432 1500 461 in
1515 442 1565 466 eo,
1583 432 1635 462 cui

174 488 297 523 praeest,
310 488 420 515 servat.
467 484 545 515 Am.
569 482 720 514 Praeclare
737 483 883 523 loqueris.
929 483 982 513 So.
1010 483 1063 514 Est
1079 485 1187 526 utique
1204 485 1271 514 talis
1284 485 1465 516 adolescens
1477 484 1635 515 ambitiosi

171 536 294 577 imperii
309 537 452 578 cupidus,
469 536 522 567 tali
538 536 646 567 similis
669 536 800 567 civitati.
846 537 928 567 Am.
952 537 1090 568 Prorsus.
1135 538 1190 570 So.
1216 538 1356 569 Efficitnr
1379 546 1481 569 autern
1499 539 1548 569 hic
1565 538 1635 569 talis

170 590 253 621 hunc
270 590 302 621 in
326 591 474 621 modum:
499 591 653 621 interdum
671 591 819 622 videlicet
843 591 1053 632 cumjuvenis
1077 593 1190 633 aliquis
1213 593 1294 623 filius
1318 598 1363 623 est
1387 593 1482 633 patris
1499 593 1584 628 boni,
1601 593 1634 622 in

165 643 292 675 civitate
308 655 370 674 non
385 645 465 675 bene
481 645 652 685 gubernata
674 645 854 682 habitantis,
871 645 1015 682 honores,
1029 645 1222 687 principatus
1239 646 1401 686 etjudicia
1417 646 1577 686 fugientis,
1601 651 1634 677 et

166 697 314 738 reliquam
338 698 554 739 hujuscemodi
579 699 774 739 negotiorum
801 710 918 736 curam,
943 700 1136 741 libenterque
1163 711 1195 731 se
1224 701 1428 736 demittentis,
1457 706 1490 730 ut
1513 700 1632 731 labores

165 751 251 782 vitet.
295 752 376 782 Am.
400 752 545 789 Quonam
573 757 665 793 pacto
690 753 844 784 efficitur?
891 754 946 784 So.
972 755 1109 790 Quando
1140 753 1260 786 scilicet
1283 759 1410 784 matrem
1434 755 1521 784 audit
1550 765 1630 794 aegre

162 804 322 841 ferentem,
339 806 423 846 quod
441 806 486 836 vir
501 817 574 836 suus
591 807 818 847 magistratibus
836 808 961 838 minime
977 808 1130 848 fungitur,
1144 809 1294 849 auditque
1306 808 1387 838 inter
1398 808 1472 838 alias
1488 807 1630 838 mulieres

161 859 202 889 ob
227 859 285 890 hoc
311 859 507 901 contemptui
531 871 621 891 esse:
647 866 679 891 et
704 861 839 901 graviter
862 861 1047 901 patientem,
1064 861 1211 902 quotiens
1235 861 1331 891 virum
1356 861 1468 902 aspicit
1485 861 1629 902 pecuniis

158 913 356 944 cumulandis
371 914 497 944 minime
511 914 740 955 indulgentem,
752 925 854 956 neque
871 925 925 956 pro
941 915 1005 945 illis
1022 921 1215 956 pugnantem
1233 915 1471 956 litigantemque
1487 915 1628 956 privatim

159 967 192 996 in
204 967 334 1008 judiciis
350 973 382 998 et
398 967 523 1008 publice
538 969 592 998 sed
617 969 655 999 ad
681 969 746 1000 haec
772 969 876 1000 onmia
901 969 1171 1010 negligentiorem,
1187 969 1355 1010 talemque,
1373 975 1407 999 nt
1431 979 1535 1000 secum
1560 970 1627 1010 ipse

159 1020 242 1051 vivat
257 1027 292 1051 ut
308 1022 484 1062 plurimum,
509 1033 632 1053 uxorem
650 1033 721 1053 vero
737 1034 795 1053 nec
819 1029 1000 1063 aspernetur
1017 1023 1144 1064 quidem
1170 1033 1271 1065 neque
1287 1024 1454 1054 admodum
1472 1023 1566 1054 colat.
1589 1034 1626 1053 ex

159 1076 273 1116 quibus
289 1088 371 1117 saepe
387 1077 450 1108 filio
469 1083 564 1108 mater
581 1078 730 1117 praedicet
746 1077 891 1118 ignavum
915 1077 973 1107 sibi
990 1087 1056 1108 esse
1082 1083 1198 1118 patrem
1217 1077 1369 1118 nimisque
1385 1078 1544 1107 remissum
1560 1088 1567 1107 ε
1593 1082 1625 1107 et

158 1130 230 1166 alia,
257 1141 453 1172 quaeeunque
476 1133 516 1162 de
533 1132 645 1162 talibus
667 1132 778 1172 garrire
803 1132 946 1162 mulieres
969 1136 1209 1163 consueverunt.
1256 1130 1339 1161 Am.
1364 1131 1468 1160 Multa
1487 1131 1625 1171 profecto

157 1184 233 1214 talin
247 1185 303 1215 sibi
320 1185 537 1215 convenientia
553 1185 680 1226 obloqui
697 1185 840 1215 mulieres
865 1185 978 1217 solent.
1023 1185 1079 1216 So.
1104 1184 1216 1225 Neque
1242 1191 1272 1215 te
1293 1185 1379 1220 latet,
1397 1185 1480 1225 quod
1498 1190 1530 1215 et
1545 1185 1625 1215 servi

157 1244 187 1268 et
205 1239 378 1274 domestici,
394 1239 559 1279 praesertitn
577 1239 629 1279 qui
647 1239 776 1269 maxime
800 1238 947 1268 videntur
970 1249 1037 1269 esse
1061 1239 1210 1274 benivoli,
1227 1238 1301 1269 talia
1320 1239 1462 1280 quaedam
1479 1239 1517 1269 ad
1535 1250 1624 1270 aures

157 1302 320 1333 puerorum
337 1303 419 1333 saepe
437 1299 593 1323 susurrant
608 1305 614 1322 :
639 1299 671 1323 et
687 1292 711 1322 si
729 1303 820 1333 quern
837 1292 973 1322 viderint
998 1292 1046 1323 vel
1072 1293 1220 1333 pecunias
1240 1293 1319 1333 patri
1335 1292 1512 1329 debentem,
1529 1294 1639 1333 quem*

153 1345 222 1386 ipse
239 1356 436 1387 nequaqnam
463 1347 641 1383 conveniat,
668 1346 717 1376 vel
735 1347 764 1376 in
792 1346 852 1376 alio
869 1347 1006 1387 quodam
1029 1345 1241 1387 injuriantem,
1265 1346 1395 1377 edicunt
1419 1356 1527 1387 puero,
1552 1357 1623 1377 cum

155 1400 200 1430 vir
215 1400 319 1435 fuerit,
335 1401 402 1431 haec
419 1401 523 1431 onmia
538 1401 644 1431 ulcisci
669 1401 782 1431 debere
800 1401 961 1441 virumque
987 1401 1084 1441 magis
1108 1400 1185 1436 fore,
1202 1410 1293 1441 quam
1320 1405 1407 1440 pater
1432 1399 1500 1440 ejus
1528 1400 1620 1430 exsti-

155 1453 238 1484 terit.
263 1454 361 1496 [550]
387 1454 471 1491 Quin
489 1454 582 1485 etiam
600 1455 694 1484 domo
710 1465 850 1495 egressus
865 1454 927 1484 alia
944 1455 1051 1484 horum
1069 1454 1182 1484 similia
1199 1454 1286 1483 audit
1302 1458 1333 1483 et
1349 1453 1434 1483 videt
1449 1464 1455 1483 :
1481 1453 1623 1484 homines

155 1509 285 1544 scilicet,
310 1509 364 1550 qui
379 1520 435 1539 sua
450 1509 482 1539 in
509 1509 635 1539 civitate
651 1509 752 1539 officia
768 1513 891 1538 servant
913 1507 1086 1538 alienorum
1112 1507 1236 1537 minime
1251 1506 1377 1542 curiosi,
1391 1507 1521 1537 stolidos
1538 1508 1622 1538 voci-

156 1562 213 1593 tari
229 1563 416 1603 penitusque
431 1563 591 1594 contemni
606 1574 615 1601 3
639 1563 747 1592 horum
774 1572 846 1592 vero
863 1561 1029 1592 dissimiles
1047 1561 1188 1601 honorari
1207 1566 1300 1601 atque
1316 1561 1445 1591 laudari.
1467 1571 1538 1591 cum
1554 1562 1622 1592 liaec

157 1616 409 1646 adolescentulus
436 1616 525 1647 audit
549 1622 582 1646 et
604 1615 702 1651 videt,
728 1625 892 1655 rursusque
921 1615 1014 1656 patris
1041 1615 1132 1645 audit
1162 1625 1329 1650 sermone-3,
1360 1614 1490 1655 ejusque
1521 1615 1624 1646 officia

157 1671 294 1711 proxime
312 1670 391 1700 ultra
407 1670 508 1701 studia
524 1676 695 1701 ceterorum
707 1669 938 1709 animadvertit,
951 1670 989 1699 ab
1002 1669 1138 1710 utrisque
1150 1668 1330 1698 distrahitur
1344 1680 1351 1698 t
1370 1679 1387 1698 a
1400 1674 1485 1708 patre
1495 1669 1622 1710 quidem

155 1724 314 1754 rationalis
337 1724 405 1765 ejus
435 1724 479 1754 vis
504 1724 625 1755 fovetur
650 1729 682 1754 et
708 1728 851 1764 augetur,
868 1723 906 1753 ab
930 1723 998 1753 aliis
1021 1728 1123 1753 autem
1148 1723 1396 1764 concupiscendi
1420 1728 1452 1753 et
1466 1722 1621 1753 irascendi

156 1782 276 1809 natura.
299 1783 488 1818 quapropter
503 1788 573 1808 cum
590 1788 652 1807 non
669 1777 749 1807 malo
767 1778 807 1808 sit
824 1776 950 1817 ingenio
967 1782 1070 1812 natus,
1087 1777 1168 1807 mala
1182 1782 1286 1807 tamen
1301 1782 1470 1807 ceterorum
1488 1788 1620 1809 consue-

156 1832 264 1862 tudine
281 1842 352 1862 usus
367 1831 468 1867 fuerit,
486 1832 517 1861 in
533 1831 669 1862 medium
686 1833 724 1862 ab
742 1832 788 1861 his
804 1836 919 1861 tractus
936 1831 1111 1866 descendit,
1129 1841 1223 1872 seque
1241 1831 1350 1861 mediae
1366 1831 1488 1861 cuidam
1508 1836 1619 1871 poten-

156 1885 206 1915 tiae
223 1886 425 1916 contentiosae
441 1875 662 1926 iracundaeque
688 1885 826 1926 subjicit,
852 1885 948 1926 fitque
972 1885 1017 1914 vir
1039 1885 1122 1915 elato
1149 1884 1252 1914 animo
1277 1884 1444 1925 gloriaeque
1467 1884 1622 1925 cupidior.

155 1939 237 1970 Am.
260 1938 412 1969 Naturam
440 1939 530 1968 istius
560 1939 748 1970 sufficienter
777 1948 933 1968 enarrasse
963 1938 1038 1967 mihi
1068 1937 1193 1968 videris.
1243 1937 1300 1968 So.
1324 1937 1484 1968 Habemus
1512 1938 1619 1979 itaque

155 1993 323 2023 secundam
345 2003 406 2023 rem
424 1993 579 2033 publicam
598 1992 757 2033 virumque
773 1992 956 2022 secundnm.
1003 1990 1086 2022 Aoi.
1111 1991 1272 2021 Habemus
1288 1991 1438 2031 profecto.
1482 1992 1536 2022 So.
1563 1992 1618 2023 An

151 2057 213 2076 non
231 2051 301 2086 post
318 2047 383 2077 haec
398 2046 543 2087 AEschyli
568 2046 644 2076 illud
662 2046 808 2082 dicimus,
832 2046 982 2077 Alterum
997 2046 1152 2077 hominem
1168 2045 1262 2076 alteri
1287 2045 1414 2076 civitati
1432 2047 1614 2077 convenien-

157 2103 240 2132 tem?
262 2101 354 2130 immo
373 2110 442 2130 vero
459 2100 630 2130 secundum
648 2100 838 2141 superiorem
854 2100 940 2129 illam
958 2099 1205 2140 suppositionem
1219 2099 1344 2129 alteram
1355 2099 1512 2130 civitatem
1529 2100 1619 2130 alteri

155 2164 322 2195 congruam
337 2153 347 2183 ?
381 2153 464 2184 Aur.
488 2154 537 2184 Ita
555 2164 686 2194 prorsus.
720 2154 775 2185 So.
801 2154 882 2191 Quae
898 2164 968 2183 vero
984 2152 1201 2193 hujuscemodi
1218 2163 1279 2183 rem
1297 2152 1452 2193 publicam
1468 2155 1618 2195 sequitur,

158 2218 338 2249 paucorum,
365 2212 399 2237 ut
413 2207 552 2243 arbitror,
569 2208 710 2248 potentia
733 2213 790 2239 est.
837 2207 918 2238 Am.
944 2207 1046 2243 Quam
1071 2207 1263 2247 potissimum
1286 2207 1330 2236 rei
1347 2207 1618 2247 publicaeinstitu-

156 2262 272 2292 tionem
290 2271 456 2302 paucorum
474 2271 566 2292 vocas
583 2261 753 2302 potentiam
769 2261 779 2290 ?
827 2261 883 2292 So.
908 2260 984 2290 Eam
1003 2261 1032 2290 in
1049 2271 1110 2301 qua
1128 2261 1320 2301 magistratus
1333 2271 1470 2291 acensus
1483 2263 1617 2293 aestima-

157 2315 242 2345 tione
259 2315 376 2345 civibus
392 2315 578 2353 tribuuntur,
594 2321 626 2345 et
649 2315 681 2345 in
705 2325 766 2356 qua
789 2315 901 2345 divites
924 2315 1135 2350 dominantur,
1159 2314 1350 2355 pauperibus
1373 2325 1444 2345 vero
1468 2317 1553 2346 nulla
1577 2318 1620 2348 rei

161 2367 293 2409 publicae
323 2373 370 2398 est
399 2368 590 2398 communio.
636 2371 718 2399 Am.
743 2368 893 2408 Intelligo
923 2368 1081 2409 equidem.
1125 2368 1181 2398 So·
1204 2367 1320 2399 Nonne
1351 2369 1530 2405 dicendum,
1554 2382 1618 2411 quo

161 2428 252 2463 pactu
276 2432 293 2451 a
316 2422 539 2461 gubernatione
563 2422 724 2452 ambitiosa
748 2423 780 2452 in
806 2423 886 2452 hanc
903 2421 1100 2463 transgressio
1117 2422 1172 2451 fit?
1219 2422 1300 2452 Am.
1325 2422 1506 2453 Dicendum
1523 2431 1618 2456 certe.

159 2476 217 2507 So.
240 2475 300 2506 Vel
317 2485 400 2506 caeco
418 2475 449 2504 id
472 2475 597 2515 quidem
615 2476 812 2516 perspicuum
836 2481 894 2516 est,
908 2486 970 2516 quo
989 2481 1081 2516 pacto
1099 2475 1296 2516 transgressio
1314 2475 1378 2506 fiat.
1424 2475 1505 2506 Am.
1530 2478 1619 2514 Quo-

158 2540 229 2560 nam
248 2533 338 2570 pacto
353 2529 363 2558 ?
397 2529 454 2559 So.
478 2529 634 2559 AErarium
651 2530 726 2560 illud
743 2529 895 2570 cujusque
911 2525 984 2559 auro
1002 2529 1127 2570 plenum
1146 2529 1236 2559 talem
1257 2529 1358 2568 perdit
1373 2540 1432 2559 rem
1451 2530 1623 2571 publicam.

159 2593 229 2613 nam
255 2583 384 2623 primum
409 2583 533 2622 quidem
557 2593 655 2613 novos
678 2590 818 2624 sumptus
841 2584 1011 2624 reperiunt,
1031 2588 1062 2613 et
1089 2583 1126 2612 ad
1145 2583 1203 2612 hoc
1219 2582 1303 2623 leges
1318 2583 1490 2620 deducunt,
1507 2585 1621 2625 quibus

158 2647 260 2678 neque
275 2636 336 2677 ipsi
353 2646 455 2676 neque
472 2636 614 2668 mulieres
640 2636 776 2677 ipsorum
793 2638 1020 2677 obtemperant.
1068 2636 1151 2666 Ant.
1174 2637 1427 2667 Consentaneum
1452 2637 1533 2668 istud
1550 2639 1619 2679 qui-

158 2692 240 2722 dem.
286 2690 342 2720 So.
367 2687 492 2720 Deinde
508 2690 584 2720 alter
599 2690 725 2721 alterius
739 2691 882 2732 exemplo
898 2697 929 2721 et
946 2690 1144 2721 aemulatione
1159 2689 1279 2730 perciti,
1294 2689 1383 2720 multi
1399 2692 1523 2721 tandem
1542 2692 1619 2723 tales

155 2745 303 2777 evadunt.
347 2744 428 2774 Ant.
453 2744 640 2775 Verisimile.
686 2745 740 2776 So.
764 2745 850 2776 Hinc
877 2745 1006 2776 effusius
1030 2745 1068 2774 ad
1093 2744 1244 2785 pecunias
1266 2744 1469 2774 cumulandas
1485 2745 1619 2786 delapsi,

157 2803 274 2838 quanto
291 2798 320 2827 id
337 2798 498 2838 pretiosius
515 2798 682 2832 aestimant,
700 2804 786 2829 tanto
803 2799 946 2829 virtutem
963 2797 1142 2828 existimant
1158 2797 1307 2827 viliorem.
1332 2795 1381 2826 An
1394 2807 1456 2826 non
1470 2797 1513 2826 ita
1523 2797 1619 2827 virtus

157 2861 175 2880 a
190 2850 305 2882 divitiis
320 2851 486 2892 discrepat,
502 2851 591 2892 quasi
610 2857 738 2892 utraque
756 2852 785 2882 in
802 2852 891 2883 lance
908 2857 1029 2882 statera:
1044 2851 1105 2882 sint
1121 2850 1236 2892 posita,
1251 2859 1432 2891 semperque
1448 2850 1478 2879 in
1495 2855 1617 2880 contra·

157 2903 231 2934 riam
249 2910 364 2945 partem
381 2905 567 2936 declinent?
615 2905 696 2936 Ani.
721 2905 768 2935 Ita
794 2915 926 2946 prorsus.
972 2906 1026 2936 So.
1051 2904 1189 2942 Quando
1214 2901 1312 2943 [551]
1337 2903 1428 2944 igitur
1444 2902 1474 2933 in
1490 2902 1617 2934 civitate
