1840 3225
167 223 247 260 378
761 219 1021 260 PLATONJS
1521 224 1622 275 [816-

168 326 325 358 Bacchica
355 326 575 367 Bacchumque
611 325 808 367 sequentium
834 316 892 357 'est
907 338 913 356 :
953 337 1031 368 quas
1064 325 1239 368 NymphaS‚
1276 327 1394 362 Panes,
1429 325 1554 357 Silenos
1587 335 1627 356 ac

171 381 296 422 Satyros
328 385 440 410 vocant
454 391 460 409 z
494 390 564 421 quae
591 380 728 421 quidem,
759 385 794 410 ut
830 380 928 416 aiunt,
957 381 1135 411 vinolentos
1156 381 1327 416 imitantur,
1360 380 1561 411 lustrationes
1593 383 1628 408 et

172 444 260 464 sacra
294 434 457 465 facientes.
500 434 613 465 Totum
648 435 706 464 hoc
743 434 918 466 saltationis
957 445 1068 476 genus,
1098 445 1200 476 neque
1231 433 1316 475 quod
1344 434 1428 464 bello
1462 432 1630 464 conveniat

171 498 274 529 neque
298 487 382 529 quod
404 488 488 529 paci,
512 497 615 528 neque
638 487 715 529 quid
736 488 795 518 sibi
822 489 910 525 velit,
936 489 1029 519 facile
1058 488 1258 519 determinari
1286 493 1401 530 potest.
1420 487 1628 518 rectissimum

171 542 266 582 igitur
298 542 373 572 mihi
408 541 542 578 videtur,
573 542 606 572 id
639 542 685 572 ita
717 542 920 584 distinguere,
944 549 980 573 ut
1011 553 1150 574 seorsum
1173 553 1192 573 a
1215 543 1303 578 belli,
1328 552 1464 572 seorsum
1488 541 1584 571 etiam
1609 550 1629 570 a

173 595 262 636 pacis
277 596 442 626 saltatione
459 595 494 626 id
517 606 691 637 ponamus:
716 601 928 638 negantesque
943 598 1003 628 hoc
1027 607 1095 627 esse
1119 597 1224 633 civile,
1240 602 1333 637 atque
1357 595 1428 626 ideo
1451 594 1633 634 relinquen·

173 655 233 686 tes,
256 650 297 680 ad
319 650 398 680 belli
423 650 582 691 pacisque,
608 661 677 691 quse
699 650 767 681 sine
791 652 999 682 controversia
1024 657 1083 688 est,
1109 651 1307 681 saltationem
1327 651 1366 680 ad
1388 659 1445 680 nos
1470 648 1631 689 pertinen-

173 708 241 734 tem
254 704 318 746 jam
331 709 531 735 revertamur.
548 714 646 745 genus
658 710 763 735 autem
772 705 852 735 illud
866 706 980 742 Musae,
993 716 1055 747 quo
1070 706 1102 736 in
1118 715 1196 746 pace
1212 710 1245 735 et
1260 703 1471 745 prosperitatis
1483 702 1633 743 opinione

175 758 302 794 utimur,
315 758 403 788 Deos
414 758 613 800 Deorumque
625 759 702 789 filios
715 760 911 795 honorantes,
927 759 1075 800 bipartito
1085 759 1293 800 distinguitur.
1309 759 1442 788 alterum
1452 757 1547 792 enim,
1561 766 1632 786 cum

175 813 317 854 pericula
332 813 515 854 laboresque
531 813 687 843 evasimus
703 818 735 843 et
748 813 833 843 bona
848 813 954 853 adepti
972 824 1087 849 sumus,
1103 813 1268 843 adhibetur
1282 824 1290 850 3
1314 811 1399 854 quod
1412 811 1543 853 majores
1558 819 1637 840 con·

176 866 259 897 tinet
274 866 452 908 voluptates
465 878 471 896 ε
496 868 628 897 alterum
640 867 794 908 prioribus
809 867 898 897 bonis
913 867 1041 897 servatis
1055 867 1215 907 auctisque
1231 867 1282 907 agi
1297 866 1387 902 solet,
1402 866 1435 895 in
1451 875 1512 906 quo
1525 864 1638 895 remis-

179 920 240 950 sior
255 925 303 950 est
320 921 476 961 voluptas.
498 920 530 950 in
547 920 724 962 hujusmodi
741 931 814 951 vero
831 922 922 951 rebus
937 921 1068 962 quisque
1084 932 1121 951 ex
1136 920 1251 961 majori
1266 921 1425 961 voluptate
1440 918 1638 953 concitatius,

182 984 220 1003 ex
246 973 363 1004 minore
385 974 541 1004 remissius
564 975 694 1015 quisque
709 980 862 1005 movetur.
885 975 1055 1006 modestior
1070 975 1163 1005 etiam
1180 974 1311 1016 quilibet
1323 979 1355 1004 et
1369 973 1410 1004 ad
1423 972 1640 1004 fortitudinem

183 1026 379 1057 exercitatior
395 1028 534 1068 pacatius
549 1034 704 1061 movetur.
719 1029 850 1070 ignavus
865 1037 974 1060 contra
989 1034 1022 1059 et
1036 1029 1077 1059 ad
1091 1028 1333 1069 temperantiam
1346 1027 1474 1058 minime
1490 1027 1642 1057 exercita-

182 1087 233 1111 tus
263 1080 398 1122 majores
423 1083 733 1124 vehementioresque
761 1083 907 1114 movendi
938 1083 1183 1125 permutationes
1214 1082 1290 1123 agit.
1314 1081 1412 1123 [816]
1436 1081 1643 1112 communiter

184 1140 300 1172 autem,
325 1145 381 1165 seu
411 1141 505 1166 cantu
534 1136 598 1167 sive
625 1137 716 1168 aliter
747 1138 818 1179 quis
848 1139 1003 1179 loquatur,
1032 1137 1139 1178 quieto
1167 1137 1200 1167 id
1230 1146 1358 1177 corpore
1388 1135 1490 1166 facere
1518 1135 1644 1177 nequit.

185 1194 376 1230 quapropter
398 1190 564 1221 verborum
588 1191 732 1227 imitatio,
749 1192 884 1232 corporis
900 1191 1006 1232 figuris
1020 1201 1176 1232 expressa,
1199 1196 1298 1221 artem
1314 1200 1441 1220 omnem
1454 1190 1644 1220 saltatricem

185 1242 330 1285 peperit:
353 1253 416 1283 qua
431 1244 583 1274 concinne
598 1245 752 1280 nonnulli,
768 1245 821 1275 alii
836 1245 1023 1276 inconcinne
1035 1250 1210 1276 moventur.
1231 1254 1365 1285 cumque
1387 1244 1421 1274 in
1442 1244 1513 1274 aliis
1537 1244 1647 1274 multis

186 1297 365 1327 nominibus
375 1297 455 1328 bene
465 1303 496 1328 et
506 1300 679 1329 secundum
693 1304 837 1329 naturam
854 1299 963 1340 positis
979 1298 1138 1330 laudanda
1150 1299 1321 1343 antiquitas
1336 1299 1386 1334 sit,
1401 1298 1435 1329 in
1450 1299 1509 1329 hoc
1519 1307 1644 1340 quoque

189 1351 352 1392 probanda
375 1358 433 1388 est,
457 1352 541 1393 quod
563 1353 744 1383 saltationes
767 1358 896 1383 cunetas
920 1353 1147 1384 moderatorum
1162 1353 1334 1392 hominum,
1348 1353 1381 1382 in
1397 1353 1488 1383 rebus
1502 1351 1648 1383 secundis

189 1410 360 1446 temperate
378 1405 591 1446 gaudentium,
607 1413 689 1438 recte
707 1406 872 1438 admodum
887 1407 1067 1448 musiceque
1083 1414 1116 1437 et
1130 1406 1303 1437 secundum
1315 1407 1470 1437 rationem
1485 1406 1650 1437 concinni-

188 1464 280 1495 tates,
297 1460 436 1501 quisquis
450 1460 504 1490 ille
516 1460 621 1497 fuerit,
634 1460 822 1492 nominavit:
839 1462 979 1502 duasque
990 1462 1129 1492 honestae
1142 1461 1318 1490 saltationis
1330 1461 1491 1491 constituit
1503 1460 1624 1502 species
1639 1471 1645 1488 :

191 1517 223 1543 et
249 1513 325 1543 belli
354 1513 482 1554 quidem
511 1514 722 1556 Pyrrliichetn,
750 1515 837 1556 pacis
866 1515 1029 1546 commode
1057 1514 1301 1545 concinnitatem
1324 1515 1458 1545 vocavit.
1472 1515 1538 1546 haec
1554 1514 1650 1546 debet

193 1556 353 1608 legislator
370 1567 476 1608 figuris
491 1569 676 1610 quibusdam
692 1579 847 1610 exponere
868 1581 873 1598 :
899 1574 1002 1600 custos
1026 1573 1132 1600 autem
1147 1579 1295 1609 quaerere,
1312 1574 1343 1598 et
1358 1569 1488 1599 inventa
1501 1579 1574 1599 cum
1589 1569 1650 1599 alia

195 1621 314 1652 musica
330 1622 527 1664 conjungere,
545 1628 638 1663 atque
654 1623 689 1653 in
701 1623 893 1654 solemnibus
909 1623 1066 1654 sacrificiis
1084 1622 1260 1657 distributa,
1275 1622 1400 1663 singula
1413 1623 1546 1663 singulis
1561 1621 1651 1653 dedi-

195 1685 279 1711 care,
296 1680 327 1706 et
341 1675 386 1705 ita
402 1676 545 1706 ordinata
559 1676 706 1713 stabilire,
722 1682 757 1707 ut
771 1677 850 1707 nihil
867 1687 973 1707 eorum
991 1682 1099 1718 postea
1114 1686 1171 1707 nec
1187 1677 1219 1706 in
1236 1677 1317 1706 saltu
1333 1686 1391 1706 nec
1407 1676 1439 1706 in
1454 1682 1549 1708 cantu
1564 1676 1654 1707 aliter

197 1730 262 1766 fiat,
277 1729 379 1760 sedin
396 1729 514 1760 eisdem
530 1731 741 1772 voluptatibus
763 1731 872 1762 civitas
888 1731 1001 1762 eadem
1017 1740 1230 1772 perseverans,
1246 1730 1392 1771 civesque
1416 1729 1511 1761 iidem
1535 1731 1653 1762 similes

197 1794 323 1825 semper.
334 1794 393 1825 pro
410 1784 525 1814 viribus
538 1790 770 1825 permanenteS,
794 1785 874 1815 bene
899 1785 1053 1826 beateque
1069 1785 1184 1815 vivant.
1199 1784 1256 1815 sed
1274 1785 1341 1826 jam
1363 1785 1403 1814 de
1420 1785 1560 1816 honestis
1582 1785 1655 1826 pul-

197 1837 338 1868 chrorum
359 1848 522 1878 corporum
545 1849 826 1880 generosorumque
849 1839 1024 1869 animorum
1046 1839 1168 1870 choreis
1189 1839 1335 1869 diximus.
1365 1838 1550 1869 deformium
1581 1849 1655 1870 vero

197 1902 364 1932 corporum
378 1893 664 1934 cogitationumque
680 1899 793 1929 motus,
810 1893 864 1934 qni
880 1893 920 1924 ad
934 1894 1029 1924 risum
1047 1899 1079 1924 et
1094 1893 1278 1924 comoediam
1293 1893 1407 1929 verbis,
1417 1898 1521 1929 cautu,
1534 1893 1655 1924 saltati-

199 1956 259 1976 one
287 1946 490 1988 omnibusque
512 1947 685 1989 hujusmodi
713 1947 943 1978 imitationibus
958 1953 1113 1988 spectant,
1129 1947 1326 1978 considerare
1341 1952 1372 1978 et
1398 1957 1584 1988 cognoscere
1600 1956 1656 1977 ne-

201 2010 286 2030 cesse
302 2004 360 2031 est.
387 2010 459 2029 nam
474 2000 554 2030 seria
569 2000 636 2031 sine
651 2000 803 2036 ridiculis,
819 2007 852 2030 et
866 2002 994 2032 omnino
1011 2001 1078 2031 sine
1095 2001 1258 2032 contrariis
1273 2001 1440 2037 contraria,
1464 2010 1653 2042 cognoscere

202 2053 330 2093 quidem
360 2053 550 2094 impossibile
577 2060 634 2090 est,
649 2053 676 2083 si
702 2054 772 2095 quis
798 2054 933 2095 prudens
959 2060 1006 2086 est
1034 2055 1154 2090 futurus
1169 2067 1175 2085 :
1202 2055 1268 2086 fieri
1293 2060 1397 2086 autem
1423 2055 1515 2086 ambo
1529 2055 1659 2086 minime

202 2112 344 2147 possunt,
360 2107 385 2137 si
401 2118 462 2148 quo
477 2113 570 2148 pacto
585 2108 707 2138 virtutis
719 2108 891 2149 participes
906 2109 1027 2139 evasuri
1039 2120 1154 2141 sumus.
1171 2109 1229 2140 sed
1239 2111 1306 2140 haec
1316 2109 1405 2151 hujus
1417 2110 1516 2151 gratia
1529 2119 1660 2150 cognos-

204 2161 305 2191 cenda
330 2166 412 2201 sunt,
442 2172 480 2191 ne
512 2167 638 2202 propter
666 2162 872 2202 ignorantiam
902 2162 1069 2193 ridiculum
1096 2162 1216 2204 aliquid
1242 2168 1350 2203 agatur
1371 2168 1426 2193 aut
1441 2163 1574 2204 dicatur,
1590 2173 1659 2194 cum

205 2215 333 2245 minime
349 2220 502 2255 oporteat.
524 2216 603 2245 servi
618 2215 713 2256 igitur
728 2221 760 2245 et
774 2216 926 2256 peregrini
942 2217 1041 2256 pretio
1059 2216 1207 2247 conducti
1222 2217 1299 2246 talia
1315 2217 1473 2248 imitentur
1490 2229 1496 2246 :
1522 2217 1660 2247 studium

206 2278 281 2299 vero
309 2269 385 2309 ipsis
414 2269 531 2300 nullum
559 2269 756 2301 adhibeatur.
780 2279 839 2299 nec
867 2268 946 2299 adeo
977 2269 1053 2300 liber
1082 2270 1123 2300 sit
1151 2271 1240 2307 civis,
1257 2281 1311 2300 seu
1328 2271 1373 2301 vir
1388 2271 1452 2302 sive
1467 2272 1590 2307 mulier,
1606 2270 1662 2312 qui

206 2322 326 2353 discere
341 2323 402 2353 ista
417 2328 569 2359 cernatur,
585 2322 642 2354 sed
658 2333 740 2354 nova
757 2333 877 2364 semper
891 2324 930 2353 de
947 2323 994 2353 his
1011 2329 1161 2365 appareat
1175 2324 1318 2355 imitatio.
1341 2331 1435 2366 atque
1451 2325 1496 2356 ita
1511 2325 1551 2356 ad
1567 2325 1663 2356 risum

208 2382 389 2417 spectantes
411 2377 490 2413 ludi,
512 2378 565 2419 qui
588 2376 748 2408 comoediae
765 2377 917 2408 vocabulo
933 2378 1141 2418 appellantur,
1156 2379 1278 2409 ratione
1294 2389 1330 2409 ac
1347 2378 1415 2420 lege
1432 2379 1576 2420 dispositi
1589 2379 1664 2410 sint.

208 2430 305 2473 [817]
332 2431 461 2473 tragoedi
484 2442 557 2462 vero
578 2431 694 2472 poetae,
717 2431 770 2473 qui
798 2442 856 2468 res,
871 2436 906 2461 ut
921 2431 1017 2467 aiunt,
1034 2431 1129 2462 serias
1140 2438 1276 2468 nan-ant,
1293 2433 1318 2463 si
1333 2443 1390 2464 nos
1404 2433 1450 2464 sic
1465 2433 1670 2474 interrogents

208 2484 350 2521 Licetne,
375 2496 392 2515 o
420 2485 524 2521 amici,
548 2485 582 2516 in
606 2486 768 2526 regionem
794 2486 1015 2527 civitatemque
1039 2492 1172 2516 vestram
1196 2486 1289 2516 nobis
1309 2488 1428 2522 venire,
1454 2487 1663 2528 po‘e'mataque

209 2543 315 2569 nostra
341 2538 383 2569 ad
407 2549 461 2569 vos
477 2539 638 2580 perferre?
661 2550 701 2570 an
726 2539 815 2570 aliter
841 2539 929 2570 vobis
955 2540 995 2570 dc
1021 2551 1052 2571 re
1077 2541 1195 2582 tragica
1222 2541 1318 2571 visum
1345 2541 1417 2572 est?
1441 2540 1517 2582 quid
1542 2540 1583 2571 ad
1598 2542 1666 2572 haec

209 2591 325 2622 divinis
340 2592 413 2623 viris
428 2598 509 2623 recte
524 2603 582 2623 nos
595 2593 871 2635 respondebimus?
896 2604 967 2624 uam
984 2594 1060 2624 mihi
1075 2595 1204 2636 quidem
1226 2594 1270 2626 ita
1292 2594 1414 2626 videtur
1431 2607 1437 2624 :
1461 2605 1519 2625 nos
1541 2605 1623 2631 vero,
1647 2604 1668 2625 ο

209 2645 265 2675 viri
281 2646 403 2686 optimi,
414 2647 573 2688 tragoediae
588 2658 681 2688 quam
694 2647 907 2689 pulchenimae
924 2655 957 2678 et
969 2649 1108 2690 optimae,
1124 2648 1230 2690 quoad
1243 2649 1306 2680 fieri
1319 2654 1432 2690 potest,
1441 2649 1537 2679 simus
1551 2648 1669 2689 poete.

211 2709 328 2740 nempe
341 2700 484 2731 universa
498 2701 675 2742 respublica
687 2707 793 2733 nostra
807 2703 1021 2744 pulcherrima)
1038 2703 1228 2744 optimaeque
1244 2703 1313 2733 vitae
1325 2702 1457 2733 imitatio
1472 2710 1521 2732 est
1535 2713 1542 2732 z
1574 2712 1669 2743 quam

213 2763 279 2784 rem
304 2763 360 2784 nos
383 2759 467 2784 certe
497 2754 677 2796 tragoediam
705 2756 897 2787 verissimam
926 2756 1117 2788 arbitramur.
1141 2757 1243 2799 po'etae
1271 2766 1344 2797 ergo
1370 2767 1425 2787 vos
1441 2757 1540 2787 estis:
1564 2756 1669 2798 poetae

213 2817 337 2848 quoque.
350 2806 489 2849 ejusdem
505 2808 661 2848 poe'matis
676 2809 737 2850 ipsi
753 2820 870 2845 sumus,
886 2815 918 2840 et
933 2811 1020 2852 quasi
1035 2811 1138 2842 aemuli
1155 2812 1194 2842 ad
1211 2821 1289 2851 opus
1303 2809 1545 2851 pulcherrimum
1557 2815 1670 2851 tragoe-

214 2862 275 2891 diae
300 2861 533 2892 contendimus:
559 2863 642 2903 quod
665 2863 733 2894 sola
755 2864 804 2895 lex
820 2874 903 2899 vera,
919 2872 955 2895 ut
967 2876 1135 2906 speramus,
1150 2871 1253 2906 potest
1267 2865 1425 2906 perficere.
1449 2875 1554 2894 verum
1569 2863 1669 2894 nolite

215 2914 341 2946 credere
355 2915 447 2946 facile
463 2925 482 2946 a
496 2915 585 2946 nobis
599 2917 734 2954 admitti,
747 2923 782 2948 ut
794 2928 904 2950 scenas
917 2919 949 2949 in
965 2919 1030 2950 foro
1047 2920 1242 2950 constituatis
1266 2924 1298 2949 et
1317 2919 1466 2949 clamosos
1487 2917 1671 2950 conducatis

217 2968 392 3005 histriones,
421 2970 474 3010 qui
502 2971 594 3002 altius
611 2982 703 3011 qnam
720 2984 775 3004 nos
792 2974 979 3011 exclament,
997 2980 1089 3015 atque
1102 2974 1144 3005 ita
1162 2974 1200 3005 ad
1217 2972 1328 3005 liberos
1343 2979 1475 3010 nostros,
1489 2972 1530 3003 ad
1547 2981 1668 3009 uxores,
