1840 3225
177 219 230 256 44
646 215 869 254 INCERTI
900 214 1172 254 AUCTORIS
1543 219 1644 269 [109

183 320 326 358 Quidni?
351 321 407 353 So.
432 320 470 351 Id
488 329 574 362 sane,
591 320 676 362 quod
694 319 805 352 melius
819 318 851 351 in
869 318 1026 361 palaestra,
1039 318 1149 351 vocavi
1165 319 1407 362 gymnasticum.
1435 319 1501 352 Ax,-
1527 319 1656 353 Vocasti

181 374 322 416 quidem.
367 375 423 407 So.
450 374 504 405 An
527 384 591 405 non
615 374 725 406 recte?
770 373 838 406 AL.
862 373 946 404 Mihi
969 373 1105 405 videtur.
1150 373 1208 406 So.
1231 373 1301 416 Age
1323 374 1416 416 igitur
1439 379 1472 406 et
1494 380 1539 407 tu.
1563 374 1657 407 decet

184 428 268 458 enim
285 433 315 459 te
332 439 458 470 quoque
475 433 558 460 recte
575 428 735 462 disserere.
781 427 844 459 Dic
861 427 1006 469 primum,
1028 437 1098 469 quae
1114 437 1161 458 ars
1184 433 1242 465 est,
1258 428 1298 459 ad
1314 439 1407 470 quam
1425 428 1561 470 pertinet
1574 433 1660 463 recte

184 492 308 519 canere,
325 492 445 519 sonare,
462 482 586 523 saltare,
610 482 753 513 universa
769 483 836 513 haec
853 492 899 512 ars
915 482 1074 523 quomodo
1097 482 1320 523 nuncupatur?
1343 483 1484 514 nondum
1500 487 1591 523 potes
1604 492 1659 514 ex-

185 535 318 577 primere
333 536 344 567 ?
389 536 454 568 AL.
476 536 642 569 Nondum.
687 537 743 569 So.
767 536 885 567 Verum
902 536 946 567 sic
962 535 1092 571 enitere,
1108 546 1251 578 quaenam
1265 536 1358 578 hujus
1370 535 1442 567 artis
1455 536 1523 567 deae
1537 535 1548 566 ?
1593 535 1662 568 AL.

186 589 352 631 Musasne,
368 602 387 621 o
402 590 560 628 Socrates,
577 590 646 622 ais?
693 592 749 623 So.
775 590 945 633 Equidem.
967 589 1088 631 inspice
1099 590 1180 632 jam,
1202 591 1289 632 quod
1307 591 1346 621 ab
1361 591 1399 622 iis
1414 594 1659 631 cognomentum

185 654 233 674 ars
250 643 305 675 illa
321 644 522 677 nanciscitur.
567 644 634 677 AL.
659 645 816 676 Musicam
834 645 937 675 dicere
961 644 1037 674 mihi
1053 643 1176 676 videris.
1222 645 1278 676 So,
1302 644 1386 677 Dico
1408 645 1528 686 utique.
1571 644 1658 682 Quid

184 697 280 739 igitur
290 703 349 736 est,
362 699 446 740 quod
461 699 633 730 secundum
643 699 724 730 hanc
741 703 824 731 recte
834 698 1015 740 perficitur?
1031 699 1295 740 quemadmodum
1311 699 1404 730 modo
1413 699 1446 731 in
1459 698 1512 730 illa
1523 703 1588 730 arte
1600 708 1660 740 ego

186 752 258 788 tibi,
272 753 358 793 quod
372 753 546 784 secundum
557 758 652 784 artem
665 758 749 784 recte
763 753 862 791 fieret,
876 753 1106 795 gymnasticum
1117 753 1238 790 vocavi,
1251 758 1285 784 tu
1297 764 1424 795 quoque
1435 753 1468 784 in
1480 753 1538 785 hac
1550 752 1662 785 eodem

188 807 282 837 modo
298 806 374 848 quid
392 807 459 838 ais?
483 812 516 838 et
531 807 691 849 quomodo
707 807 797 839 fieri?
844 807 911 838 A1..
934 807 1096 839 Musicum
1122 807 1199 839 mihi
1222 808 1357 845 videtur,
1382 812 1415 839 et
1429 807 1558 839 musice.
1602 807 1662 840 So.

188 860 279 891 Bene
295 860 384 892 dicis,
408 872 467 902 age
477 860 544 903 jam
561 867 594 893 et
609 862 712 903 ipsum
729 862 815 903 quod
831 862 864 894 in
881 862 964 893 bello
979 861 1101 902 melius,
1123 866 1155 893 et
1182 861 1213 892 in
1226 872 1306 904 pace
1318 861 1422 904 ipsum
1435 861 1521 903 quod
1538 860 1661 899 melius,

187 913 264 955 quid
282 916 470 956 nuncupas?
494 917 760 958 quemadmodum
783 917 815 947 in
832 916 1042 958 superioribus
1067 915 1184 954 dixisti,
1199 916 1231 947 in
1256 926 1448 958 unoquoque
1463 914 1582 946 meliori
1597 926 1604 945 z
1627 915 1662 947 in

191 977 255 998 uno
271 968 399 1009 quidem
415 970 500 1011 quod
518 970 618 1012 magis
634 970 799 1008 musicum,
814 971 846 1002 in
858 971 955 1002 altero
971 981 1043 1002 vero
1059 971 1145 1011 quod
1163 970 1259 1012 magis
1275 970 1506 1013 gymnasticum
1522 981 1529 1001 :
1547 979 1661 1002 conare

186 1020 220 1051 in
238 1021 276 1051 iis
291 1022 431 1054 similiter
448 1024 549 1065 ipsum
573 1024 683 1055 melius
700 1025 918 1066 pronunciare.
966 1024 1031 1056 Αι..
1054 1024 1130 1055 Non
1152 1025 1254 1056 habeo
1278 1025 1356 1066 quid
1378 1024 1493 1056 dicam.
1539 1023 1596 1056 So.
1619 1022 1667 1054 At

188 1085 261 1105 vero
279 1080 368 1116 turpe
383 1082 443 1117 est,
466 1077 490 1108 si
506 1078 575 1119 quis
599 1082 629 1108 te
645 1078 685 1108 de
701 1078 778 1109 cibis
795 1083 994 1115 asserentem,
1020 1078 1107 1119 quod
1136 1077 1243 1109 melior
1268 1082 1315 1109 est
1339 1077 1398 1108 iste
1423 1087 1517 1118 quam
1542 1076 1608 1113 ille,
1632 1081 1665 1108 et

190 1130 332 1171 quando,
347 1135 377 1160 et
392 1136 540 1172 quantus,
557 1131 674 1163 deinde
687 1132 868 1174 interroget,
884 1132 973 1170 Quid
988 1132 1092 1174 ipsum
1108 1132 1220 1163 melius
1234 1141 1414 1174 nuncupem,
1428 1141 1448 1163 o
1458 1130 1665 1164 Alcibiades?

191 1182 305 1213 habere
322 1183 354 1213 in
371 1184 409 1215 iis
424 1184 501 1226 quid
517 1186 721 1227 respondeas,
737 1187 823 1228 quod
846 1187 996 1218 videlicet
1011 1186 1164 1217 salubrius
1178 1197 1188 1225 3
1211 1185 1355 1228 quamvis
1371 1190 1402 1217 te
1417 1185 1574 1218 medicum
1598 1196 1665 1218 esse

192 1246 254 1266 non
272 1237 444 1278 profitearis
458 1249 464 1269 :
490 1239 523 1269 in
549 1239 604 1270 illo
631 1250 715 1277 vero,
744 1239 836 1281 cujus
862 1245 892 1271 te
921 1240 1054 1281 peritum
1080 1251 1148 1272 esse
1172 1239 1323 1281 gloriaris,
1347 1239 1445 1281 [109]
1470 1244 1502 1271 et
1516 1243 1665 1281 tanquam

191 1291 332 1322 eruditus
347 1293 548 1323 consulturus
563 1293 709 1335 assurgis,
727 1294 754 1324 si
768 1293 851 1325 desit
867 1294 924 1325 tibi
938 1295 1023 1336 quod
1035 1294 1224 1335 respondeas
1236 1294 1455 1334 interrogatuS,
1467 1293 1543 1334 quid
1556 1293 1665 1325 melius

191 1345 243 1376 sit.
267 1355 386 1386 nonne,
400 1346 543 1388 inquam,
560 1352 650 1389 turpe
668 1349 728 1379 hoc
744 1349 816 1379 est?
861 1349 927 1380 AL.
950 1348 1188 1390 Turpissimum.
1235 1347 1293 1380 So.
1318 1347 1493 1380 Considera
1515 1347 1622 1388 itaque
1634 1352 1667 1379 et

192 1408 306 1429 conare
321 1400 411 1431 nobis
426 1402 602 1439 ostendere,
619 1413 766 1443 quorsum
790 1403 892 1434 tendit
915 1403 1021 1444 ipsum
1043 1402 1155 1433 melius
1177 1401 1211 1433 in
1226 1412 1305 1442 pace
1331 1401 1519 1442 quibuscum
1542 1406 1668 1442 oportet

192 1452 403 1495 conficienda,
418 1460 451 1485 et
465 1454 496 1485 in
512 1456 596 1487 bello
611 1456 705 1488 etiarn
720 1462 831 1489 contra
847 1468 925 1499 quos
941 1457 1087 1499 oportet?
1111 1456 1175 1488 AL.
1194 1456 1265 1489 Etsi
1275 1456 1414 1498 inquiro,
1426 1467 1550 1499 nequeo
1562 1461 1667 1488 tamen

194 1505 231 1537 id
257 1506 409 1540 invenire.
454 1510 512 1541 So.
535 1509 809 1549 Animadvertisti,
833 1523 905 1544 cum
921 1511 1036 1543 bellum
1062 1511 1208 1553 gerimus,
1225 1511 1302 1552 quid
1318 1511 1360 1543 sit
1383 1511 1469 1552 quod
1486 1521 1668 1542 accusamus

194 1564 228 1590 et
253 1563 413 1602 quomodo
439 1573 656 1606 nuncupemus
688 1566 778 1603 illud,
807 1577 870 1608 quo
901 1567 941 1597 ad
973 1566 1089 1597 bellum
1120 1565 1310 1597 incitamur?
1357 1564 1424 1597 AL.
1448 1564 1672 1596 Animadverti

196 1614 356 1655 equidem,
373 1617 410 1647 ad
428 1628 512 1648 arma
528 1628 584 1649 nos
602 1620 775 1662 provocari,
790 1631 860 1652 cur-n
877 1620 1006 1662 decepti
1023 1631 1128 1651 sumus
1145 1619 1193 1651 vel
1209 1619 1313 1651 coacti
1324 1619 1374 1651 vel
1387 1619 1493 1661 aliqua
1502 1629 1533 1650 re
1546 1619 1673 1660 privati.

196 1668 253 1699 So.
277 1668 362 1710 Age,
388 1671 485 1708 dicas,
501 1683 565 1714 quo
581 1673 687 1705 differt
701 1674 767 1716 pati
783 1675 837 1705 illa
862 1675 923 1706 hoc
938 1675 986 1708 vel
1011 1674 1065 1706 illo
1082 1674 1200 1706 modo?
1247 1674 1312 1705 ΑΙ..
1337 1674 1418 1706 Cum
1442 1672 1521 1705 dicis
1536 1673 1596 1705 hoc
1621 1672 1670 1705 vel

191 1721 250 1752 illo
265 1724 373 1765 modo,
389 1725 581 1768 intelligisne
608 1728 704 1765 idem,
722 1739 758 1760 ac
775 1729 801 1759 si
817 1729 937 1760 diceres
948 1727 1034 1769 juste
1051 1728 1100 1759 vel
1114 1727 1257 1768 injuste?
1304 1727 1360 1760 SO.
1386 1727 1425 1758 Id
1440 1726 1556 1768 ipsum.
1599 1726 1666 1759 AL.

197 1775 337 1808 Omnino
353 1778 482 1820 quidem
499 1786 531 1811 et
547 1782 718 1813 secundum
736 1788 835 1814 toturn
853 1782 970 1815 differt.
1016 1782 1074 1814 So-
1094 1781 1254 1813 Adversus
1269 1791 1348 1822 ques
1365 1786 1400 1813 ut
1415 1780 1531 1813 bellum
1547 1780 1668 1819 ineant,

196 1829 409 1864 Athenienses
425 1835 596 1867 hortaberis
610 1837 621 1867 ?
644 1847 721 1868 num
735 1838 882 1869 adversus
898 1836 1041 1879 injuriam
1058 1836 1240 1872 inferentes,
1255 1846 1295 1866 an
1306 1835 1393 1877 juste
1409 1835 1562 1876 agentes?
1600 1834 1668 1867 Al..

197 1883 319 1915 Durum
337 1891 385 1917 est
400 1887 444 1925 id,
461 1890 546 1930 quod
564 1890 744 1932 interrogas.
768 1902 840 1922 nam
857 1892 882 1922 si
898 1891 969 1933 quis
980 1889 1215 1933 putaretjustos
1226 1889 1322 1921 etiam
1335 1889 1417 1920 viros
1430 1888 1667 1930 opprimendos,

195 1948 259 1968 non
277 1945 378 1971 tamen
396 1941 426 1973 id
455 1943 513 1974 tibi
529 1945 738 1977 confiteretur.
784 1946 839 1977 So.
867 1945 939 1976 Non
965 1945 1049 1978 enim
1075 1945 1248 1986 legitimum
1273 1944 1344 1981 hoc,
1371 1948 1406 1974 ut
1420 1943 1556 1975 videtur.
1599 1942 1665 1975 AL.

196 1991 343 2025 Minime.
388 1995 443 2028 So⁴
467 1996 582 2039 Neque
598 1999 715 2031 bonum
732 2006 872 2042 apparet.
894 2000 929 2031 in
945 1999 993 2030 his
1010 2009 1084 2041 ergo
1100 2004 1134 2030 tu
1151 1998 1234 2031 circa
1247 1998 1279 2030 id
1292 1998 1376 2040 quod
1386 1997 1506 2040 justum
1519 2003 1567 2030 est
1577 1999 1670 2031 verba

196 2045 318 2078 facies?
363 2048 426 2082 AL.
452 2050 590 2084 Necesse
617 2060 675 2086 est.
721 2054 777 2086 So.
801 2054 852 2085 Ita
876 2053 964 2095 quod
989 2053 1101 2084 melius
1126 2053 1360 2094 interrogarem,
1373 2053 1409 2084 in
1434 2052 1517 2084 bello
1532 2052 1670 2094 gerendo

200 2105 256 2130 aut
270 2111 332 2132 non
350 2105 499 2144 gerendo,
516 2111 548 2137 et
561 2107 746 2148 quibuscum
764 2113 890 2150 oportet
905 2108 952 2138 vel
970 2118 1048 2148 non,
1064 2112 1098 2139 et
1112 2107 1241 2148 quando
1258 2111 1383 2148 oportet
1395 2106 1442 2138 vel
1455 2117 1529 2142 non,
1546 2110 1672 2147 oportet

198 2154 230 2184 id
247 2157 331 2196 quod
344 2157 459 2198 justius
475 2166 532 2190 est.
554 2171 595 2192 an
611 2173 673 2193 non
687 2163 698 2193 ἓ
734 2161 800 2193 AL.
822 2162 970 2193 Videtur.
1005 2161 1061 2192 So.
1085 2161 1200 2192 Utrum
1213 2160 1318 2202 igitur,
1330 2171 1348 2190 o
1362 2160 1462 2191 amice
1473 2159 1671 2200 Alcibiades,

199 2214 230 2239 te
247 2212 396 2252 prestent,
413 2214 497 2253 quod
515 2216 574 2246 hoc
589 2215 732 2257 ignoras:
759 2216 806 2247 vel
824 2216 849 2247 si
865 2226 913 2246 mc
930 2215 1028 2248 inscio
1044 2216 1084 2246 ad
1109 2220 1333 2256 praeceptorem
1351 2213 1509 2255 profectus
1523 2223 1569 2250 es,
1585 2214 1670 2244 unde

199 2263 374 2305 dijudicare
391 2267 536 2299 didiceris
551 2270 626 2311 quid
640 2269 756 2311 justius
772 2276 805 2302 et
819 2271 896 2312 quid
913 2269 1083 2311 injustius3
1107 2279 1165 2310 age
1183 2273 1216 2301 et
1231 2268 1305 2299 mihi
1322 2269 1404 2300 hunc
1419 2267 1563 2305 ostende,
1579 2272 1614 2298 ut
1623 2267 1672 2299 illi

199 2327 249 2348 me
265 2319 454 2360 discipulum
477 2327 572 2364 atque
594 2324 752 2366 hospitem
775 2326 898 2357 reddas.
943 2324 1011 2356 Ar..
1034 2324 1178 2360 Mordes,
1201 2333 1220 2353 ο
1234 2322 1389 2355 socrates.
1434 2321 1490 2354 So.
1515 2320 1591 2352 Non
1615 2331 1671 2363 per

199 2371 292 2403 deum
309 2374 383 2404 mihi
399 2381 431 2406 et
442 2375 497 2407 tibi
508 2378 655 2416 amicum,
666 2390 759 2421 quem
772 2379 978 2421 jurejurando
992 2378 1120 2409 minime
1132 2376 1284 2409 fallerem.
1306 2376 1362 2407 sed
1375 2375 1400 2407 si
1416 2375 1524 2412 habes,
1535 2374 1587 2407 dic
1599 2375 1669 2417 quis

199 2431 255 2456 est.
277 2425 343 2458 AL.
361 2428 447 2465 Quid
457 2429 480 2460 si
494 2441 557 2461 non
571 2432 713 2471 habeam,
724 2444 830 2464 nonne
842 2439 934 2475 putas
946 2432 1034 2463 aliter
1046 2442 1098 2463 me
1102 2431 1190 2473 justa
1199 2436 1295 2472 atque
1303 2429 1422 2472 injusta
1435 2439 1528 2472 posse
1540 2428 1671 2470 dignos·

201 2481 293 2511 rere?
338 2482 395 2513 So.
420 2483 532 2522 Immo,
560 2486 713 2527 siquidem
738 2487 906 2519 inveneris.
951 2487 1015 2518 AL.
1040 2486 1094 2518 An
1117 2496 1182 2517 non
1196 2495 1306 2517 censes
1320 2484 1474 2519 invenisse
1491 2483 1573 2516 nie?-
1611 2483 1670 2517 So.

198 2533 241 2563 Et
257 2536 387 2567 maxime
403 2538 543 2579 quidem,
555 2542 648 2572 modo
665 2542 854 2584 quaesiveris.
898 2541 960 2573 Ar..
984 2541 1112 2572 Deinde
1124 2551 1187 2572 non
1201 2540 1315 2581 credis,
1330 2550 1379 2572 me
1391 2538 1564 2581 quaesisse?
1610 2538 1667 2571 So.

200 2587 305 2619 Credo
321 2591 481 2632 equidem,
496 2595 589 2625 inodo
606 2600 636 2626 te
651 2596 792 2637 ignorare
809 2596 979 2638 putaveris.
1013 2595 1077 2629 AL.
1101 2594 1152 2626 An
1168 2605 1232 2626 non
1247 2594 1309 2626 fuit
1323 2599 1459 2635 tempus,
1474 2601 1544 2624 cum
1561 2590 1667 2623 sicine

199 2642 344 2674 haberem
358 2644 369 2673 ?
414 2645 469 2677 So.
494 2647 583 2679 Bene
599 2650 690 2681 dicis.
714 2652 772 2682 sed·
784 2651 844 2683 scis
859 2651 1015 2693 assignare
1031 2650 1120 2681 nobis
1136 2650 1168 2680 id
1185 2655 1320 2691 tempus
1334 2648 1463 2690 quando
1476 2656 1541 2679 non
1555 2645 1670 2678 rebaris

201 2702 231 2726 ic
244 2695 397 2738 justorum
415 2705 508 2741 atque
523 2702 710 2744 injustorum
736 2705 950 2747 cognitionem
974 2705 1110 2736 habere?
1136 2703 1234 2745 [110]
1257 2713 1327 2744 age,
1341 2700 1496 2742 superiori
1511 2710 1594 2732 anno
1609 2700 1670 2731 ista

200 2751 351 2792 quaefflsti,
366 2763 425 2784 nec
440 2754 636 2788 existimabas
653 2763 682 2790 te
699 2759 788 2796 scire,
812 2759 860 2790 vel
883 2758 1080 2790 existimabas
1094 2758 1105 2788 ἓ
1151 2757 1201 2789 Ac
1225 2766 1299 2788 vcra
1309 2754 1477 2797 respondeo
1493 2764 1533 2786 ΠΒ
1556 2753 1667 2786 frustra

199 2805 430 2845 disputationes
445 2810 627 2849 procedant.
673 2812 739 2846 Λι.
766 2813 917 2845 Putabam
934 2813 1022 2845 scire.
1066 2812 1125 2844 So.
1146 2811 1252 2843 Tertio
1269 2820 1339 2842 vero
1355 2819 1440 2841 anno
1455 2811 1530 2840 ante
1539 2807 1570 2840 id
1587 2811 1664 2838 tem-

200 2869 258 2900 pus
273 2864 306 2890 et
318 2866 428 2902 quarto
444 2866 476 2893 ct
491 2863 613 2907 quinto,
630 2875 734 2899 noune
749 2868 860 2900 eodem
877 2872 972 2910 pactu
986 2868 997 2898 ἓ
1044 2866 1108 2900 AL.
1133 2866 1268 2899 Eodem.
1313 2864 1370 2897 So.
1393 2862 1494 2905 Atqui
1508 2866 1581 2894 aule
1593 2862 1662 2894 hdie
