1840 3225
668 82 676 101 Ι

170 197 269 251 838]
614 195 686 234 DE
716 192 946 232 LEGIBUS
986 193 1082 233 LlB.
1114 193 1224 232 VIII.
1552 197 1626 233 387

153 310 213 332 nec
228 300 399 332 resistentis
413 299 544 342 quisque
558 299 720 331 mollitiem
730 297 932 338 vituperabit.
954 297 986 328 in
1001 308 1038 328 eo
1053 308 1135 337 νει-ο,
1148 298 1202 339 qui
1212 297 1344 329 feminas
1357 297 1502 334 imitatur,
1514 308 1620 329 nonne

154 355 334 387 muliebrem
357 355 456 396 ipsam
486 355 652 395 imaginem
680 353 813 395 quilibet
833 351 1038 392 improbabit?
1062 353 1131 394 quis
1157 352 1250 394 igitur
1276 353 1433 383 hominum
1455 352 1526 387 hoc,
1546 362 1619 382 cum

151 408 216 439 tale
230 409 280 445 sit,
297 409 416 450 legibus
432 408 575 439 sauciet?
599 408 697 438 ferme
714 407 830 442 nullus,
847 406 901 446 qui
916 416 1021 436 veram
1045 406 1075 436 in
1102 413 1208 437 mente
1232 407 1332 447 legem
1360 406 1514 437 hahuerit.
1538 416 1615 447 quo-

151 462 247 493 modo
262 473 335 504 ergo
352 474 456 493 verum
471 463 529 493 hoc
542 471 610 493 esse
624 461 779 492 dicimus?
799 460 896 501 [837]
913 460 1058 490 amicitiae
1075 460 1398 501 utiquepcupiditatis,
1415 470 1614 501 amorumque

151 521 292 547 naturam
309 517 505 549 considerare
521 525 650 546 necesse
667 520 725 551 est,
742 515 769 545 si
784 514 855 555 quis
866 514 927 544 ista
947 520 1033 545 recte
1056 515 1096 544 sit
1121 514 1328 554 inspecturus,
1351 524 1424 544 nam
1452 525 1521 544 cum
1546 514 1616 554 ipsa

149 569 212 601 duo
240 571 312 605 sint,
338 576 371 601 et
384 570 488 610 ,tertia
509 580 546 600 ex
577 569 725 600 ambobus
754 569 885 610 species,
902 579 963 599 uno
979 569 1203 609 comprehensa
1217 568 1356 604 nomine,
1384 568 1613 599 dubitationem

149 633 276 655 omnem
289 629 323 655 et
337 625 479 656 tenebras
490 624 622 654 faciunt.
667 624 740 656 Cm.
765 623 950 660 Quomodo?
988 622 1124 653 Arnen.
1142 622 1289 653 Amicum
1303 622 1387 652 enim
1400 622 1500 653 simile
1517 623 1613 654 simili

146 678 273 715 virtute,
299 683 332 709 at
345 679 464 720 aequale
481 678 595 719 aequali
610 678 786 709 asserimus.
809 678 940 708 amicum
956 688 1059 708 rursus
1075 687 1208 718 egenum
1225 676 1326 712 diviti,
1342 677 1484 718 quamvis
1496 687 1611 717 genere

147 733 334 763 conta-arium
361 733 412 763 sit.
434 731 562 773 quando
584 742 657 763 vero
682 738 847 773 utrumque
871 731 1087 762 vehementius
1110 731 1215 767 fuerit,
1231 741 1370 762 amorem
1381 741 1611 772 nuncupamus.

147 785 223 817 CLI.
247 786 361 818 Recte.
407 787 545 817 Arnim.
572 786 735 822 Amicitia,
759 797 830 827 qnae
846 796 866 816 a
879 786 1042 816 contrariis
1056 785 1272 826 proficiscitur,
1289 785 1366 816 dura
1381 790 1430 816 est
1445 791 1478 815 et
1492 795 1612 826 aspera,

145 844 179 870 et
193 850 278 882 saepe
292 841 540 873 vicissitudinem
556 841 588 872 in
603 841 693 872 nobis
708 851 772 872 non
787 841 891 871 habet.
915 851 984 882 quae
997 850 1069 870 vero
1083 850 1102 870 a
1117 840 1280 876 similibus,
1288 839 1416 880 placida
1425 839 1615 871 communis-

145 904 206 935 que
233 905 288 936 per
311 896 417 926 vitam.
441 896 493 926 ubi
517 906 591 926 vero
615 906 655 926 ex
678 896 814 936 utrisque
845 895 1043 936 componitur
1067 894 1300 930 benevolentia,
1327 894 1427 935 primo
1440 904 1502 925 non
1518 894 1612 925 facile

146 948 354 989 cognoscitur,
371 949 446 991 quid
459 949 519 980 sibi
535 950 620 985 velit,
637 950 689 990 qui
707 950 798 979 tertio
812 950 871 979 hoc
886 954 971 979 amat
985 959 1088 979 amore
1103 960 1109 978 :
1134 948 1248 979 deinde
1273 949 1312 979 ab
1336 949 1472 989 utrisque
1487 948 1522 978 in
1538 958 1613 979 con-

144 1002 237 1033 traria
251 1009 379 1039 tractus,
395 1008 427 1033 et
439 1004 517 1044 ipse,
533 1002 608 1044 quid
620 1002 726 1038 faciat,
740 1002 873 1038 dubitat,
890 1014 960 1033 curn
975 1002 1013 1033 ab
1029 1003 1126 1033 altero
1142 1002 1241 1033 aetatis
1256 1002 1300 1033 uti
1315 1002 1389 1033 flore
1399 1002 1556 1044 jubeatur,
1573 1001 1613 1032 ab

144 1057 244 1087 altero
267 1058 476 1098 prohibeatur.
500 1068 572 1088 nam
596 1057 651 1098 qui
677 1067 790 1098 corpus
813 1062 897 1086 amat
911 1057 1039 1098 ejusque
1056 1056 1189 1087 formam
1203 1057 1290 1097 quasi
1304 1056 1439 1087 fructum
1455 1055 1612 1097 quendam

146 1110 288 1142 esuriens
312 1112 401 1153 petit,
417 1111 444 1142 is
458 1111 565 1142 satiari
581 1110 745 1141 dumtaxat
759 1111 881 1152 quaerit,
896 1111 1078 1152 nullumque
1093 1111 1198 1141 animo
1213 1110 1308 1141 amati
1317 1110 1436 1152 praebet
1450 1111 1615 1143 honorem.

145 1165 201 1195 sed
229 1166 281 1206 qui
307 1166 411 1196 minus
435 1166 475 1196 de
506 1176 634 1206 corpore
651 1170 750 1201 curat,
765 1173 797 1195 et
813 1165 916 1195 animo
932 1164 1109 1196 considerat
1123 1164 1229 1206 potius
1245 1174 1338 1205 quam
1354 1164 1524 1200 desiderat,
1542 1175 1614 1195 cum

145 1219 260 1260 ipsum,
289 1226 325 1251 ut
353 1220 456 1256 decet,
489 1219 626 1251 animum
656 1219 779 1260 diligat,
809 1218 946 1260 corporis
976 1229 1065 1249 usum
1091 1218 1301 1259 petulantiam
1329 1223 1362 1247 et
1390 1218 1613 1248 contumeliam

145 1273 325 1305 arbitratur:
363 1285 496 1316 cumque
525 1273 777 1315 temperantiam,
809 1273 1032 1308 foititudincm,
1061 1272 1322 1313 magnificentiam
1352 1277 1385 1302 et
1413 1272 1614 1313 prudentiam

146 1333 286 1359 vereatur
312 1333 344 1359 et
368 1329 462 1365 colat,
479 1340 546 1360 cum
565 1335 651 1359 casto
666 1329 767 1359 amico
782 1333 886 1359 castus
900 1327 1005 1358 vivere
1019 1327 1115 1357 volet.
1137 1337 1223 1357 amor
1238 1333 1340 1357 autem
1357 1337 1395 1357 ex
1409 1326 1547 1367 utrisque
1564 1327 1615 1358 his

144 1383 337 1423 compositus
351 1383 418 1424 ipse
433 1389 490 1419 est,
506 1394 600 1425 quem
623 1383 716 1413 modo
733 1383 803 1413 loco
817 1382 910 1413 tertio
927 1382 1131 1423 ponebamus.
1154 1392 1223 1412 cum
1240 1390 1313 1422 ergo
1327 1388 1390 1411 tres
1405 1379 1468 1410 sint
1480 1390 1612 1418 amores,

143 1441 247 1467 utrum
273 1447 382 1468 omnes
403 1438 472 1479 lege
496 1437 637 1479 pellendi
661 1437 757 1468 sunt?
780 1448 821 1468 an
852 1436 999 1467 videlicet
1023 1446 1096 1467 eum
1120 1435 1151 1466 in
1174 1435 1301 1466 civitate
1321 1434 1549 1475 suscipiemus,
1558 1437 1613 1476 qui

144 1489 292 1522 virtutem
305 1492 454 1533 respiciat
462 1497 495 1523 et
510 1491 745 1523 adolescentem
760 1492 827 1522 fieri
840 1502 931 1532 quam
944 1491 1095 1532 optimum
1109 1490 1218 1531 cupiat
1234 1501 1240 1519 :
1266 1489 1344 1520 duos
1359 1495 1464 1519 autern
1479 1489 1568 1525 alios,
1583 1491 1613 1520 si

144 1544 211 1575 fieri
229 1546 356 1586 poterit,
378 1547 589 1587 repellemus?
613 1546 753 1588 nunquid
783 1547 874 1576 aliter
899 1546 967 1582 tibi,
991 1556 1010 1575 o
1037 1545 1138 1576 amice
1155 1543 1301 1585 Megisse,
1318 1542 1464 1574 videtur?
1510 1543 1610 1573 Meo.

144 1597 246 1629 Probe
263 1598 429 1631 admodum
445 1601 484 1631 de
499 1601 546 1631 his
562 1602 655 1632 modo
669 1600 786 1636 dixisti,
801 1601 927 1641 hospes.
972 1599 1109 1630 ATHEN.
1132 1598 1206 1629 Nou
1230 1598 1352 1634 frustra,
1369 1607 1388 1628 o
1404 1597 1517 1636 amice,
1532 1607 1609 1628 con-

138 1652 290 1693 jiciebam
315 1659 402 1685 tuum
428 1655 506 1685 mihi
529 1665 716 1686 consensum
743 1655 850 1686 affore.
874 1665 937 1684 non
961 1658 1085 1694 oportet
1107 1657 1213 1684 autem
1237 1661 1288 1682 me
1302 1662 1398 1687 nunc,
1416 1650 1493 1692 quid
1507 1651 1547 1681 de
1561 1651 1610 1681 his

143 1712 247 1739 vestra
270 1708 320 1739 lex
340 1709 446 1745 sentit,
468 1709 624 1751 inquirere
643 1721 652 1748 3
674 1710 742 1745 sed,
769 1709 851 1750 quod
869 1703 1018 1744 admittis,
1034 1708 1188 1749 accipere.
1233 1706 1347 1738 Cliniae
1363 1715 1435 1736 vero
1451 1710 1560 1746 postea
1575 1705 1610 1735 id

144 1762 330 1803 persuadere
357 1763 503 1794 conabor.
525 1763 610 1805 quod
626 1774 644 1794 a
662 1764 746 1794 vobis
763 1763 873 1793 datum
888 1768 946 1799 est,
963 1763 1055 1793 modo
1072 1761 1258 1802 accipiatur,
1276 1760 1424 1801 legesque
1440 1759 1611 1800 diligenter

143 1816 388 1848 consideremus.
432 1819 526 1850 Msc.
551 1817 743 1849 Rectissime
771 1817 917 1859 loqueris.
962 1816 1104 1848 ATHEN.
1127 1816 1237 1846 Artem
1260 1815 1291 1845 in
1319 1815 1377 1845 hac
1393 1815 1463 1854 lege
1478 1813 1611 1844 ferenda

144 1870 304 1912 quandam
332 1872 442 1909 habeo,
467 1873 564 1915 [838]
591 1872 701 1914 partim
726 1871 852 1913 quidem
873 1872 1008 1908 facilem,
1024 1872 1135 1912 partim
1152 1869 1279 1900 omnino
1293 1868 1464 1900 difficilem.
1511 1868 1611 1898 Mm.

144 1924 312 1961 Quomodo
338 1926 447 1957 istud?
493 1926 630 1957 ATHEN.
669 1925 802 1957 Constat
826 1936 910 1956 nunc
940 1935 1066 1966 quoque
1095 1924 1245 1966 plurimos
1271 1923 1444 1958 hominum,
1472 1921 1613 1963 quamvis

142 1978 244 2020 iniqui
268 1979 339 2016 sint,
364 1981 445 2012 bene
461 1986 494 2012 et
509 1981 677 2022 diligenter
692 1986 725 2010 et
739 1984 850 2021 sponte
870 1991 888 2010 a
903 1980 1105 2021 pulchrorum
1120 1977 1343 2020 conjunctione
1360 1987 1426 2007 sese
1444 1975 1612 2006 abstinere.

143 2033 241 2065 Meo.
264 2034 401 2071 Quando
429 2035 461 2066 id
491 2035 526 2066 fit
540 2035 550 2065 ἓ
597 2035 736 2066 Armax-
760 2033 896 2071 Quando
924 2033 1017 2064 frater
1047 2038 1102 2064 aut
1128 2042 1211 2063 soror
1236 2031 1350 2063 eximia
1379 2029 1609 2072 pulchritudine

143 2088 240 2119 alicui
266 2088 317 2120 sit.
349 2099 369 2119 a
397 2089 461 2120 filio
487 2099 612 2131 quoque
642 2089 768 2130 filiaque
785 2089 834 2119 lex
849 2087 973 2124 eadem,
990 2087 1132 2129 quamvis
1146 2087 1262 2127 scripta
1276 2096 1339 2116 non
1356 2085 1407 2122 sit,
1422 2084 1610 2115 sufficienter

142 2141 278 2183 repellit,
304 2143 510 2185 prohibetque
537 2149 569 2175 et
592 2144 787 2174 manifestum
817 2149 849 2173 et
872 2142 1016 2172 furtivum
1033 2142 1161 2172 istorum
1175 2140 1402 2172 concubitum:
1426 2139 1523 2169 immo
1538 2148 1611 2169 vero

142 2196 229 2233 facit,
255 2207 296 2227 ne
319 2198 476 2238 cupiditas
501 2198 632 2240 quidem
645 2198 710 2229 ulla
725 2198 769 2228 rei
784 2197 877 2238 hujus
894 2197 1006 2237 vulgus
1023 2196 1230 2237 aggrediatur.
1276 2195 1373 2226 Mne.
1395 2193 1481 2224 Vera
1494 2202 1613 2222 narras.

143 2249 282 2281 ΑΤῙιεΝ.
317 2251 425 2283 Unum
451 2263 526 2293 ergo
554 2253 685 2283 verbum
715 2257 810 2293 atque
840 2251 1055 2281 brevissimum
1085 2260 1192 2281 omnes
1222 2247 1404 2290 hujusmodi
1431 2247 1613 2287 voluptates

143 2303 299 2335 exstinxit.
343 2306 439 2337 Meo.
463 2306 547 2343 Quid
578 2307 681 2338 illud?
729 2307 864 2337 Arnen.
889 2305 984 2343 Quod
1007 2306 1053 2336 fas
1081 2305 1160 2335 nihil
1186 2305 1294 2335 horum
1320 2313 1388 2333 esse
1413 2301 1538 2336 dicitur,
1555 2301 1609 2331 sed

145 2356 231 2398 apud
259 2357 364 2389 Deum
389 2361 462 2390 odio
479 2361 597 2396 haberi,
614 2368 649 2392 ut
662 2361 800 2402 turpium
815 2360 956 2390 omnium
969 2369 1037 2390 esse
1063 2358 1251 2400 turpissima.
1274 2366 1370 2388 causa
1384 2362 1486 2385 autem
1503 2364 1610 2385 nonne

144 2411 213 2442 haec
235 2413 301 2443 est?
325 2413 400 2454 quia
420 2424 512 2444 nemo
543 2415 636 2445 aliter
651 2416 814 2456 praedicat,
827 2415 882 2446 sed
899 2415 1002 2445 statim
1020 2413 1059 2444 ab
1075 2414 1203 2443 ineunte
1218 2417 1321 2446 aetate,
1338 2416 1370 2440 et
1381 2410 1455 2451 joco
1472 2408 1563 2439 simul
1579 2413 1613 2439 et

143 2465 225 2495 serio
247 2464 343 2503 dicta,
359 2471 391 2497 et
407 2467 520 2508 saepius
535 2468 566 2498 in
584 2468 742 2509 tragoediis
757 2469 824 2500 haec
841 2468 954 2499 eadem
969 2468 1149 2502 audiuntur,
1167 2465 1292 2507 quando
1308 2464 1357 2494 vel
1374 2463 1546 2504 Thyestem
1561 2463 1612 2492 vel
1637 2508 1639 2510 η

146 2517 334 2560 OEdipodem
358 2521 408 2552 vel
432 2521 625 2558 Macareum,
660 2528 788 2553 mortem
823 2522 893 2563 sihi,
929 2523 1066 2553 debitam
1097 2520 1227 2552 sceleris
1254 2528 1391 2560 poenam,
1421 2517 1612 2548 conscivisse

142 2578 270 2614 propter
298 2574 513 2616 hujuscemodi
542 2587 687 2607 venerem
716 2582 852 2607 narrant.
898 2577 995 2607 Meo.
1021 2576 1123 2606 Recte
1153 2574 1236 2604 istud
1269 2572 1388 2603 dictum
1418 2576 1476 2602 est.
1499 2571 1610 2602 miram

144 2626 230 2657 enim
251 2627 342 2658 famae
358 2630 532 2669 potentiam
546 2631 702 2666 novimus,
719 2631 844 2672 quando
857 2642 950 2661 nemo
967 2630 1069 2665 aliter,
1086 2638 1180 2670 quam
1192 2627 1305 2669 jubeat
1323 2626 1384 2662 lex,
1402 2637 1441 2656 ne
1459 2626 1611 2666 respirare

145 2680 273 2722 quide-m
285 2682 410 2714 audeat.
453 2684 590 2715 Arum.
614 2684 666 2714 An
681 2695 743 2715 non
758 2690 842 2716 recte
859 2686 976 2716 dictum
994 2690 1041 2715 est
1055 2694 1073 2714 a
1089 2683 1190 2717 nobis,
1209 2680 1292 2722 quod
1309 2680 1426 2711 volenti
1439 2679 1612 2720 legislatori

144 2734 351 2775 cupiditatem
365 2738 503 2779 aliquam
519 2749 634 2775 earum,
645 2750 714 2781 quae
727 2740 923 2770 vehementer
933 2739 993 2770 sibi
1006 2739 1151 2779 subigunt
1162 2736 1316 2771 homines,
1324 2734 1436 2765 rationi
1449 2733 1611 2774 subjicere,

144 2787 248 2819 facilis
260 2790 387 2831 cog-nitu
413 2793 524 2824 modus
548 2800 596 2823 est
610 2793 619 2822 ?
646 2793 764 2834 quippe
780 2793 805 2824 si
819 2794 933 2824 sarnam
949 2792 1127 2834 hujusmodi
1143 2791 1225 2832 apud
1241 2799 1353 2821 omnes
1368 2797 1472 2819 servos
1487 2794 1519 2816 et
1536 2786 1615 2815 libe-

146 2849 208 2877 ros,
234 2845 449 2887 musculosque
472 2854 504 2877 et
527 2847 671 2884 seminas,
697 2852 730 2877 et
752 2847 928 2879 universam
943 2847 1112 2882 civitatem,
1129 2844 1217 2886 quasi
1232 2854 1351 2875 sacrum
1368 2842 1516 2884 quiddam
1528 2840 1615 2869 dica-

146 2895 235 2933 verit,
266 2897 468 2932 firmissimam
498 2901 588 2933 istam
620 2902 720 2943 lege-ni
745 2901 871 2934 efficiet.
916 2902 1014 2933 Mne.
1038 2901 1088 2932 Itu
1118 2909 1250 2942 prorsus,
1274 2907 1337 2940 qua
1361 2905 1433 2927 vero
1449 2893 1567 2925 ratione
1583 2892 1616 2923 id
