1840 3225
210 279 289 317 452
661 278 887 316 INCERTI
933 278 1208 317 AUCTORIS
1583 280 1683 333 [975

211 380 403 411 verissimam
418 380 458 411 de
475 380 524 411 his
538 381 726 412 sententiam
745 386 963 421 perventuros.
1007 383 1147 412 Arnen.
1173 380 1265 411 Alias
1287 380 1383 422 igitur
1407 386 1503 418 artes,
1526 391 1598 422 quae
1613 392 1686 413 cum

209 435 352 466 scientiae
369 433 580 476 appellentur,
596 435 752 465 hominem
766 434 942 476 sapientem
957 445 1019 466 non
1034 435 1166 471 faciunt,
1183 435 1320 476 primum
1338 445 1563 476 percurramus,
1575 441 1611 466 ut
1621 435 1688 467 ini·

208 488 335 519 remotis
359 499 424 525 eas,
455 488 569 529 quibus
592 499 733 529 egemus,
756 488 978 520 admoveamus
1001 498 1283 530 comparemusque
1301 494 1334 519 et
1348 488 1433 520 sacta
1448 490 1686 530 comparatione

209 542 382 573 discamus.
406 547 501 583 atque
526 552 581 573 eas
606 542 750 583 inprimis
774 542 950 583 videamus,
964 542 1078 584 quibus
1102 544 1268 573 humanum
1286 553 1386 584 genus
1400 543 1535 574 maxime
1551 543 1687 584 indiget.

209 606 284 627 vere
298 596 382 627 enim
399 596 447 626 hae
462 596 573 637 primae
587 601 662 627 sunt
677 601 709 626 et
723 597 855 627 maxime
869 597 1010 628 omnium
1023 598 1222 634 necessariae,
1236 607 1369 638 quarum
1382 597 1530 633 artifices,
1543 596 1688 638 quamvis

209 649 248 680 ab
266 649 354 680 initio
368 649 532 690 sapientes
544 649 604 680 visi
620 648 695 688 sint,
709 660 794 681 nunc
809 654 916 680 tamen
931 656 963 681 et
979 650 1142 691 sapientes
1158 660 1220 681 non
1239 650 1396 681 habentur
1418 657 1451 681 ct
1476 656 1606 692 propter
1631 660 1686 681 eas

210 711 292 734 artes
309 702 540 744 vituperantur.
563 702 661 744 [975]
685 702 857 734 dicendum
880 703 986 744 igitur,
1009 714 1152 744 quaenam
1175 705 1223 734 hae
1245 704 1320 740 sint,
1336 710 1370 735 et
1384 705 1483 746 quod,
1500 703 1682 746 quicunque

210 758 324 799 optimi
349 757 408 788 viri
434 758 568 798 cupiunt
592 757 704 793 videri,
728 757 840 788 artium
857 757 1040 798 hujusmodi
1056 758 1161 789 studia
1176 758 1310 800 fugiant.
1337 759 1438 800 prima
1453 768 1529 789 vero
1541 758 1595 794 sit,
1608 767 1680 799 quae

208 812 248 842 ab
266 813 470 842 humanarum
485 811 624 842 carnium
639 821 708 847 esu,
723 811 778 852 qui
788 811 925 842 ferarum
936 812 998 842 ritu
1015 813 1176 853 quondam
1191 813 1272 843 inter
1287 812 1430 843 homiues
1446 813 1635 848 inoleverat,
1648 818 1685 842 ut

206 866 321 896 fabulae
337 865 452 902 ferunt,
469 865 628 896 abstinere
641 865 738 906 jussit
753 870 787 896 et
802 866 843 896 ad
855 866 974 896 victum
993 865 1214 897 modestiorem
1228 876 1288 897 nos
1301 867 1472 899 revocavit.
1485 867 1517 897 in
1531 875 1594 908 quo
1610 875 1686 896 sane

205 920 300 961 prisci
313 919 457 950 homines
468 919 611 961 quamvis
623 924 786 950 mansuete
804 925 835 950 et
848 920 1028 950 humaniter
1043 920 1135 951 nobis
1159 920 1390 957 consuluerint,
1413 921 1543 952 valeant
1565 926 1684 957 tamen,

202 983 263 1003 nee
288 973 452 1014 sapientiae
482 983 597 1003 nomen
624 978 792 1013 usurpent.
815 973 933 1004 deinde
961 974 1023 1004 cibi
1049 974 1181 1004 cerealis
1211 974 1377 1005 artificium
1398 976 1477 1005 utile
1504 974 1634 1016 quidem
1649 982 1684 1005 et

204 1028 382 1068 pulchrum,
408 1026 465 1058 sed
488 1027 664 1068 sapientem
692 1027 834 1058 absolute
863 1028 963 1058 virum
986 1037 1147 1069 nunquam
1163 1028 1288 1059 efficiet.
1311 1028 1532 1060 difficultatem
1548 1028 1631 1059 enim
1649 1035 1683 1059 et

202 1082 376 1112 molestiam
393 1081 498 1122 potius
513 1091 606 1122 quam
622 1081 812 1122 sapientiam
828 1081 947 1112 afferet.
972 1091 1074 1123 neque
1100 1082 1195 1112 etiam
1212 1082 1404 1124 agricultura
1426 1082 1460 1113 id
1483 1083 1591 1114 saciet.
1616 1092 1680 1114 non

203 1135 288 1166 enim
303 1140 379 1173 arte,
396 1133 452 1166 sed
465 1140 575 1166 natura
598 1138 632 1165 et
655 1134 718 1165 Dei
743 1136 881 1176 quodam
893 1135 999 1166 favore
1014 1143 1107 1166 terrae
1124 1137 1280 1167 culturam
1295 1137 1435 1178 aggressi
1452 1136 1606 1167 videmur.
1627 1137 1683 1167 sed

201 1199 262 1220 nec
285 1190 448 1220 domorum
475 1189 678 1226 constructio,
705 1195 738 1220 et
763 1190 883 1230 reliqua
905 1190 1008 1220 omnis
1033 1190 1214 1226 aedificatio,
1236 1190 1526 1232 supellectiliumve
1542 1189 1683 1227 effectio,

201 1254 261 1275 nec
277 1243 387 1275 aeraria
396 1244 447 1274 vel
460 1243 595 1284 lignaria
608 1244 736 1280 fabrica,
749 1250 805 1274 aut
816 1244 957 1286 figmina,
967 1250 1021 1275 aut
1033 1250 1168 1280 textura,
1180 1255 1239 1276 nec
1250 1244 1533 1275 instrumentorum
1541 1244 1681 1275 omnium

200 1297 344 1334 artificia,
368 1308 439 1339 quae
466 1298 554 1339 plebi
584 1297 834 1335 accommodata,
860 1299 936 1329 nihil
963 1298 1003 1329 ad
1031 1299 1177 1329 virtutem
1194 1291 1342 1330 afferunt.
1366 1299 1510 1330 venatrix
1521 1298 1619 1329 etiam
1634 1308 1685 1330 ars

199 1353 314 1389 omnis,
342 1353 485 1394 quamvis
513 1352 598 1382 varia
624 1357 657 1382 et
677 1352 842 1394 ingeniosa
868 1353 919 1388 sit,
938 1353 1207 1394 magnificentiam
1222 1359 1328 1383 tamen
1346 1353 1599 1394 sapientiamque
1616 1363 1681 1384 non

202 1406 325 1438 tribuit.
348 1408 404 1437 sed
420 1417 478 1437 nec
495 1406 649 1437 divinatio
663 1412 717 1437 aut
731 1407 954 1448 interpretatio
969 1407 1046 1437 ulla.
1068 1417 1142 1438 nam
1159 1407 1230 1444 etsi,
1246 1417 1315 1449 quae
1331 1407 1492 1444 dicuntur,
1506 1407 1683 1449 cognoscit,

200 1465 310 1491 utrum
325 1465 433 1492 tamen
450 1471 525 1491 vera
538 1461 603 1491 sint
617 1471 730 1497 necne,
746 1471 812 1491 non
828 1461 991 1502 intelligit.
1015 1466 1181 1502 postquam
1208 1470 1281 1492 vero
1296 1462 1416 1491 nullam
1432 1470 1538 1491 earum
1554 1461 1682 1497 attium,

200 1515 316 1554 quibus
340 1515 516 1546 necessaria
540 1520 702 1556 parantur,
726 1515 902 1556 sapientem
920 1515 1080 1546 hominem
1097 1516 1202 1546 facere
1218 1515 1308 1545 nobis
1326 1514 1481 1551 constitit,
1494 1514 1617 1556 reliqua
1633 1520 1684 1545 est

201 1568 353 1599 imitatrix
386 1569 531 1610 quaedam
560 1568 695 1600 facultas
726 1569 852 1599 minime
877 1569 969 1600 seria.
995 1579 1080 1610 sac-pe
1111 1569 1194 1600 enim
1225 1569 1442 1599 instrumentis
1470 1568 1608 1599 imitatio
1634 1568 1682 1604 fit,

199 1623 388 1664 plerumque
415 1622 606 1654 deformibus
633 1633 797 1664 corporum
830 1624 973 1664 gestibus
1001 1629 1033 1653 et
1062 1624 1178 1664 figuris.
1202 1623 1232 1653 in
1261 1622 1390 1663 eloquio
1411 1622 1505 1653 etiam
1522 1629 1557 1652 et
1574 1621 1681 1653 Musis

195 1677 332 1708 imitatio
346 1682 406 1714 est,
422 1682 455 1708 et
471 1677 503 1707 in
519 1677 668 1718 fingendo
684 1677 921 1718 pingendoque,
939 1677 991 1707 ubi
1006 1678 1104 1708 multa
1115 1683 1147 1707 et
1161 1678 1243 1707 varia
1258 1677 1290 1707 in
1303 1676 1497 1718 corporibuS‚
1511 1681 1577 1707 tam
1588 1676 1678 1707 duris

196 1742 293 1772 quam
308 1731 468 1768 mollibus,
486 1731 713 1772 exprimuntur.
736 1732 843 1762 horum
870 1731 948 1761 nihil
974 1731 1133 1761 hominem
1156 1731 1327 1762 imitationi
1344 1730 1486 1761 deditum
1503 1730 1678 1772 sapientem

195 1785 314 1816 reddit.
338 1786 513 1816 imitatione
542 1795 615 1815 vero
646 1784 768 1815 sublata
794 1789 877 1815 artes
902 1785 964 1814 illae
989 1790 1120 1821 restant,
1146 1795 1216 1825 quae
1232 1784 1264 1814 in
1281 1783 1413 1815 serendo
1429 1783 1549 1814 auxilio
1562 1784 1680 1814 versari

195 1840 356 1880 videntur.
378 1840 427 1870 hae
442 1838 570 1881 quidem
590 1839 696 1869 multae
712 1842 744 1869 et
762 1839 853 1868 variae
872 1844 956 1875 sunt,
974 1838 1032 1869 sed
1046 1838 1191 1869 omnibus
1208 1838 1366 1874 bellatrix,
1392 1847 1487 1879 quam
1510 1838 1679 1879 imperato-

193 1893 274 1924 riam
290 1898 414 1930 vocant,
430 1893 570 1925 excellit.
587 1893 654 1924 haec
666 1903 866 1934 summopere
877 1898 1007 1934 propter
1020 1903 1110 1923 usum
1123 1893 1288 1934 probatur,
1304 1893 1359 1922 sed
1373 1892 1528 1922 felicitate
1541 1891 1678 1922 maxime

197 1947 332 1989 indiget,
350 1953 383 1978 et
405 1947 594 1979 fortitudine
617 1947 717 1988 magis
744 1947 879 1978 naturali
901 1957 996 1987 quam
1023 1947 1182 1988 sapientia
1198 1946 1372 1988 perficitur.
1396 1945 1493 1987 [976]
1517 1945 1679 1976 medicina

197 2012 323 2044 quoque
338 2002 431 2032 nobis
445 2002 617 2043 opitulatur
629 2006 739 2032 contra
754 2001 953 2032 immoderati
965 2001 1090 2042 frigoris
1103 2008 1133 2031 et
1145 2001 1259 2031 caloris
1270 2001 1420 2042 impetum
1434 2005 1675 2042 ceterorumque

193 2056 388 2097 hujusmodi,
417 2057 529 2097 quibus
556 2061 670 2086 natura
700 2056 879 2086 animalium
911 2056 1059 2087 laeditur:
1085 2055 1143 2086 sed
1173 2056 1282 2086 horum
1310 2055 1388 2085 nihil
1416 2054 1456 2084 ad
1484 2055 1676 2095 sapientiam

193 2121 295 2141 veram
314 2109 483 2147 conducit3
507 2110 635 2140 incertis
663 2110 745 2141 enim
764 2110 956 2151 conjecturis
973 2109 1236 2151 opinionibusque
1253 2109 1442 2150 procedunt.
1466 2114 1580 2138 nautas
1596 2108 1673 2149 quin

191 2163 288 2194 etiam
302 2164 591 2204 gubernatoresque
605 2165 686 2194 ferre
701 2164 850 2193 auxilium
861 2174 925 2194 non
939 2164 1125 2204 negabimus
1137 2176 1142 2193 :
1167 2174 1227 2194 nec
1241 2169 1346 2193 tamen
1359 2172 1469 2194 eorum
1481 2171 1671 2204 quemquam

190 2218 368 2259 sapientem
401 2218 506 2249 vocari
537 2217 575 2248 ab
607 2218 714 2258 aliquo
746 2219 975 2257 permittemus.
1012 2218 1118 2248 nullus
1147 2218 1230 2247 enim
1258 2227 1365 2248 eorum
1395 2217 1472 2247 iram
1506 2222 1668 2246 ventorum

192 2272 402 2302 amicitiamve
428 2271 591 2312 cognoscit
606 2283 612 2300 :
648 2271 731 2312 quod
762 2277 794 2301 et
823 2271 977 2312 optimum
1009 2277 1056 2301 est
1083 2278 1116 2301 et
1146 2271 1282 2301 maxime
1310 2271 1344 2300 in
1374 2269 1571 2312 gubernandi
1601 2275 1668 2300 arte

191 2326 370 2366 requiritur.
395 2335 496 2366 neque
510 2325 604 2355 etiam
623 2325 786 2366 sapientes
803 2325 866 2356 dici
883 2336 937 2356 eos
952 2325 1107 2361 volumus,
1125 2325 1177 2366 qui
1195 2324 1392 2365 litigantibus
1407 2323 1534 2355 dicendi
1548 2323 1670 2355 viribus

191 2381 309 2410 adsunt
324 2392 331 2419 3
355 2379 474 2422 quippe
491 2390 564 2410 cum
581 2379 728 2410 memoria
746 2384 779 2409 et
791 2389 846 2409 usu
864 2379 1024 2420 opinionis
1042 2379 1177 2409 moribus
1191 2389 1224 2409 se
1240 2377 1493 2417 accommodent,
1505 2382 1538 2408 et
1550 2386 1570 2408 a
1582 2387 1667 2408 verae

185 2433 318 2474 justitia:
350 2434 564 2475 intelligentia
593 2434 703 2474 procul
727 2433 885 2463 aberrent.
919 2433 1037 2474 reliqua
1067 2438 1114 2463 est
1142 2433 1221 2463 mira
1249 2433 1395 2473 quaedam
1422 2432 1482 2468 vis,
1508 2441 1580 2472 quae
1606 2431 1668 2462 sibi

185 2488 366 2528 opinionem
395 2488 561 2529 sapientiae
588 2487 733 2517 similiter
756 2486 916 2522 vendicat,
943 2497 1036 2528 quam
1067 2494 1208 2518 naturam
1233 2487 1333 2528 magis
1359 2495 1454 2528 quam
1476 2485 1667 2527 sapientiam

187 2541 276 2571 multi
305 2541 457 2573 dicerent.
481 2542 548 2572 lta-c
569 2541 602 2572 in
632 2551 672 2572 eo
699 2540 854 2576 consistit,
877 2541 1003 2582 quando
1026 2541 1120 2572 facile
1147 2542 1302 2583 quispiam
1321 2540 1425 2576 discit,
1441 2549 1512 2581 quae
1526 2539 1619 2576 velit,
1633 2544 1668 2571 et

190 2596 288 2626 nmlta
314 2597 370 2626 diu
397 2606 433 2627 ac
456 2596 584 2626 firmiter
608 2595 765 2636 meminit,
789 2600 821 2626 et
846 2596 930 2636 quod
958 2596 1128 2636 unicuique
1157 2595 1307 2626 idoneum
1329 2601 1389 2631 est,
1412 2604 1484 2625 cum
1507 2598 1666 2635 oporteat,

185 2650 250 2679 cito
266 2655 298 2679 ct
314 2649 477 2680 commode
494 2649 606 2680 reddit.
632 2651 698 2680 haec
715 2650 797 2680 enim
811 2651 916 2679 onmia
929 2649 982 2679 alii
1005 2656 1160 2686 naturam,
1175 2650 1228 2680 alii
1245 2649 1446 2691 sapientiam,
1469 2648 1521 2679 alii
1543 2654 1665 2679 naturae

183 2703 356 2734 sollertIam
371 2704 610 2744 nuncupabunt.
633 2704 690 2734 sed
705 2703 809 2734 nullus
827 2703 942 2733 mentis
958 2713 1089 2745 compos
1099 2714 1173 2734 vere
1186 2704 1361 2744 sapientem
1372 2708 1502 2744 propter
1512 2702 1579 2733 h'aec
1592 2711 1664 2733 esse

186 2768 376 2798 quemquam
407 2758 572 2788 concedet.
597 2768 701 2788 verum
725 2763 831 2788 tamen
858 2767 988 2788 neccsse
1012 2763 1060 2788 cst
1076 2758 1240 2789 scientiam
1256 2757 1392 2798 aliquam
1410 2755 1554 2793 inveniri,
1570 2766 1665 2797 quam

185 2811 328 2852 ‹piisquis
352 2811 506 2847 nubum-it,
531 2821 594 2841 non
620 2812 717 2842 solum
735 2811 891 2847 videatur,
909 2811 965 2843 sed
981 2822 1088 2843 revera
1104 2813 1143 2842 sit
1157 2812 1295 2853 sapiens.
1317 2810 1493 2841 attentione
1509 2820 1589 2851 opus
1603 2815 1666 2841 est.

183 2875 255 2895 nam
272 2865 402 2896 arduam
419 2866 546 2895 omniuo
563 2876 629 2896 rem
646 2866 787 2907 aggressi
805 2876 925 2901 snmus,
943 2866 996 2907 qui
1014 2867 1107 2897 aliam
1123 2873 1238 2908 pra-ter
1252 2865 1355 2896 dictas
1370 2870 1456 2897 artes
1472 2870 1662 2900 scrutemur,

183 2930 252 2960 quw
274 2919 346 2960 jure
378 2919 535 2961 sapientia
563 2931 634 2951 vcra
650 2921 772 2952 dicatur
790 2933 794 2949 :
822 2932 916 2962 quam
933 2921 986 2962 qui
1002 2921 1137 2963 adortus
1154 2927 1214 2960 cst.
1232 2930 1291 2951 nec
1307 2919 1449 2962 abjectus
1465 2929 1524 2951 nec
1538 2918 1659 2950 stultu·
