1840 3225
140 253 240 304 968]
436 290 441 295 ,
584 253 656 292 DE
682 252 932 290 <LEGIBUS
981 254 1078 291 LlB.
1112 253 1204 291 ΧΠ.
1538 252 1617 289 449

136 356 254 388 viribus
271 356 389 389 homini
405 367 474 388 esse
489 357 675 387 sciendum:
708 355 753 386 ita
778 359 812 386 ut
839 355 944 386 multi*
971 355 1183 396 ignoscamus,
1209 355 1234 385 si
1261 355 1367 395 legum
1396 354 1616 385 tantummodo

133 411 325 442 sententiam
347 418 540 453 sequautur3
571 409 744 442 custodiam
761 420 836 441 vero
849 419 911 440 non
935 410 1015 441 nulli
1042 409 1286 446 committamus,
1312 408 1397 450 quod
1426 419 1489 439 non
1521 408 1618 439 multo

135 465 242 497 labore
257 466 408 507 firmaque
430 466 506 501 fide,
532 474 731 506 quincunque
755 465 793 496 ad
821 463 909 495 Deos
932 464 1101 504 pertinent,
1129 464 1221 494 suerit
1249 470 1429 494 assecutus:
1455 463 1615 493 neminem

134 530 272 561 unquam
290 521 453 552 custodem
472 521 577 561 legum
594 520 751 560 eligamus
771 524 825 549 aut
854 518 967 549 ceteris
991 518 1104 549 ‹irtute
1131 523 1371 559 anteponamus,
1397 517 1460 547 nisi
1489 517 1618 548 divinus

135 575 178 605 sit
201 574 380 616 divinisque
396 574 510 605 studiis
526 584 654 614 operam
670 573 806 605 dederit.
851 573 930 604 Cu.
954 573 1018 603 Par
1040 578 1090 603 est
1104 572 1210 613 igitur,
1236 579 1269 602 ut
1294 572 1351 606 ais,
1375 571 1403 601 si
1430 571 1500 613 quis
1524 571 1558 601 in
1585 581 1618 602 re

135 628 244 660 divina
259 629 369 660 tardus
384 634 415 659 et
432 628 557 669 ineptus
573 628 626 664 sit,
644 633 680 658 ut
706 629 730 659 is
755 629 851 668 longe
877 637 896 657 a
909 627 1002 658 rebus
1032 627 1254 668 pulcherrimis
1276 631 1430 656 arceatur.
1475 624 1614 656 Arnas.

135 683 300 714 Scimusne
316 683 414 724 igitur
431 682 492 713 duo
509 692 591 717 esse,
607 693 676 724 quae
693 683 824 717 faciunt,
841 689 887 717 ut,
903 692 973 722 quae
990 691 1087 722 supra
1103 681 1142 712 de
1169 680 1242 711 Diis
1268 680 1415 721 exposita
1442 686 1524 715 sunt,
1550 690 1617 710 cre.-

135 737 275 768 dantur?
322 737 398 768 Cu.
422 736 599 773 Quaenam?
646 736 786 768 Arnen.
811 736 919 767 Unum
934 735 1060 777 quidem
1077 734 1155 766 illud
1182 735 1221 765 de
1242 735 1346 765 anima
1372 729 1618 775 supradictum,

133 791 220 832 quod
234 791 452 832 antiquissima
466 790 724 832 divinissimaque
742 791 881 821 omnium
898 790 950 825 sit,
966 800 1095 831 quorum
1124 795 1239 828 motus,
1260 789 1500 830 generationem
1525 788 1617 818 sorti-

135 852 196 882 tus,
211 845 418 879 substantiam
435 855 562 888 semper
577 845 728 876 fluentem
744 844 902 886 produxit.
927 846 1058 875 alterum
1078 846 1118 875 de
1134 845 1255 879 ordine,
1272 853 1334 884 quo
1349 849 1434 874 astra
1449 849 1617 883 ceteraque

135 899 296 932 feruntur:
325 910 394 941 quae
409 900 593 931 intellectus
609 899 729 930 ducens
747 899 855 930 omnia
868 901 1043 930 exornavit.
1066 909 1159 929 nemo
1170 899 1268 935 enim,
1285 899 1340 940 qui
1355 898 1422 928 haec
1447 897 1620 938 diligenter

135 953 348 985 consideravit
363 960 456 994 atque
472 954 627 995 percepit,
645 954 726 984 adeo
744 953 860 994 impius
873 963 1012 995 unquam
1029 953 1099 989 suit,
1119 959 1153 984 ut
1178 958 1293 984 contra
1316 963 1378 983 non
1404 953 1445 982 sit
1472 952 1618 985 affectus,

134 1017 232 1049 quam
250 1008 341 1038 multi
363 1008 574 1048 suspicentur.
599 1007 697 1048 [967]
723 1007 866 1048 plerique
886 1008 969 1038 enim
987 1013 1101 1048 putant
1115 1018 1179 1044 eos,
1196 1007 1250 1048 qui
1266 1009 1334 1038 haec
1356 1013 1504 1042 tractam,
1521 1012 1618 1036 astro-

134 1062 248 1093 nomiae
263 1069 295 1092 et
318 1063 389 1093 aliis
405 1061 585 1102 hujusmodi
603 1061 643 1093 ad
661 1063 726 1093 haec
742 1062 928 1092 necessariis
945 1062 1060 1092 artibus
1074 1061 1188 1098 dediti,
1205 1072 1221 1091 a
1233 1061 1386 1102 religione
1402 1062 1521 1091 alienos
1536 1070 1619 1090 esse.

134 1116 254 1157 quippe
267 1127 340 1148 curn
352 1117 574 1148 necessitatem
584 1127 640 1157 pro
653 1117 782 1151 viribus,
793 1127 855 1157 qua
869 1126 915 1146 res
931 1116 1022 1151 fiunt,
1033 1116 1240 1157 inspexerint,
1254 1126 1315 1146 non
1328 1116 1493 1146 voluntate
1509 1115 1619 1145 divina

135 1171 207 1201 boni
225 1171 325 1212 gratia
340 1172 448 1203 omnia
459 1171 547 1212 gigni
563 1172 689 1202 credere
706 1171 778 1201 illos
794 1171 994 1201 arbitrantur.
1021 1170 1098 1201 Cu.
1112 1170 1280 1207 Quomodo
1296 1170 1389 1211 igitur
1406 1170 1436 1200 id
1455 1179 1487 1199 se
1501 1169 1617 1199 habet?

132 1224 273 1257 Aruns.
289 1225 410 1256 Contra
420 1236 454 1255 se
472 1227 567 1256 habet
585 1226 711 1265 penitus
726 1236 824 1262 nunc,
841 1232 875 1255 et
890 1226 1018 1266 quando
1037 1225 1103 1256 siue
1120 1225 1227 1255 anima
1238 1235 1306 1255 esse
1325 1226 1392 1255 haec
1407 1223 1596 1264 putabantur
1611 1235 1616 1251 z

132 1280 276 1320 quamvis
287 1279 384 1310 etiam
402 1289 488 1314 tunc,
503 1280 683 1320 quicunque
699 1279 886 1320 diligentius
901 1279 971 1309 aliis
984 1279 1037 1309 illa
1053 1281 1343 1320 perscrutabantur,
1361 1278 1436 1308 mire
1454 1278 1617 1308 veritatem

130 1333 314 1374 tangebant.
331 1333 417 1375 quod
432 1333 582 1364 videlicet
598 1344 771 1375 nunquam,
785 1334 810 1364 si
823 1334 928 1364 anima
941 1340 1094 1370 carerent,
1108 1340 1170 1364 tam
1184 1333 1341 1374 exquisita
1357 1333 1480 1363 ratione
1493 1337 1616 1362 uteren-

131 1393 194 1424 tur,
210 1388 328 1419 mentis
339 1389 501 1430 expertia3
532 1388 692 1418 audebant
706 1387 857 1418 affirmare
871 1388 1030 1424 nonnulli,
1056 1394 1193 1418 mentem
1226 1388 1367 1418 coelestia
1391 1387 1499 1417 omnia
1526 1396 1616 1416 orna-

132 1441 227 1472 visse.
238 1443 295 1473 sed
309 1442 404 1473 iidem
419 1442 494 1483 ipsi,
510 1442 700 1478 nescientes,
717 1443 829 1473 animae
840 1448 986 1473 naturam
1001 1443 1207 1484 antiquiorem
1224 1452 1295 1473 esse
1310 1441 1490 1483 corporibus
1513 1441 1619 1471 omnia

131 1506 246 1532 rursus,
262 1502 299 1528 ut
314 1496 360 1527 ita
376 1496 522 1533 dixerim,
536 1497 632 1527 immo
659 1507 732 1527 vero
757 1507 790 1528 se
814 1497 915 1538 ipsos,
939 1502 1132 1533 everterunt,
1150 1507 1223 1528 cum
1235 1496 1396 1538 juniorem
1424 1495 1618 1537 putaverint.

133 1560 206 1582 nam
224 1556 258 1581 et
273 1560 343 1591 quae
358 1555 430 1581 ante
446 1551 554 1582 oculos
571 1556 658 1588 sunt,
675 1552 741 1582 haec
758 1557 790 1582 et
804 1552 838 1582 in
855 1551 934 1582 coelo
958 1562 1025 1583 esse
1040 1551 1252 1595 crediderunt.
1274 1551 1383 1592 itaque
1397 1556 1488 1587 terra,
1505 1549 1618 1590 lapidi-

135 1604 195 1636 bus
233 1605 367 1647 aliisque
399 1605 579 1636 inanimatis
608 1606 793 1647 corporibus
822 1607 937 1637 referta
965 1617 1035 1637 esse
1058 1606 1200 1637 coelestia
1229 1605 1406 1640 credenteS,
1435 1605 1485 1635 his
1511 1614 1619 1635 causas

131 1658 232 1692 totius
257 1659 371 1691 mundi
396 1659 565 1690 dederunt.
588 1661 637 1690 his
661 1661 756 1702 igitur
784 1661 903 1691 factum
923 1665 983 1696 est,
1012 1667 1056 1695 ut,
1086 1661 1142 1701 qui
1165 1661 1232 1691 baec
1260 1665 1407 1699 tractant,
1435 1658 1617 1700 philosophi

133 1721 284 1754 tanquam
309 1713 402 1755 impii
430 1714 524 1755 vulgo
553 1714 817 1751 existimarentur,
841 1721 874 1745 et
896 1725 913 1745 a
944 1715 1050 1755 poetis
1073 1705 1327 1756 compararentur
1351 1713 1483 1744 canibus
1506 1713 1619 1743 frustra

134 1768 335 1804 latrantibus,
365 1769 490 1809 aliaque
507 1768 540 1799 in
557 1779 610 1799 eos
625 1769 719 1809 plena
751 1769 892 1799 stultitias
923 1768 1115 1800 dicerentur.
1146 1779 1230 1799 nunc
1261 1773 1377 1803 autem,
1408 1773 1444 1798 ut
1469 1766 1614 1801 diximus,

133 1827 243 1859 contra
270 1822 398 1853 omnino
427 1833 460 1853 se
492 1833 543 1853 res
571 1823 678 1854 habet.
725 1821 802 1853 Cm.
841 1823 914 1859 Quo
941 1823 1058 1863 pacto?
1106 1822 1245 1853 Aruns.
1271 1821 1446 1862 Nunquam
1479 1821 1618 1851 mortalis

132 1876 291 1918 quispiam
306 1877 424 1917 poterit
440 1876 545 1908 Deum
560 1877 689 1907 tirmiter
704 1878 818 1913 colere,
829 1878 883 1919 qui
900 1878 966 1907 haec
983 1879 1046 1907 duo
1063 1884 1159 1908 antea
1174 1887 1237 1908 non
1253 1876 1411 1917 acceperit
1427 1887 1433 1904 :
1469 1876 1614 1916 primum,

132 1929 221 1972 quod
241 1941 347 1961 rerum
373 1932 526 1966 omnium,
555 1941 626 1972 quae
642 1931 852 1972 gene-rationis
871 1932 1045 1973 participes
1065 1937 1150 1972 sunt,
1182 1931 1400 1971 antiquissima
1426 1930 1532 1959 anima
1559 1934 1618 1964 cst,

134 1991 232 2026 atque
261 1985 358 2016 etiam
384 1985 592 2016 immortalis:
639 1996 772 2027 cumque
788 1985 862 2016 talis
900 1986 951 2021 sit,
983 1985 1126 2016 omnibus
1155 1985 1344 2015 dominatur.
1373 1983 1502 2019 deinde,
1533 1982 1617 2024 quod

137 2039 252 2080 saepius
267 2038 415 2075 diximus,
434 2050 537 2070 veram
553 2050 622 2070 esse
640 2046 778 2070 mentem
793 2040 827 2070 in
843 2041 933 2070 astris
949 2050 1010 2070 non
1032 2041 1207 2081 ignoraret:
1240 2044 1284 2074 et,
1309 2049 1379 2080 qnae
1411 2038 1616 2071 antecedunt,

135 2092 176 2124 ad
193 2094 261 2123 haec
277 2093 456 2134 disciplinae
471 2094 575 2135 ipsum
591 2104 654 2125 non
668 2095 798 2124 lateant.
843 2095 945 2125 Musa:
962 2095 1056 2124 etiam
1074 2094 1122 2124 his
1148 2093 1368 2124 convenientis
1390 2103 1455 2123 nou
1479 2093 1616 2133 ignaruS,

136 2146 179 2178 ad
194 2155 298 2177 mores
320 2147 559 2189 componendos
576 2149 725 2190 legesque
743 2148 914 2179 servandas
938 2149 1008 2190 ipsa
1037 2154 1162 2178 utatur:
1195 2148 1357 2189 possitque
1383 2157 1492 2177 earum
1515 2157 1618 2177 rerum

135 2201 287 2232 rationem
317 2201 462 2238 reddere,
486 2212 557 2243 quae
575 2203 727 2233 rationem
744 2203 868 2235 habent.
893 2203 992 2245 [968]
1017 2203 1072 2243 qui
1094 2213 1169 2233 vero
1185 2202 1225 2232 ad
1241 2203 1372 2233 virtutes
1383 2201 1528 2242 publicas
1552 2202 1618 2231 haec

135 2256 266 2297 insuper
280 2265 344 2286 non
361 2255 551 2297 possederit,
567 2257 593 2287 is
606 2267 768 2298 nunquam
783 2257 884 2288 ferme
901 2257 997 2288 totius
1022 2257 1159 2287 civitatis
1184 2256 1343 2288 sufficiens
1369 2257 1520 2297 princeps
1547 2255 1619 2289 erit,

135 2309 194 2339 sed
225 2310 358 2340 aliorum
396 2310 554 2342 minister.
605 2311 871 2342 considerandum
896 2321 969 2342 vero
997 2322 1092 2347 nunc,
1121 2321 1139 2341 o
1166 2310 1272 2342 Clinia
1293 2317 1325 2341 et
1348 2310 1494 2350 Megille,
1518 2316 1617 2340 utrum

138 2362 299 2404 praedictis
321 2364 444 2404 legibus
458 2365 541 2395 hunc
559 2370 593 2396 ut
615 2365 741 2406 apicem
772 2365 1002 2407 custodemque
1033 2366 1161 2396 illarum
1189 2375 1346 2406 apponere
1373 2364 1556 2399 debeamus,
1586 2370 1620 2393 ut

138 2417 251 2447 salutis
280 2417 382 2458 gratia
411 2424 581 2449 nocturnus
607 2420 788 2461 principum
819 2425 920 2451 coetus
949 2419 1043 2456 adsit,
1071 2415 1251 2460 disciplina,
1283 2430 1376 2460 quam
1407 2417 1619 2459 praediximus,

135 2468 305 2511 praeditus.
328 2471 404 2512 quid
418 2481 492 2512 ergo
505 2473 656 2513 agemus?
702 2473 779 2504 CLr.
795 2473 882 2510 Quid
899 2473 1056 2515 prohibet,
1072 2474 1192 2515 optime
1204 2473 1261 2508 vir,
1277 2483 1339 2514 quo
1355 2473 1470 2508 minus,
1487 2478 1621 2514 quantu-

138 2524 334 2565 lumcunque
364 2535 542 2566 possumus,
584 2527 804 2567 apponamus?
860 2527 1001 2559 Arnen.
1032 2528 1125 2558 Certe
1157 2526 1197 2557 ad
1221 2526 1254 2557 id
1284 2526 1476 2558 contendere
1508 2537 1620 2557 omnes

137 2576 303 2608 debemus.
325 2588 385 2619 ego
400 2578 527 2620 quidem
545 2580 679 2611 libenter
695 2580 780 2611 vobis
796 2581 987 2622 opitulabor.
1011 2581 1093 2612 forte
1117 2581 1213 2611 etiam
1228 2581 1268 2611 ob
1282 2581 1390 2611 harum
1405 2591 1509 2611 rerum
1537 2581 1620 2621 peri—

139 2632 218 2662 tiam
231 2632 312 2663 alios
326 2643 454 2674 quoque
469 2634 586 2666 multos
607 2634 765 2677 adjutores
789 2636 963 2666 inveniam.
1008 2635 1086 2668 Cu.
1111 2635 1181 2666 Hac
1201 2635 1264 2671 via,
1289 2646 1308 2665 o
1335 2636 1460 2676 hospes,
1482 2635 1620 2665 maxime

137 2686 383 2728 proficiscamur,
408 2699 470 2728 qua
486 2688 576 2719 Deus
596 2689 664 2730 ipse
693 2690 810 2720 ducere
838 2690 971 2721 videtur.
997 2690 1050 2720 sed
1083 2690 1208 2720 modum
1233 2699 1330 2726 nunc,
1354 2699 1420 2730 quo
1448 2694 1534 2720 recte
1562 2691 1621 2719 hoc

139 2740 206 2777 fiat,
221 2741 448 2782 excogitemus.
494 2742 633 2774 Arnen.
659 2743 762 2784 Leges
775 2743 815 2774 de
831 2743 911 2780 istis,
936 2754 955 2774 ο
980 2743 1087 2776 Clinia
1114 2750 1149 2774 et
1171 2743 1318 2784 Megille,
1342 2754 1406 2773 nou
1434 2749 1506 2774 ante
1529 2743 1622 2774 scribi

139 2800 285 2836 possunt,
302 2806 395 2837 quam
410 2797 522 2827 civitas
536 2798 682 2828 universa
696 2797 792 2828 fuerit
816 2804 977 2829 exornata.
1001 2803 1076 2829 tunc
1093 2798 1179 2828 enim
1207 2796 1315 2828 debita
1338 2808 1409 2828 cum
1437 2798 1621 2828 auctoritate

140 2849 376 2880 constituendas
392 2849 550 2883 videntur.
575 2850 632 2882 sed
655 2861 693 2881 eo
718 2861 784 2882 non
813 2852 905 2882 aliter
928 2856 1025 2887 recte,
1052 2861 1144 2893 quam
1173 2851 1316 2882 doctrina
1345 2851 1443 2882 multa
1467 2856 1499 2880 et
1530 2851 1624 2891 longo

142 2903 369 2945 disputationis
383 2905 528 2936 examine
556 2905 782 2946 probabuntur.
826 2906 905 2938 Cu.
928 2905 1014 2942 Quid
1039 2906 1097 2936 boc
1124 2905 1237 2936 iterum
1262 2905 1322 2936 sibi
1349 2906 1438 2935 vult?
1484 2905 1623 2934 Amas.

143 2957 287 2989 Primum
310 2957 407 2999 igitur
423 2965 521 2991 coetus
537 2970 643 2991 eorum
661 2961 833 2996 hominum,
852 2960 905 3000 qui
921 2965 1025 2998 aetate,
1042 2959 1199 2998 doctrina,
1213 2960 1364 2994 moribus,
1380 2959 1625 2989 cousuetudine.

240 3012 316 3044 Plae
337 3012 392 3044 Tr.
909 3014 942 3044 11
1470 3016 1489 3043 3
1514 3013 1539 3042 1.
