1840 3225
139 220 210 272 66]
746 216 1030 258 Pultssssus,
1560 220 1610 257 29

139 323 271 354 libenter
285 322 492 354 admittimus.
515 330 587 364 quae
605 331 677 352 vcro
693 330 763 353 cum
778 320 938 352 dementia
953 325 985 351 et
1000 319 1058 351 alia
1077 320 1273 362 improbitate
1287 321 1542 364 congredIuntur,
1556 332 1608 353 cas

139 376 235 407 menti
262 376 390 408 miscere
414 376 580 408 absurdum
607 380 666 417 est,
691 375 818 417 quando
841 375 913 417 quis
937 375 1022 411 velit,
1046 385 1175 406 cernens
1198 387 1290 418 quam
1316 376 1551 417 pulcherrimam
1575 381 1608 407 et

138 431 325 462 concordem
343 431 522 462 mixtionem
547 436 640 472 atque
656 429 848 470 temperiem,
874 428 948 472 [64]
973 429 1003 459 in
1019 439 1054 459 ea
1080 430 1266 470 perdiscere,
1282 430 1358 472 qnid
1381 431 1411 460 in
1428 431 1552 462 homine
1576 436 1609 461 et

138 485 282 516 universo
296 490 407 526 suapte
420 490 529 515 natura
543 484 585 515 sit
600 485 728 520 bonum,
744 494 876 526 quamve
892 483 997 514 ideam
1011 483 1112 525 ipsius
1127 485 1272 515 exsistere
1287 484 1504 516 divinandum.
1551 483 1606 515 An

130 549 202 570 vnon
219 539 387 580 sapienter,
403 544 435 570 et
451 544 598 581 tanquam
623 538 670 569 sui
685 542 864 579 compotem
888 538 947 568 ista
970 544 1104 569 mentem
1129 539 1318 580 respondere
1332 544 1365 569 et
1380 540 1419 570 de
1436 539 1505 580 ipsa
1520 543 1552 569 et
1566 540 1607 571 de

139 593 287 624 memoria
301 598 447 635 rectaque
463 593 613 634 opinione
636 593 802 623 dicemus?
850 592 934 623 Pno.
957 592 1095 623 Omnino
1112 592 1252 634 quidem.
1299 593 1353 625 SO.
1379 593 1477 636 Atqui
1500 599 1532 625 et
1547 595 1607 627 hoc

137 647 344 678 necessarium
356 654 403 678 est
418 658 425 678 z
445 657 502 678 nec
517 657 654 688 unquam
667 647 755 678 aliter
768 646 832 677 fieri
845 651 962 687 posset.
994 647 1081 677 Pao.
1105 647 1190 684 Quid
1202 647 1286 678 istud
1302 648 1313 678 ?
1343 648 1399 679 So.
1423 648 1484 680 Cui
1496 649 1606 680 verita-

107 728 109 730 .
140 706 201 731 tem
221 711 282 731 non
300 701 475 737 miscemus,
488 711 648 742 nunquam
661 701 694 732 id
709 711 814 731 verum
827 706 881 731 aut
896 700 982 731 fieret
995 707 1049 731 aut
1064 701 1179 732 sactum
1193 707 1286 733 esset.
1331 701 1417 734 Pno.
1442 703 1514 740 Quo
1525 704 1606 735 enirn

137 755 255 786 modo?
301 755 357 786 SO.
381 755 491 786 Nullo.
509 766 613 786 rerum
636 755 661 785 si
677 754 755 796 quid
778 755 850 786 huic
867 755 1008 785 mixtioni
1034 755 1160 786 ulterius
1175 757 1275 793 deest,
1298 757 1394 788 dicite
1416 768 1523 798 quaeso
1538 759 1605 800 ipse

135 820 199 840 una
214 814 309 851 atque
324 810 485 841 Philebus.
511 810 584 840 mihi
600 809 683 840 enim
701 815 849 851 tanquam
867 810 1001 840 mundus
1017 809 1144 851 quidam
1160 810 1372 852 incorporeus,
1388 812 1525 842 animato
1537 823 1605 844 cor-

136 863 204 905 pori
220 864 348 905 pulchre
363 863 590 903 dominaturus,
614 874 713 894 sermo
730 863 780 894 hic
796 868 941 904 peractus
963 863 1057 894 fuisse
1081 864 1212 895 videtur.
1258 865 1343 896 Pno.
1369 866 1451 897 Mihi
1467 877 1607 909 quoqne,

134 928 154 948 o
170 918 326 954 Socrates,
338 917 422 949 idem
441 918 536 949 videri
552 918 643 950 scito.
688 918 744 948 So.
769 917 887 948 Nonne.
901 917 926 948 si
943 917 1016 947 boni
1033 917 1144 958 ipsius,
1160 924 1191 948 et
1208 919 1302 960 hujus
1320 920 1389 950 talis
1403 912 1604 952 habitationis

134 971 324 1003 vestibulum
341 983 400 1003 nos
415 982 514 1012 nuper
529 973 686 1014 ingressos
703 983 770 1002 esse
786 972 939 1012 dicamus,
960 971 1087 1002 forsitan
1111 977 1195 1003 recte
1217 973 1353 1014 quodam
1372 975 1464 1004 modo
1481 976 1606 1016 profite—

136 1026 261 1057 bimur?
292 1026 378 1057 Pno.
401 1026 486 1057 Mihi
501 1037 577 1057 sane
594 1026 728 1057 videtur.
759 1025 814 1057 So.
838 1025 923 1063 Quid
939 1026 973 1057 in
990 1025 1170 1066 hujusmodi
1185 1026 1334 1057 mixtione
1350 1028 1604 1069 pretiosissimum

132 1085 228 1121 atque
240 1081 370 1111 maxime
381 1091 491 1120 causa,
503 1080 587 1122 quod
601 1080 785 1111 constitutio
802 1080 860 1110 ista
875 1079 1019 1110 omnibus
1031 1080 1202 1121 gratissima
1214 1081 1265 1116 sit,
1280 1082 1371 1112 nobis
1381 1093 1447 1113 esse
1461 1082 1582 1114 videtur
1596 1085 1607 1114 ἓ

134 1134 167 1165 Si
184 1135 266 1165 enim
283 1135 313 1165 id
330 1135 518 1175 noverimus,
533 1134 780 1175 disceptabimus
802 1134 888 1171 inde,
904 1140 1006 1164 utrum
1031 1134 1186 1176 voluptati
1202 1136 1249 1165 vel
1267 1136 1361 1166 menti
1378 1137 1543 1178 cognatius
1567 1149 1605 1169 ac

135 1188 264 1230 propius
278 1188 311 1219 in
328 1188 470 1219 universo
487 1188 648 1219 consistat.
693 1188 780 1219 Pno.
802 1188 899 1220 Scite.
921 1189 953 1218 id
970 1188 1052 1219 enim
1071 1190 1108 1219 ad
1121 1189 1278 1230 judicium
1295 1190 1384 1221 nobis
1410 1192 1602 1233 propositum

135 1243 267 1273 maxime
282 1242 433 1274 conferet.
477 1242 528 1272 So.
555 1242 656 1284 Atqui
681 1252 878 1284 nequaquam
907 1243 1034 1274 inventu
1058 1242 1185 1274 difficile
1210 1250 1268 1281 est,
1292 1255 1362 1285 quae
1387 1256 1479 1276 causa
1494 1246 1545 1283 sit,
1562 1248 1603 1277 ob

131 1307 227 1338 quam
244 1296 350 1327 mixtio
365 1307 498 1338 quaeque
514 1296 562 1327 vel
580 1296 701 1337 plurimi
716 1296 764 1327 vel
782 1296 900 1327 minimi
916 1297 1060 1328 facienda
1073 1297 1124 1329 sit.
1172 1298 1256 1328 Pno.
1280 1300 1354 1335 Quo
1369 1305 1460 1340 pacto
1477 1300 1605 1342 inquis?

133 1352 190 1382 So.
212 1350 316 1381 Nemo
331 1352 390 1382 hoc
406 1351 539 1392 ignorat.
585 1351 674 1383 Pno.
699 1351 786 1388 Quid
803 1352 862 1382 hoc
878 1351 1002 1382 tandem
1017 1352 1028 1382 ἓ
1074 1351 1129 1382 So.
1154 1351 1248 1388 Quod
1265 1363 1461 1395 quaecunque
1480 1360 1512 1385 et
1527 1366 1604 1397 qua-

132 1405 294 1446 liscunque
309 1405 415 1435 mixtio
433 1415 583 1436 mensurae
599 1410 631 1436 et
645 1404 886 1436 commensurati
901 1411 1020 1436 naturae
1037 1406 1162 1437 minime
1187 1408 1341 1449 particeps
1364 1419 1401 1439 ex
1417 1410 1604 1441 necessitate

132 1469 204 1501 quae
221 1459 314 1489 mixta
328 1464 411 1495 sunt,
427 1459 521 1490 immo
536 1465 568 1490 et
584 1470 616 1490 se
632 1459 731 1501 ipsam
748 1460 847 1501 primo
864 1460 1030 1502 disperdit.
1054 1471 1157 1502 neque
1173 1462 1254 1492 enirn
1272 1463 1437 1503 temperies
1455 1464 1520 1494 hzec
1543 1470 1604 1504 est,

131 1514 186 1544 sed
213 1518 362 1555 tanquam
385 1514 610 1555 intemperatus
639 1514 767 1556 quidam
790 1514 904 1555 passim
930 1514 1140 1555 fortuitusque
1155 1526 1323 1546 concursus
1348 1517 1437 1548 nobis
1460 1517 1603 1550 accidere

131 1567 221 1600 solet.
267 1568 355 1599 Pno.
379 1567 464 1598 Vera
479 1568 626 1610 loqueris,
674 1569 730 1599 So.
754 1568 850 1599 Nunc
865 1567 992 1609 quidem
1009 1579 1067 1599 nos
1089 1570 1187 1611 ipsius
1204 1570 1277 1600 boni
1293 1572 1444 1611 potentia,
1460 1572 1493 1603 in
1511 1579 1603 1604 natu-

132 1632 195 1652 ram
213 1622 333 1663 pulchri
349 1633 381 1653 se
398 1623 597 1663 transferens,
608 1622 688 1654 clam
703 1623 792 1664 fugit.
817 1633 959 1654 mensura
973 1624 1055 1654 enlm
1067 1626 1391 1668 commensuratioque
1404 1626 1603 1667 pulchritudo

133 1676 226 1717 plane
243 1687 280 1707 ac
294 1676 391 1707 virtus
403 1677 518 1718 ubique
531 1677 577 1708 fit.
624 1677 714 1709 Pno.
738 1677 880 1709 Prorsus.
924 1678 980 1709 So.
1004 1678 1090 1715 Quin
1104 1680 1197 1710 etiam
1210 1679 1368 1711 veritatem
1382 1681 1515 1712 diximus
1528 1682 1603 1723 ipsis

132 1730 165 1760 in
191 1741 229 1761 ea
246 1731 395 1772 temperie
421 1731 627 1762 commisceri.
672 1732 759 1763 Pao.
784 1732 935 1764 Omnino.
982 1733 1037 1765 So.
1063 1733 1158 1770 Quod
1185 1733 1246 1765 nisi
1272 1734 1388 1764 bonum
1414 1735 1518 1776 ipsum
1543 1747 1605 1767 una

131 1784 206 1815 idea
220 1784 387 1825 complecti
403 1784 569 1826 possimus,
593 1784 668 1826 [65]
692 1785 799 1816 saltem
818 1797 880 1817 una
902 1797 973 1818 curn
989 1787 1099 1828 tribus,
1115 1787 1358 1828 pulchritudine,
1373 1799 1603 1821 commensura-

133 1838 230 1875 tione,
247 1837 378 1869 veritate
393 1839 708 1880 comprehendentes,
724 1839 863 1870 dicamus
881 1840 912 1870 id
931 1840 1105 1871 universum
1123 1841 1209 1871 velut
1225 1852 1332 1877 unum,
1345 1853 1468 1873 causam
1482 1853 1602 1880 eorum,

131 1903 203 1934 quae
228 1892 262 1923 in
279 1893 427 1923 mixtione
443 1898 528 1930 sunt,
551 1903 629 1929 esse,
652 1899 685 1924 et
706 1899 834 1935 propter
855 1895 926 1930 hoc,
943 1900 1090 1936 tanquam
1113 1895 1197 1935 quod
1215 1896 1330 1926 bonum
1346 1902 1404 1932 est,
1418 1897 1600 1928 mixtionem

131 1947 197 1977 ficri
213 1947 339 1980 bonam.
373 1947 460 1979 Pno.
483 1947 586 1979 Recte
602 1947 743 1979 nimium.
778 1949 835 1981 So.
858 1948 1001 1990 Quisque
1013 1948 1093 1990 jam,
1109 1959 1128 1979 o
1147 1949 1324 1986 Protarche,
1339 1951 1470 1981 idoneus
1487 1952 1600 1994 volup-

131 2001 204 2032 tatis
231 2006 263 2032 et
290 2001 452 2043 sapientiae
469 2012 536 2032 esse
555 2001 667 2043 judex,
694 2007 794 2032 utrum
811 2002 936 2033 istorum
962 2003 1080 2044 optimo
1103 2004 1266 2044 cognatius
1289 2005 1548 2047 praestaritiusque
1571 2012 1604 2038 et

131 2056 218 2097 apud
245 2056 385 2087 homines
410 2061 442 2087 et
470 2057 555 2098 apud
585 2056 673 2087 Deos
698 2067 767 2087 esse
794 2057 967 2099 contingat.
1014 2057 1102 2088 Pno.
1127 2058 1260 2089 Constat
1289 2059 1415 2100 quidem
1431 2071 1437 2089 :
1464 2065 1601 2091 attamen

131 2110 249 2141 ratione
264 2109 297 2140 id
314 2121 440 2152 quoque
457 2121 633 2152 percurrere
649 2115 786 2152 praestat.
822 2111 878 2142 So.
901 2112 1081 2143 Secundum
1099 2112 1264 2154 quodlibet
1280 2113 1373 2154 igitur
1386 2115 1495 2145 horum
1510 2115 1600 2146 trium

131 2164 172 2196 de
188 2164 350 2206 voluptate
365 2170 397 2196 et
412 2165 565 2207 sapientia
575 2163 767 2206 judicemus.
792 2166 963 2196 videndum
981 2167 1078 2204 enim,
1090 2167 1149 2197 utri
1165 2168 1409 2209 unumquodque
1422 2169 1511 2199 trium
1525 2180 1600 2211 cog-

131 2219 234 2250 natius
260 2229 442 2250 asseramus.
486 2219 574 2251 Pno.
597 2219 682 2250 Num
707 2220 750 2250 ‘de
777 2220 1023 2262 pulchritudine,
1052 2220 1180 2252 veritate
1210 2232 1414 2264 mensuraque
1442 2223 1600 2265 loqueris?

128 2273 189 2304 So.
215 2272 318 2304 Certe.
363 2273 503 2304 Primum
520 2273 613 2315 igitur
627 2274 787 2305 veritatem
811 2285 910 2310 sume,
929 2275 1109 2312 Protarche,
1132 2286 1267 2317 cumque
1283 2276 1460 2318 sumpseris,
1486 2278 1525 2308 ad
1544 2278 1601 2308 tria

126 2327 193 2369 jam
209 2328 340 2369 respice,
357 2333 504 2365 mentem,
522 2328 681 2359 veritatem
699 2334 731 2359 et
746 2328 938 2370 voluptatem
954 2341 960 2360 ε
988 2335 1020 2361 et
1035 2334 1199 2371 postquam
1216 2331 1269 2360 diu
1288 2336 1406 2362 mature
1422 2332 1600 2362 considera-

131 2381 223 2422 veris,
239 2382 296 2412 tibi
311 2380 369 2424 ipsi
386 2382 552 2424 responde,
569 2388 670 2413 utrum
687 2383 831 2424 voluptas
847 2394 885 2413 an
901 2394 986 2414 mens
997 2384 1118 2415 veritati
1134 2384 1354 2426 propinquior.
1401 2385 1488 2417 Pno.
1512 2387 1599 2423 Quid

131 2435 278 2466 diutuma
301 2436 504 2467 meditatione
527 2447 607 2477 opus
623 2437 694 2468 est?
719 2437 922 2479 permultum,
938 2443 974 2468 ut
997 2437 1138 2473 arbitror,
1155 2439 1293 2470 interest.
1340 2439 1493 2480 Voluptas
1516 2441 1600 2472 enim

130 2490 264 2521 maxime
279 2490 417 2521 omnium
434 2491 608 2522 temeraria.
631 2491 726 2523 fertur
741 2491 824 2522 enirn
840 2493 880 2523 de
895 2492 1035 2523 venereis
1046 2492 1274 2533 voluptatibus,
1291 2503 1361 2534 quae
1375 2495 1601 2535 ingentissimas

131 2544 269 2575 omnium
285 2544 489 2584 aestimantur,
503 2546 588 2586 quod
607 2546 820 2588 pejerantibus
837 2546 896 2578 illis
911 2546 956 2578 dii
983 2557 1106 2588 prorsus
1121 2547 1300 2588 ignoscunt,
1324 2549 1412 2589 quasi
1430 2549 1515 2590 pueri
1531 2550 1600 2591 qui·

129 2600 202 2630 dam
225 2598 300 2636 sint,
317 2599 433 2629 nullius
447 2599 666 2641 intelligentiae
690 2606 865 2643 compotes.
911 2601 1006 2632 Mens
1022 2607 1126 2632 autem
1142 2607 1196 2632 aut
1213 2602 1294 2632 idem
1311 2608 1358 2633 est
1373 2604 1457 2645 quod
1476 2605 1603 2643 veritas,

128 2657 185 2684 aut
209 2653 347 2684 omnium
375 2658 460 2684 certe
487 2653 644 2684 simillima
664 2661 758 2696 atque
785 2655 955 2687 verissima.
1000 2656 1055 2687 So.
1078 2655 1129 2686 An
1157 2657 1287 2697 posthac
1315 2668 1488 2689 mensuram
1516 2659 1599 2690 illam

130 2707 439 2748 moderationemque
454 2707 715 2738 considerandum
733 2714 837 2746 restat,
864 2710 1050 2751 voluptasne
1066 2720 1105 2740 an
1123 2710 1275 2751 sapientia
1296 2711 1363 2752 ejus
1380 2712 1418 2742 sit
1433 2713 1601 2754 capacior?

129 2761 218 2793 Pno.
241 2761 279 2792 ld
298 2772 436 2804 quoque,
453 2762 538 2803 quod
555 2772 638 2793 nunc
662 2763 767 2801 infers,
783 2764 947 2805 exploratu
972 2765 1120 2806 perfacile
1144 2771 1203 2797 est.
1249 2764 1334 2796 Reor
1349 2767 1507 2808 equidem,
1524 2767 1601 2798 nihil

129 2814 289 2856 voluptate
304 2815 435 2858 ejusque
451 2817 657 2849 exsultatione
675 2817 908 2850 immoderatius
933 2818 1064 2850 inveniri
1081 2829 1171 2860 posse
1186 2831 1192 2849 z
1219 2819 1294 2850 nihil
1311 2825 1418 2850 contra
1442 2826 1545 2851 mente
1569 2827 1602 2851 ct

129 2869 258 2900 scientia
272 2870 473 2901 modcratiuS.
497 2871 552 2901 So.
577 2872 741 2903 Praeclare.
757 2879 956 2904 veruntamen
979 2874 1102 2904 tertium
1117 2884 1243 2915 qnoque
1262 2875 1413 2915 responde
1432 2886 1437 2903 t
1465 2875 1599 2905 Mensnc

129 2923 369 2963 pulchritudinis
385 2926 482 2968 magis
507 2930 555 2957 est
573 2926 741 2969 particeps,
765 2938 802 2958 an
820 2928 888 2970 ipsa
911 2928 1077 2971 voluptas!
1101 2928 1216 2970 quidve
1243 2928 1426 2969 pulchrius?
1450 2938 1488 2958 an
1515 2938 1600 2958 nicus
