1840 3225
257 235 330 272 122
858 234 1126 274 PLATONIS
1627 236 1725 288 [399

252 336 371 369 eisdem
384 337 522 368 formulis
538 336 679 379 exprimi,
695 338 734 369 de
751 337 863 380 quibus
879 338 973 380 paulo
989 344 1062 370 ante
1078 338 1270 375 dicebamus,
1287 344 1319 369 et
1333 338 1444 370 eodem
1462 339 1555 370 modo
1569 339 1580 370 ἓ
1605 338 1723 370 Gum-

253 390 338 422 Vera
354 391 500 432 loqueris,
546 392 602 423 So.
625 391 723 432 Atqui
739 392 900 423 harmonia
915 397 947 423 et
964 393 1127 435 rhythmus
1143 393 1314 423 orationem
1331 393 1420 434 sequi
1435 393 1564 425 debent.
1610 391 1726 423 Guu.

204 449 213 460 ⁸
253 444 399 480 Quidni?
444 445 500 476 So.
524 445 611 482 Quin
639 445 731 476 etiam
759 446 980 477 lamentatione
1008 446 1157 488 luctuque
1184 447 1364 478 dicebamus
1388 447 1422 477 in
1448 446 1642 478 orationibus
1667 456 1725 476 nos

251 498 381 529 minime
406 499 558 540 indigere.
603 499 718 531 GLAU.
754 499 830 531 Non
857 506 953 532 certe.
998 501 1054 532 So.
1089 501 1243 538 Quaenam
1269 501 1363 542 igitur
1390 501 1528 542 querulae
1555 499 1724 530 harmoniae

251 553 346 582 sunt?
371 553 421 583 dic
439 553 525 584 mihi.
549 559 582 584 tu
599 554 681 585 enim
707 554 843 586 musicus
866 565 910 586 es.
957 554 1074 586 Gmu.
1099 545 1212 597 Lydia}
1236 555 1338 585 mixtae
1354 554 1530 598 Lydiaeque
1545 558 1728 590 acutae,cc·

249 609 386 646 teraeque
408 606 597 647 hujusmodi.
641 607 697 639 So.
722 607 839 639 Nonne
864 610 1060 639 removendae
1086 609 1134 638 hae
1160 608 1256 639 sunt?
1281 608 1408 640 inutiles
1430 608 1512 640 enim
1537 608 1631 639 etiam
1655 617 1724 638 rnu-

248 658 389 696 lieribus,
405 670 482 701 quas
505 665 632 702 oportet
656 662 805 694 decentes
829 673 918 693 esse:
943 662 1059 693 nedum
1086 662 1169 693 viris.
1214 662 1329 695 Graiu.
1353 662 1457 694 Valde
1481 662 1621 704 quidem.
1666 661 1723 692 So·

249 712 405 744 Praeterea
431 714 612 752 vinolentia,
641 715 786 746 mollities
815 720 846 746 et
872 715 997 757 pigritia
1020 716 1167 746 custodes
1193 715 1319 748 minime
1344 716 1470 748 decent.
1515 715 1634 747 Gau.
1658 714 1726 745 Mi-

247 766 342 798 nime.
388 767 440 799 So.
465 769 619 806 Quaenam
645 769 740 811 igitur
767 769 875 800 molles
902 776 934 801 et
963 770 1142 801 temulentae
1169 769 1363 802 harmoniae?
1408 770 1523 802 Gnau.
1550 769 1667 801 Ionicae
1691 773 1725 800 et

249 818 374 861 Lydiae,
391 827 594 864 quotcunque
610 823 754 864 chalane,
773 823 803 854 id
821 830 867 854 est
883 823 994 855 relaxae
1010 824 1207 866 remissaeque
1222 830 1254 855 et
1269 824 1412 856 resolutae
1427 828 1589 856 vocantur.
1622 822 1720 864 [399]

248 873 306 905 SO.
330 874 390 905 His
407 875 512 916 igitur,
529 887 548 906 o
563 877 676 917 amice,
690 888 764 907 nuru
788 888 915 919 quoquo
934 879 1025 909 modo
1042 878 1136 909 uteris
1159 879 1197 909 ad
1215 878 1348 909 militum
1365 877 1532 909 utilitatem
1547 877 1558 906 ?
1604 875 1721 908 GLAU.

246 927 345 959 Nullo
362 931 467 962 modo.
492 931 547 961 sed
576 931 699 978 gidetur
718 931 784 973 jam
802 932 858 963 tibi
882 932 999 974 reliqua
1015 943 1082 964 esse
1099 933 1218 964 Dorica
1235 939 1266 963 et
1290 932 1430 974 Phrygia
1446 931 1618 963 harmonia.
1664 931 1722 962 So.

246 980 343 1013 Haud
360 984 506 1025 equidem
535 985 710 1016 harmonias
735 986 821 1018 novi.
846 987 900 1016 sed
916 986 1040 1028 suscipe
1064 988 1254 1018 harmoniam
1272 987 1368 1023 illam,
1385 998 1466 1028 quae,
1482 991 1517 1016 ut
1533 986 1636 1020 decet,
1652 983 1722 1014 imi-

246 1033 332 1066 tatur
348 1037 467 1069 fortiter
481 1039 584 1069 euntis
598 1040 628 1069 in
646 1039 787 1081 proelium
805 1046 836 1071 et
861 1041 900 1071 ad
925 1041 1089 1081 quodlibet
1113 1042 1273 1083 negotium
1291 1041 1461 1071 violentum
1478 1039 1603 1070 viriliter
1618 1049 1651 1069 se
1666 1048 1722 1079 ge·

245 1089 343 1121 ¹entis
360 1102 450 1123 voces
466 1097 560 1134 atque
572 1099 732 1130 accentus,
747 1099 778 1124 et
793 1095 1010 1135 periclitantis,
1026 1095 1089 1126 sive
1106 1095 1138 1126 in
1155 1095 1281 1126 vulnera
1296 1095 1359 1126 sive
1375 1095 1406 1125 iu
1421 1100 1547 1125 mortem
1565 1093 1721 1128 irruentis,

243 1142 307 1174 sive
332 1144 362 1174 in
387 1145 477 1176 aliam
501 1157 623 1188 gravem
641 1152 752 1178 sortem
772 1147 949 1185 incidentis,
973 1149 1003 1179 in
1021 1149 1164 1180 omnibus
1180 1149 1246 1179 istis
1261 1149 1415 1180 fortunam
1431 1153 1610 1178 constanter
1624 1151 1719 1187 atque

242 1197 370 1229 viriliter
395 1200 614 1240 propulsantis.
638 1201 792 1243 aliamque
820 1203 931 1233 iterum
957 1203 1115 1244 suscipere
1140 1204 1344 1240 harmoniam,
1367 1213 1438 1244 quae
1463 1211 1554 1232 voces
1578 1200 1739 1231 imitatur‘

241 1257 336 1294 atque
352 1259 499 1285 accentus
514 1255 647 1286 hominis
664 1256 694 1286 in
710 1255 876 1297 tranquilla
889 1260 921 1286 et
938 1256 1062 1286 minime
1077 1256 1214 1287 violenta
1226 1257 1350 1288 actione
1363 1255 1524 1291 versantis,
1536 1254 1583 1285 vel
1597 1254 1717 1295 aliquid

242 1306 337 1337 alicui
365 1310 592 1348 persuadentis,
619 1309 668 1340 vel
697 1310 916 1351 supplicantis,
935 1310 982 1340 vel
1010 1311 1089 1340 votis
1116 1310 1189 1341 Deo
1217 1310 1264 1341 vel
1291 1310 1432 1341 doctrina
1455 1314 1486 1340 et
1501 1308 1717 1339 admonitione

240 1360 358 1391 homini
375 1373 382 1391 z
407 1362 454 1392 vel
471 1368 598 1393 econtra
613 1363 746 1394 hominis
768 1363 820 1394 alii
839 1364 1030 1405 supplicanti
1048 1370 1102 1395 aut
1123 1364 1248 1395 docenti
1266 1369 1320 1394 aut
1335 1362 1527 1394 dissuadenti
1543 1361 1666 1393 facilem
1683 1372 1716 1392 se

242 1414 423 1454 praebentis,
439 1421 471 1446 et
486 1417 551 1458 qui,
569 1417 642 1448 licet
665 1418 729 1448 voti
754 1428 882 1459 compos
897 1418 936 1448 sit
951 1418 1063 1455 factus,
1079 1429 1143 1449 non
1159 1424 1263 1449 tamen
1280 1418 1423 1460 superbia
1439 1417 1595 1458 efferatur,
1611 1417 1665 1447 sed
1681 1417 1715 1447 in

241 1468 288 1498 his
304 1470 447 1501 omnibus
463 1476 634 1513 temperate
658 1479 690 1503 et
714 1473 854 1504 modeste
872 1484 903 1504 se
918 1479 1016 1514 gerat,
1032 1478 1208 1515 sortemque
1226 1479 1377 1514 utranque
1393 1478 1474 1503 recte
1490 1471 1580 1508 ferat,
1596 1472 1714 1512 hasque

241 1523 319 1553 duas
334 1530 481 1565 sequatur
505 1526 694 1564 harmonias,
709 1527 892 1568 violentam,
919 1528 1124 1558 voluntariam
1139 1539 1149 1567 3
1173 1528 1413 1564 fortunatorum,
1428 1526 1686 1557 infortunatorum
1702 1536 1712 1564 3

240 1578 477 1618 temperantium
503 1590 539 1611 ac
563 1580 710 1612 fortium:
736 1586 768 1612 et
797 1583 923 1612 omnIno
950 1593 1146 1624 quaecunque
1174 1582 1311 1623 ipsorum
1334 1587 1480 1613 accentus
1508 1579 1712 1621 pulcherrime

238 1629 410 1669 imitantur,
423 1634 477 1663 has
485 1645 591 1665 omncs
603 1635 726 1677 suscipe
739 1636 924 1667 harmonias.
971 1636 1087 1668 GLAU.
1111 1637 1155 1666 At
1166 1646 1236 1667 vero
1250 1647 1311 1666 non
1323 1635 1399 1667 alias
1411 1634 1484 1676 eligi
1496 1634 1604 1676 jubes,
1615 1643 1709 1675 quam

238 1695 291 1715 eas
314 1696 390 1726 quas
406 1698 464 1728 ego
480 1699 573 1730 supra
590 1690 745 1720 dicebam.
790 1690 846 1722 So.
869 1689 944 1721 Non
960 1690 1056 1732 igitur
1079 1701 1158 1731 opus
1175 1690 1233 1721 erit
1248 1690 1338 1720 nobis
1361 1689 1393 1720 in
1408 1689 1550 1720 cantibus
1565 1694 1597 1719 et
1613 1687 1709 1718 melo-

237 1737 296 1768 diis
312 1740 483 1783 harmonia,
498 1752 569 1783 quae
586 1743 692 1775 multis
708 1750 831 1775 constat
846 1745 970 1775 chordis
986 1745 1191 1786 omnibusque
1206 1743 1411 1775 concentibus
1425 1743 1436 1773 ?
1482 1741 1598 1774 GLAu.
1621 1741 1710 1778 Non,

237 1797 272 1822 ut
288 1793 360 1824 mihi
387 1795 520 1828 videtur.
563 1797 619 1829 So.
642 1798 725 1839 Ergo
751 1798 907 1840 trigonum
933 1804 965 1829 et
992 1799 1185 1840 pectidarum
1202 1804 1234 1829 et
1249 1808 1506 1839 quorumcunque
1521 1796 1708 1827 instrumen-

232 1851 347 1884 torum,
365 1859 436 1890 quae
453 1851 556 1881 multis
572 1858 718 1882 constant
731 1854 854 1884 chordis
881 1859 912 1885 et
930 1853 1069 1894 plurimis
1084 1853 1308 1890 consonantiis,
1325 1853 1427 1883 fabros
1444 1863 1505 1883 non
1522 1851 1706 1882 nutriemus.

237 1901 352 1934 GLAU.
378 1903 465 1941 Non,
479 1910 513 1934 ut
529 1905 679 1937 videmur.
724 1907 780 1939 So.
805 1907 891 1944 Quid
909 1913 1011 1938 autem
1027 1908 1037 1938 ?
1055 1908 1198 1938 tibiarum
1214 1907 1316 1938 fabros
1332 1912 1363 1938 et
1374 1906 1516 1937 tibicines
1531 1905 1563 1936 in
1579 1905 1705 1936 civitate

234 1957 410 1998 suscipies?
440 1969 479 1989 an
508 1970 571 1990 non
600 1961 806 1992 instrumenta
836 1961 1000 1992 multarum
1031 1962 1214 1993 chordarum
1245 1961 1536 2002 harmoniarumque
1563 1958 1703 1989 omnium

233 2010 340 2040 tibiam
369 2011 551 2043 imitantur?
598 2013 712 2046 Gne.
738 2015 842 2046 Patet.
886 2015 942 2046 So.
968 2015 1051 2057 Lyra
1075 2015 1180 2056 itaque
1209 2020 1302 2046 restat
1325 2020 1358 2046 et
1381 2014 1499 2046 cithara
1523 2013 1554 2044 in
1575 2012 1704 2044 civitate

233 2063 328 2100 utilis,
344 2070 376 2095 et
401 2065 504 2096 fistula
529 2067 560 2096 in
587 2068 667 2109 agris
693 2069 864 2108 pastoribus
892 2071 1067 2100 commoda.
1113 2070 1229 2101 GLAU.
1254 2069 1302 2100 Ita
1327 2069 1405 2100 ratio
1432 2068 1525 2099 nobis
1550 2067 1701 2099 ostendit.

230 2116 285 2148 So.
310 2117 399 2148 Nihil
414 2119 550 2151 alienum
574 2121 761 2159 inducimus,
779 2133 797 2152 ο
823 2123 935 2159 amice,
951 2124 1025 2153 dum
1042 2123 1223 2164 Apollinem
1241 2124 1340 2164 ipsum
1357 2128 1390 2154 et
1411 2122 1571 2164 Apollinis
1585 2121 1700 2152 instru-

231 2177 337 2202 menta
361 2173 499 2215 Marsyae
516 2175 575 2215 ipsi
600 2181 632 2205 et
657 2177 790 2217 organis,
807 2187 877 2218 quae
893 2177 1032 2219 Marsyae
1047 2183 1131 2214 sunt,
1150 2177 1372 2218 praeponimus.
1418 2176 1532 2208 GLAU.
1554 2175 1629 2206 Non
1646 2185 1701 2216 per

227 2225 353 2263 Jovem‚
380 2233 414 2257 ut
441 2228 516 2258 mihi
542 2229 675 2261 videtur.
721 2231 778 2262 So.
801 2231 862 2262 Per
887 2242 996 2262 canem
1024 2231 1136 2273 ipsum,
1163 2231 1277 2262 sensim
1307 2237 1339 2262 et
1367 2229 1543 2262 clanculum
1569 2239 1700 2271 purgare

231 2281 381 2321 coepimus
398 2280 567 2320 civitatem,
583 2294 675 2324 quam
701 2295 794 2326 supra
818 2286 920 2316 nimiis
947 2286 1066 2317 deliciis
1090 2286 1228 2316 deditam
1257 2286 1448 2316 dicebamus.
1493 2284 1608 2316 GLAU.
1633 2283 1701 2324 Ipsi

230 2344 287 2365 nos
304 2335 451 2366 videlicet
478 2342 646 2378 temperate
673 2345 812 2380 agentes.
857 2340 914 2371 So.
936 2340 1018 2381 Age,
1045 2351 1211 2382 purgemus
1237 2346 1269 2370 et
1295 2339 1422 2380 reliqua.
1439 2339 1578 2380 sequitur
1593 2338 1631 2368 ad
1648 2348 1698 2373 ea,

228 2399 299 2429 quae
315 2390 354 2420 de
370 2390 535 2422 harmoniis
551 2391 636 2422 dicta
652 2398 735 2432 sunt,
752 2398 785 2422 ut
801 2394 960 2435 rhythmos
977 2394 1021 2425 ita
1038 2404 1271 2434 prosequamur,
1287 2404 1327 2423 ne
1344 2403 1398 2433 per
1413 2392 1512 2423 varios
1527 2393 1695 2423 admodum

226 2443 502 2486 circumvageruur‚
518 2455 596 2476 neve
614 2457 667 2487 per
681 2445 837 2488 quaslibet
852 2448 939 2478 bases
956 2459 964 2486 3
988 2449 1042 2478 sed
1059 2448 1112 2488 qui
1129 2448 1199 2478 vitre
1215 2447 1300 2478 fortis
1315 2453 1347 2477 et
1363 2451 1541 2488 temperata:
1558 2446 1696 2488 rhythmi

226 2497 299 2534 sint,
315 2498 544 2539 dignoscamus.
569 2500 682 2541 quibus
709 2500 855 2542 cognitis,
885 2501 982 2543 [⁴00]
1003 2503 1114 2542 pedem
1142 2507 1331 2542 cantumque
1348 2511 1496 2543 cogamus
1523 2501 1694 2532 orationem

226 2550 404 2591 hujusmodi
422 2553 476 2583 viri
491 2554 593 2594 sequi,
609 2564 672 2585 non
688 2554 858 2586 orationem
875 2555 962 2596 sequi
979 2556 1091 2596 pedem
1109 2562 1139 2586 et
1155 2561 1296 2586 cantum.
1319 2555 1372 2596 qui
1389 2565 1461 2586 vero
1477 2554 1540 2585 sint
1554 2555 1691 2595 rhythmi

226 2605 314 2641 tales,
344 2611 396 2636 tua
425 2606 551 2638 interest
578 2608 745 2649 declarare,
773 2610 1035 2650 quemadmodum
1066 2611 1241 2640 harmonias
1268 2608 1450 2651 exposuisti.
1496 2608 1610 2639 Guu.
1635 2607 1696 2638 Per

223 2659 348 2695 Jovem,
365 2659 439 2700 quid
466 2662 568 2692 dicam
583 2673 646 2693 non
672 2663 784 2694 habeo.
807 2664 892 2706 quod
920 2664 1001 2694 enim
1031 2669 1090 2694 tres
1113 2665 1257 2705 quaedam
1283 2663 1403 2705 species
1429 2668 1512 2699 sunt,
1527 2661 1692 2703 exquibus

222 2713 312 2743 bases
328 2718 472 2744 texuntur
498 2721 592 2756 atque
619 2717 796 2754 flectuntur,
821 2719 1083 2758 quemadmodum
1111 2719 1142 2748 in
1167 2719 1296 2749 vocibus
1312 2721 1456 2759 quatuor,
1474 2716 1692 2749 undessomnes

222 2767 389 2797 harmoniae
406 2768 622 2805 conficiuntur,
640 2771 920 2808 animadverterim,
937 2773 1039 2803 dicere
1067 2783 1188 2813 possem
1206 2785 1213 2802 :
1238 2771 1348 2813 quales
1373 2776 1476 2801 autem
1500 2769 1601 2811 qualis
1617 2769 1689 2799 vitae

187 2843 191 2845 Α
220 2820 409 2852 imitationes
427 2822 498 2859 sint,
516 2824 633 2864 aperire
658 2835 790 2865 nequeo.
836 2826 892 2857 So.
917 2826 961 2856 At
987 2827 1025 2857 dc
1043 2827 1088 2856 his
1113 2826 1238 2868 quidem
1255 2836 1325 2857 cum
1341 2824 1486 2855 Damone
1502 2822 1688 2854 deliberabi-

220 2885 298 2911 mus,
314 2886 456 2916 quautam
482 2878 595 2917 pedum
613 2879 840 2919 progressiones
864 2879 996 2921 propriae
1021 2881 1083 2911 siut
1101 2879 1328 2915 illiberalitatis,
1345 2877 1539 2920 petulantiae,
1554 2876 1685 2907 insaniae

215 2938 250 2959 ac
267 2929 391 2971 reliquu-
415 2931 597 2971 pratitatis:
622 2933 715 2974 quive
733 2935 866 2975 rhythmi
891 2935 1051 2966 contrariis
1066 2940 1249 2977 congruant.
1273 2934 1401 2966 arbitror
1425 2937 1528 2964 autem
1544 2930 1679 2965 audisse,
