1840 3225
110 229 209 280 412]
549 229 622 267 DE
654 227 959 267 REPUBLICA
993 230 1089 268 LIB.
1123 230 1195 269 ΠΙ.
1510 232 1585 268 129

113 334 228 366 GLAu.
254 333 321 374 Est,
338 339 371 364 ut
383 333 473 364 dicis.
520 333 576 364 So.
601 332 791 362 Dicebamus
803 336 906 361 autem
923 338 1065 372 oportere
1080 334 1166 374 ipsos
1175 333 1322 363 custodes
1339 338 1483 374 utrasque
1496 339 1590 363 natu-

112 399 160 420 ras
175 390 300 420 habere.
338 388 453 420 Gmo.
471 387 606 428 Oportet
618 396 702 416 sane.
739 385 795 416 So.
814 385 930 416 Nonne
942 396 1111 427 congruere
1125 387 1256 418 invicem
1273 392 1304 418 et
1315 386 1480 418 concinere
1494 395 1586 426 opor-

113 444 182 476 tet?
229 443 345 475 Graiu.
369 441 516 480 Quidni?
561 440 618 471 So.
643 438 785 480 Ejusque
810 439 944 475 animus,
971 440 1002 469 in
1027 451 1089 480 quo
1114 441 1180 471 haec
1195 446 1380 476 consonant,
1398 445 1588 481 temperatus

111 502 159 529 est
176 496 274 539 [411]
299 502 331 528 et
345 496 456 528 fortis?
503 495 617 526 Gmu.
641 493 791 524 Omnino.
836 493 892 524 So·
918 493 995 534 Ejus
1020 499 1123 524 autem
1140 495 1272 530 animus,
1288 495 1318 525 in
1335 504 1398 536 quo
1413 494 1588 531 dissonant,

112 551 242 582 timidus
269 556 302 582 et
325 550 477 591 agrestis?
523 548 638 580 GLAU.
662 547 704 578 Et
730 548 861 578 maxime
887 548 1025 587 quidem.
1075 548 1131 579 So.
1156 548 1346 590 Quicunque
1371 548 1524 590 permittit
1551 553 1588 579 ut

113 605 232 636 musica
256 604 392 636 animum
418 614 506 634 suum
531 602 654 633 assidue
678 602 910 632 circumsonans
937 608 1073 643 occupet
1095 607 1128 632 et
1153 602 1341 637 demulceat.
1359 613 1474 643 perque
1498 612 1586 632 aures

114 659 210 690 veluti
227 669 281 700 per
306 657 505 689 infundibula
534 656 709 686 harmonias
734 654 892 690 infundat,
908 664 985 694 quas
1013 665 1105 696 supra
1130 657 1450 692 commemoravimus,
1467 666 1588 691 suaves

113 713 255 750 blandas,
280 712 388 743 molles
413 721 448 742 ac
475 710 606 746 flebiles,
623 716 718 750 atque
741 714 863 739 aetatem
892 719 977 739 suam
1006 709 1037 739 in
1054 709 1189 740 modulis
1214 709 1350 740 animum
1367 709 1591 740 delinientibus

111 766 291 798 consumit:
310 766 334 796 is
350 765 482 806 primurn
497 765 636 806 quidem,
650 763 676 794 si
693 763 767 804 quid
787 763 967 793 iracundum
984 763 1131 804 habebat,
1145 769 1291 805 tanquam
1308 765 1418 795 ferrum
1435 764 1589 802 demollit,

111 826 144 852 et
160 820 238 852 utile
256 832 293 852 ex
310 820 413 852 inutili
430 820 572 860 duroque
598 817 704 849 efficit.
722 818 848 858 qnando
864 823 966 848 antem
983 817 1135 848 incumbit
1150 818 1280 854 diutius,
1296 820 1394 859 magis
1411 817 1589 848 demulcet:

113 877 260 917 posthoc
283 875 348 916 jam
376 874 538 915 liquefacit
564 873 700 904 animum
727 877 758 902 et
783 872 920 908 resolvit,
937 873 1038 903 donec
1055 872 1243 903 destillando
1269 873 1429 903 exhauriat
1443 871 1589 901 animosi-

112 936 207 961 tatem
225 940 348 960 ornnem
364 929 589 968 exscindatque
614 933 762 968 tanquam
787 937 897 957 nervos
913 938 949 957 ex
976 927 1091 959 animo.
1116 938 1153 957 ex
1168 937 1231 968 quo
1247 926 1382 957 animum
1409 925 1497 967 quasi
1520 936 1590 965 seg-

112 995 182 1015 nem
210 984 338 1014 militem
365 983 470 1014 efficit.
516 982 632 1013 Gmu.
657 982 710 1012 Sic
741 986 789 1011 est
813 981 954 1013 omnino.
999 980 1055 1011 So.
1081 980 1131 1011 Ac
1157 980 1182 1011 si
1209 991 1226 1010 a
1252 979 1406 1022 principio
1432 978 1589 1009 hominem

112 1044 205 1070 nacta
231 1039 271 1069 sit
297 1043 406 1068 natura
429 1038 496 1068 sine
523 1036 618 1067 animi
645 1036 767 1074 robore,
783 1035 846 1065 cito
870 1035 930 1066 hoc
957 1034 1098 1076 perficit:
1118 1035 1171 1065 'sin
1188 1039 1292 1065 autem
1309 1034 1494 1069 animosum,
1511 1031 1591 1063 vires

112 1092 208 1122 animi
235 1092 379 1133 frangens
401 1093 441 1122 ad
467 1091 542 1122 iram
573 1090 677 1121 reddit
700 1089 906 1131 praecipitern‚
933 1094 968 1119 ut
993 1089 1128 1119 minimis
1154 1089 1329 1130 quibusque
1356 1087 1597 1122 offensiunculis,

111 1146 245 1177 irritetur
262 1157 297 1178 ac
323 1145 417 1177 facile
443 1146 554 1176 iterum
583 1144 776 1175 effervescat.
801 1144 885 1174 unde
907 1154 944 1173 ex
973 1143 1122 1174 animosis
1137 1143 1282 1174 iracundi
1305 1148 1400 1184 atque
1417 1141 1529 1172 morosi
1545 1141 1592 1171 ef—

111 1200 199 1239 fecti,
214 1206 288 1231 sunt
309 1199 452 1231 molestia
473 1205 505 1230 et
528 1199 656 1230 fastidio
680 1197 777 1239 pleni.
822 1197 939 1230 GLAU.
963 1197 1014 1228 Ita
1040 1207 1161 1238 prorsus
1188 1197 1316 1228 accidit.
1362 1197 1418 1226 So.
1444 1194 1540 1232 Quod
1567 1194 1595 1224 si

110 1256 182 1296 quis
199 1255 402 1296 gymnasticae
426 1253 524 1284 victui
538 1252 818 1293 exercitationique
834 1261 866 1282 se
890 1251 998 1288 dedat,
1014 1250 1131 1282 musica
1148 1250 1411 1292 philosophiaque
1428 1249 1594 1290 neglectis,

112 1308 211 1349 primo
227 1308 354 1349 quidem
378 1308 500 1338 firmum
524 1307 660 1348 corporis
686 1305 827 1336 habiturn
851 1310 1052 1344 consecutus,
1069 1304 1164 1335 animi
1181 1304 1296 1335 viribus
1313 1303 1594 1344 magnitudineque

111 1361 248 1403 repletur
263 1362 443 1403 fortiorque,
460 1371 552 1403 quam
577 1365 670 1398 esset,
685 1360 802 1391 evadit.
849 1359 963 1391 GLAu.
986 1359 1090 1390 Valde
1108 1359 1248 1400 quidem.
1295 1358 1350 1390 So.
1374 1357 1502 1388 Deinde
1519 1357 1543 1387 si
1559 1357 1595 1387 in

112 1416 172 1446 hoc
187 1415 230 1447 ita
246 1419 434 1458 perseveret,
450 1421 484 1446 ut
500 1415 578 1446 nihil
596 1415 683 1446 aliud
697 1418 770 1456 agat
785 1425 888 1456 neque
905 1414 1031 1444 Musam
1049 1423 1172 1454 prorsus
1189 1411 1324 1453 attingat
1339 1423 1346 1441 :
1372 1416 1467 1447 certe,
1485 1411 1509 1441 si
1525 1411 1597 1452 quis

112 1474 180 1500 erat
205 1469 274 1511 ejus
299 1470 330 1500 in
355 1470 459 1500 animo
484 1469 650 1500 instinctus
674 1467 817 1499 discendi
843 1468 976 1509 flagrans
1003 1466 1191 1508 cupiditate,
1214 1466 1399 1502 imbecillus,
1424 1465 1535 1495 surdus
1557 1475 1595 1496 ac

112 1533 216 1555 caicus
231 1523 372 1561 efficitur,
390 1529 502 1565 utpote
525 1524 581 1565 qui
607 1533 711 1564 neque
734 1522 907 1553 doctrinam
933 1521 1104 1563 gustaverit
1120 1520 1214 1551 ullam
1241 1530 1344 1561 neque
1360 1519 1595 1560 indagationem

113 1587 226 1614 rerum,
241 1587 344 1619 neque
370 1577 464 1608 ullam
494 1577 619 1618 penitus
644 1576 807 1613 rationem,
821 1586 925 1617 neque
951 1575 1100 1606 musicam
1127 1575 1231 1616 aliam,
1249 1575 1332 1605 unde
1348 1573 1521 1616 expergisci
1537 1584 1597 1615 po·

115 1631 207 1662 tuerit
223 1631 461 1673 coalescereque
477 1641 649 1672 sensusque
675 1640 747 1660 suos
776 1640 869 1671 puros
886 1629 1041 1671 accipere.
1089 1629 1202 1660 GLAo.
1227 1628 1279 1660 Sic
1298 1628 1403 1669 plane.
1448 1628 1504 1659 So.
1529 1627 1596 1658 Ra-

113 1684 193 1715 tioni
209 1685 368 1720 adversus,
385 1690 420 1715 ut
445 1685 585 1721 arbitror,
602 1684 647 1714 vir
670 1683 851 1724 hujusmodi
875 1688 907 1714 et
929 1693 947 1713 a
973 1683 1075 1713 Musis
1093 1683 1231 1713 redditur
1246 1682 1378 1720 alienus,
1394 1693 1430 1714 ac
1446 1681 1533 1712 nulla
1549 1681 1596 1713 ul-

102 1732 208 1769 'terius
225 1739 425 1780 persuasione
440 1738 612 1769 rationibus
628 1737 757 1768 inducta
773 1737 868 1767 utitur
882 1749 889 1767 ι
917 1738 970 1768 sed
996 1737 1025 1767 vi
1042 1742 1073 1767 et
1097 1737 1209 1778 agresti
1225 1737 1430 1773 immanitate,
1447 1741 1595 1778 tanquam

113 1792 178 1824 fera
195 1792 352 1834 quaedam,
368 1793 407 1823 ad
434 1793 538 1823 omnia
552 1793 660 1832 fertur,
675 1792 770 1834 inque
795 1791 918 1823 inscitia
933 1798 965 1823 et
992 1792 1126 1822 ruditate
1151 1792 1217 1823 sine
1243 1792 1389 1833 rhythmo
1405 1797 1436 1822 et
1452 1791 1550 1832 gratia
1565 1794 1598 1820 et

115 1846 292 1877 urbanitate
309 1847 396 1878 vivit.
442 1846 557 1878 GLAo.
580 1846 720 1877 Omnino
737 1846 781 1876 sic
805 1856 837 1876 se
853 1856 900 1876 res
915 1846 1021 1877 habet.
1066 1845 1123 1876 So.
1146 1845 1319 1886 Postquam
1341 1846 1406 1876 duo
1428 1846 1496 1876 haec
1512 1849 1598 1884 sunt,

115 1905 151 1931 ut
165 1906 307 1942 apparet,
322 1906 402 1932 artes
428 1901 505 1933 duas
531 1911 696 1932 assererem
722 1899 828 1931 Deum
857 1900 993 1941 aliquem
1022 1899 1200 1930 hominibus
1226 1899 1382 1936 tribuisse,
1399 1899 1548 1930 musicam
1564 1902 1598 1929 et

113 1956 356 1997 gymnasticam,
383 1957 422 1986 ad
452 1955 681 1986 animositatem
713 1954 1004 1995 philosophicamve
1035 1958 1202 1984 naturam:
1229 1964 1294 1983 non
1325 1954 1364 1984 ad
1395 1953 1533 1984 animum
1564 1958 1598 1984 et.

115 2019 241 2050 corpus,
257 2010 315 2041 nisi
335 2020 388 2051 per
411 2010 559 2041 accidens
573 2009 679 2045 fuerit,
696 2009 748 2039 sed
774 2010 812 2039 ad
828 2007 895 2045 iila,
913 2013 946 2038 ut
972 2008 1106 2039 invicem
1123 2012 1343 2048 consonarent,
1357 2009 1456 2050 [412]
1473 2008 1599 2038 intensa

116 2063 263 2095 videlicet
279 2070 373 2106 atque
390 2064 527 2099 remissa,
543 2068 697 2104 quatenus
711 2064 833 2094 deceat.
865 2062 980 2094 Gmu.
1005 2063 1055 2093 Sic
1072 2068 1215 2103 apparet.
1244 2062 1301 2092 So.
1325 2062 1404 2092 Eum
1420 2062 1526 2104 igitur,
1542 2061 1598 2102 qui

118 2117 322 2159 pulcherrime
338 2117 564 2160 gymnasticam
578 2128 648 2148 curn
666 2118 784 2149 musica
801 2118 920 2154 miscet,
932 2117 1238 2158 moderatissimeque
1253 2117 1321 2147 haec
1336 2116 1441 2147 animo
1455 2116 1597 2153 adhibet,

116 2173 227 2203 mcn'to
244 2172 507 2203 absolutissimum
535 2172 686 2204 musicum
702 2173 876 2204 diceremus
903 2177 935 2203 et
961 2182 1080 2203 summa
1098 2171 1259 2202 harmonia
1274 2171 1482 2213 compositum
1500 2171 1598 2212 magis

115 2236 209 2267 quarn
227 2238 311 2264 eum,
327 2227 380 2268 qui
407 2227 539 2258 chordas
568 2237 631 2257 una
655 2232 880 2268 contemperat.
927 2226 1043 2258 Gmu.
1067 2225 1107 2255 Et
1124 2225 1235 2256 merito
1250 2225 1391 2266 quidem,
1408 2235 1426 2254 o
1442 2225 1598 2256 Socrates.

115 2280 170 2311 So.
195 2280 311 2312 Nonne
337 2291 409 2322 ergo
437 2281 616 2322 hujusmodi
643 2281 749 2322 aliquo
782 2281 913 2323 praeside
941 2291 1064 2322 semper
1087 2280 1120 2310 in
1148 2280 1274 2311 civitate
1300 2280 1390 2310 nobis
1417 2290 1496 2320 opus
1524 2279 1595 2312 erit,

116 2334 251 2370 Glauco,
269 2335 292 2365 si
309 2335 405 2366 debet
427 2336 513 2366 salva
536 2335 601 2366 fore
627 2336 826 2377 respublica?
873 2335 987 2366 Grau.
1012 2334 1079 2365 Erit
1106 2340 1189 2365 certe
1215 2344 1422 2376 summopere.
1469 2334 1524 2365 So.
1551 2329 1597 2363 Hi

117 2399 190 2430 ergo
208 2389 383 2430 disciplinae
407 2389 669 2431 educationisque
695 2390 780 2420 rnodi
804 2395 919 2421 essent.
942 2399 1056 2430 nempe
1072 2389 1200 2420 choreas
1227 2389 1258 2419 in
1276 2389 1383 2419 horum
1401 2398 1512 2429 genere
1528 2387 1598 2428 quis

119 2447 261 2483 reponet,
277 2442 522 2484 venationesque
549 2449 581 2474 et
606 2454 718 2475 canum
745 2443 968 2479 insecutiones,
986 2442 1134 2485 gymnica
1156 2443 1231 2473 item
1254 2441 1423 2473 certamina
1446 2446 1478 2471 et
1501 2450 1598 2481 eque-

118 2497 204 2528 stria.
237 2496 332 2527 ferme
360 2496 443 2528 enim
471 2503 595 2528 constat
624 2497 712 2539 sequi
743 2499 811 2529 haec
838 2497 897 2528 ista
924 2498 1037 2528 debere
1065 2507 1167 2538 neque
1195 2497 1323 2527 inventu
1352 2495 1492 2525 difficilia
1520 2494 1598 2526 sore.

118 2550 234 2582 Guu.
252 2550 345 2581 Forte
362 2561 425 2581 non
442 2556 513 2581 sunt
529 2551 680 2583 difficilia.
725 2551 783 2583 So.
809 2552 897 2589 Quid
913 2551 1003 2582 nobis
1020 2556 1168 2593 praeterea
1184 2549 1442 2591 distinguendum
1457 2549 1468 2579 ἓ
1493 2559 1598 2580 nonne

117 2606 226 2636 horum
250 2605 388 2635 omnium
413 2605 540 2646 quinam
565 2606 716 2647 imperare
741 2607 889 2642 debeant,
914 2606 968 2648 qui
994 2604 1127 2646 parere?
1173 2604 1288 2635 GLAu.
1311 2603 1376 2635 Cur
1404 2604 1492 2634 non?
1539 2603 1596 2635 So.

120 2659 255 2692 Constat
281 2659 408 2700 quidem
440 2659 577 2690 seniores
605 2659 756 2701 imperare
785 2665 938 2701 oportere,
966 2659 1108 2700 juniores
1140 2658 1277 2688 subesse.
1322 2656 1436 2688 Gmu.
1467 2655 1601 2687 Constat

121 2714 275 2755 profecto.
320 2714 376 2745 So.
400 2713 440 2744 Et
463 2714 522 2744 hoc
540 2713 652 2754 liquet,
668 2724 705 2744 ex
721 2713 769 2744 his
791 2724 858 2744 esse
875 2713 1009 2754 optimos
1026 2712 1199 2753 eligendos.
1245 2710 1360 2742 Gmm.
1386 2710 1501 2752 Liquet
1517 2715 1600 2741 certe

120 2772 154 2798 et
169 2767 263 2800 istud,
307 2768 362 2799 So.
388 2767 605 2808 Agricotarum
633 2768 744 2809 optimi
760 2778 865 2799 nonne
884 2768 915 2798 hi
941 2772 1024 2803 sunt,
1049 2766 1102 2807 qui
1128 2766 1291 2796 maximam
1318 2775 1458 2807 agrorum
1483 2765 1601 2795 habent

121 2821 322 2853 colendorum
335 2822 478 2864 peritiam
492 2823 503 2852 ?
549 2821 664 2854 GLAo.
690 2822 829 2855 Prorsus.
871 2822 927 2853 So.
952 2821 1047 2852 Nunc
1065 2826 1167 2851 autem
1181 2830 1253 2851 cum
1269 2830 1305 2851 ex
1318 2819 1501 2850 custodibus
1517 2818 1600 2858 opti-

123 2885 189 2906 mos
202 2875 275 2917 eligi
291 2881 447 2918 oporteat,
464 2887 569 2907 nonne
583 2886 636 2907 eos
650 2875 704 2918 qui
720 2877 884 2907 maximam
901 2875 1118 2908 custodiendae
1141 2874 1278 2906 civitatis
1295 2873 1436 2915 peritiam
1456 2873 1573 2902 habent
1587 2871 1598 2900 ?

120 2927 236 2960 Grau.
259 2930 324 2962 Eos
350 2931 456 2971 plane.
499 2930 556 2962 So.
581 2931 759 2962 Prudentes
784 2942 857 2974 ergo
879 2932 918 2962 ad
946 2932 1006 2962 hoc
1029 2941 1096 2962 esse
1121 2940 1175 2961 cos
1192 2932 1316 2971 oportet
1334 2931 1552 2969 potentesque,
1569 2929 1602 2956 et

219 2984 307 3016 Plat.
336 2985 390 3016 Tr.
897 2984 949 3019 11.
1485 2978 1516 3009 R
