1840 3225
205 194 284 232 260
803 196 1067 236 PLATOle
1595 201 1666 252 [62

205 302 284 334 tem,
307 297 418 338 quibus
450 297 592 329 omnibus
628 298 799 330 vehemens
833 305 865 330 et
892 306 1060 342 penetrans
1083 306 1142 335 est,
1166 300 1390 342 velociterque,
1426 301 1510 343 quod
1525 302 1672 336 occurrit.

207 351 322 382 dividit
334 361 459 393 semper
469 357 502 382 et
511 351 655 394 dissipat,
669 353 866 385 considerare
877 354 1038 391 debemus,
1049 356 1153 396 figurae
1167 355 1263 396 ipsius
1273 355 1511 397 generationem
1527 355 1677 386 memoria

205 410 401 446 repetentes.
432 406 508 448 [62]
538 416 577 437 ea
592 407 722 448 quippe,
747 418 811 439 non
827 409 890 439 alia
903 416 1025 445 natura,
1043 419 1172 450 corpora
1186 415 1293 440 nostra
1305 409 1460 445 dividens,
1477 414 1510 440 et
1522 409 1554 440 in
1568 415 1675 450 partes

208 459 336 501 exiguas
357 461 506 501 partienS,
531 460 643 492 merito
666 462 846 502 passionem
870 463 969 498 illam,
993 474 1061 504 quae
1080 464 1219 504 legitime
1236 464 1322 494 calor
1335 465 1524 499 nominatur,
1540 462 1677 494 inducit.

206 514 362 544 contraria
389 525 460 545 vero
487 515 560 546 huic
583 516 698 556 passio,
724 516 799 547 licet
825 517 936 558 cuique
961 517 1139 553 manifesta,
1163 528 1219 548 sua
1241 524 1348 549 tamen
1374 518 1595 559 explanatione
1610 527 1676 548 non

205 573 322 599 careat.
336 569 471 599 humidae
483 579 618 611 namque
634 576 741 611 partes
755 581 928 612 corporum,
954 571 1095 612 partibus
1110 572 1223 602 nostris
1239 573 1376 602 humidis
1393 572 1585 613 grandioreS‚
1603 581 1675 602 cum

206 623 240 653 in
265 633 377 664 corpus
398 623 532 654 influunt
554 629 704 661 nostrum,
729 625 866 655 minores
889 624 1018 666 quidem
1032 631 1139 666 partes
1153 626 1332 663 extrudunt,
1345 625 1403 657 sed
1417 627 1572 656 inearum
1583 624 1678 656 sedes

209 687 280 708 sese
291 677 449 708 insinuare
465 688 529 709 non
541 684 689 718 possunt:
727 680 890 709 humorum
903 684 1008 709 autem
1023 685 1164 710 nostrum
1179 681 1357 721 coagulant,
1373 686 1467 722 atque
1477 690 1515 710 ex
1529 679 1679 720 inaequali

209 738 243 762 et
266 732 384 772 agitato
407 721 601 763 immobilem
623 739 750 774 propter
775 733 986 774 aequalitatem
1010 735 1235 775 coagulumque
1251 735 1382 771 faciunt,
1398 736 1494 776 inque
1510 740 1676 776 angustum

207 790 335 826 cogunt.
358 786 442 827 quod
462 792 567 817 autem
575 792 688 828 praeter
701 792 846 817 naturam
858 791 1003 817 coactum
1013 793 1073 824 est,
1088 787 1262 819 secundum
1271 794 1414 819 naturam
1423 788 1568 819 renititur
1576 797 1674 828 seque

205 845 331 871 revocat
340 840 373 871 in
389 841 589 871 contrarium.
611 841 644 871 in
658 841 716 871 hac
729 840 936 871 reluctatione
947 842 1209 882 quassationeque
1223 848 1340 873 tremor
1351 843 1496 884 rigorque
1514 841 1672 872 consistit:

203 893 367 935 omnisque
378 895 553 937 hujusmodi
571 895 675 937 passio
684 895 798 935 frigus,
815 894 937 936 quodve
955 905 1026 926 eam
1039 895 1146 931 infert,
1161 895 1309 937 frigidum
1330 896 1519 927 nominatur.
1553 895 1676 926 Durum

205 952 312 978 autem
328 948 460 979 dicimus
474 949 564 985 illud,
589 949 637 980 cui
652 958 724 980 caro
738 954 846 980 nostra
861 949 947 979 cedit
960 961 966 978 :
999 950 1108 985 molle,
1125 949 1209 990 quod
1225 950 1312 980 cami
1327 961 1334 978 :
1367 960 1480 990 resque
1495 950 1580 990 ipsas
1594 949 1675 980 inv-i-

207 1010 278 1031 cem
292 1006 325 1032 et
340 1001 432 1032 duras
442 1008 476 1033 et
484 1003 597 1033 molles
612 1002 725 1033 eadem
736 1003 858 1033 ratione
873 1013 1031 1034 vocamus.
1053 1003 1139 1034 cedit
1157 1009 1274 1040 autem,
1289 1003 1440 1045 quicquid
1453 1013 1549 1044 parvo
1557 1003 1678 1034 nititur.

204 1054 290 1094 quod
313 1066 387 1086 vero
411 1067 448 1086 ex
473 1057 716 1098 triangularibus
738 1057 865 1087 basibus
879 1057 1145 1098 firmamentisque
1163 1063 1222 1093 est,
1237 1062 1347 1098 utpote
1362 1058 1459 1098 plano
1473 1057 1678 1088 vehementer

203 1107 355 1146 innixum,
375 1110 518 1140 renititur
544 1111 678 1141 maxime
693 1115 787 1151 atque
803 1110 941 1140 resistit:
980 1109 1103 1151 quodve
1119 1121 1316 1152 summopere
1337 1111 1470 1142 densum
1486 1116 1546 1146 est,
1569 1115 1678 1141 contra

203 1163 364 1194 venientia
388 1165 591 1195 vehementer
609 1165 794 1208 repercutit.
843 1164 948 1195 Grave
976 1170 1130 1205 praeterea
1154 1170 1188 1195 et
1207 1166 1278 1196 lere
1300 1176 1372 1196 cum
1393 1175 1432 1196 ea
1447 1170 1559 1196 natura
1571 1164 1677 1200 simul,

203 1227 273 1258 quae
283 1228 404 1249 sursum
419 1218 603 1249 deorsumve
620 1218 716 1249 dicitu
723 1230 745 1255 r,
773 1218 1024 1250 commodissime
1049 1218 1269 1250 declarabitur.
1302 1219 1358 1250 sed
1372 1218 1452 1250 illud
1466 1218 1554 1250 dictu
1569 1219 1677 1250 absur-

203 1270 280 1302 dum
295 1277 353 1309 est,
382 1283 451 1303 esse
476 1272 538 1304 duo
553 1272 699 1314 quaedam
713 1279 824 1304 natura
840 1274 920 1309 loca,
947 1283 966 1303 a
978 1284 1012 1304 se
1028 1273 1164 1304 invicem
1178 1275 1272 1315 longo
1287 1273 1454 1304 intervallo
1469 1274 1629 1309 distincta,
1645 1278 1679 1303 et

200 1335 298 1356 unum
326 1326 454 1367 quidem
476 1325 621 1357 deorsum
645 1327 763 1363 vocari,
787 1327 827 1357 ad
855 1337 950 1368 quem
962 1328 1066 1357 locum
1091 1337 1131 1357 ea
1152 1327 1335 1358 deferantur
1350 1328 1466 1363 omnia,
1481 1336 1675 1368 quaecunque

203 1380 321 1410 molem
345 1380 504 1421 quandam
520 1381 658 1422 corporis
673 1381 790 1411 habent
805 1391 815 1420 3
852 1381 985 1412 alterum
1001 1392 1074 1412 vero
1090 1392 1221 1418 sursum,
1239 1381 1280 1412 ad
1294 1392 1389 1423 quem
1402 1382 1435 1412 vi
1449 1382 1555 1413 omnia
1567 1391 1675 1412 move-

203 1439 306 1464 antur.
329 1445 401 1465 cum
413 1435 498 1466 enim
508 1436 622 1466 coelum
633 1446 724 1466 omne
740 1435 909 1466 rotundum
923 1437 973 1472 sit,
991 1447 1185 1478 quaecunque
1205 1437 1337 1467 amedio
1350 1447 1439 1478 aeque
1455 1435 1606 1467 distantia
1619 1445 1674 1466 ex-

202 1491 303 1518 trema
325 1488 409 1519 facta
433 1494 516 1526 sunt,
532 1490 675 1520 similiter
691 1500 759 1520 esse
780 1495 903 1532 oportet
918 1496 1068 1521 extrema.
1100 1490 1240 1521 medium
1255 1501 1379 1532 quoque
1395 1491 1567 1532 aequalibus
1581 1490 1676 1521 lineis

203 1541 243 1572 ab
267 1543 416 1574 extremis
440 1543 580 1586 undique
607 1544 738 1581 distans,
762 1555 779 1575 e
802 1545 931 1586 regione
955 1555 1043 1586 aeque
1068 1546 1174 1577 omnia
1188 1546 1329 1587 respicit.
1351 1546 1500 1587 quoniam
1513 1546 1609 1587 igitur
1630 1545 1677 1575 ita

202 1595 338 1627 mundus
360 1597 530 1639 dispositus
546 1603 604 1635 est,
622 1599 649 1629 si
662 1599 732 1640 quis
741 1599 896 1630 dictorum
912 1599 1080 1641 quicquam
1092 1609 1213 1631 sursum
1228 1610 1298 1631 esse
1314 1599 1428 1631 dixerit
1442 1600 1492 1630 vel
1518 1598 1676 1635 deorsum,

200 1659 265 1681 non
289 1651 403 1693 injuria
425 1662 527 1683 errare
556 1653 723 1684 videbitur.
752 1653 876 1684 medius
890 1654 976 1685 enim
990 1655 1076 1685 locus
1089 1655 1123 1685 in
1134 1655 1202 1695 ipso
1217 1664 1321 1696 neque
1333 1664 1454 1685 sursum
1467 1663 1572 1695 neque
1586 1653 1678 1684 deor·

201 1714 270 1735 sum
295 1704 358 1736 dici
373 1705 479 1742 debet,
495 1706 553 1737 sed
569 1707 704 1738 medius.
722 1707 808 1749 quod
819 1718 923 1739 rursus
936 1709 1075 1750 undique
1091 1709 1212 1745 circuit,
1234 1719 1338 1750 neque
1357 1708 1498 1740 medium
1513 1713 1560 1740 est
1569 1717 1674 1750 neque

199 1764 324 1800 partem
343 1760 379 1790 in
403 1771 437 1791 se
462 1761 559 1792 habet
574 1762 670 1792 aliam
690 1761 729 1792 ab
753 1762 816 1792 alia
838 1761 1050 1798 differentem,
1075 1762 1178 1803 quoad
1201 1763 1304 1804 ipsum
1329 1761 1480 1798 medium,
1496 1768 1530 1793 et
1543 1762 1672 1794 omnino

201 1813 352 1855 quicquid
373 1815 412 1845 sit
426 1826 444 1846 e
460 1816 589 1856 regione
607 1816 757 1847 locatum.
789 1816 819 1846 ei
835 1826 922 1852 vero,
939 1816 1023 1858 quod
1037 1817 1085 1847 sui
1100 1817 1198 1858 ipsius
1214 1817 1408 1848 simillimum
1431 1821 1491 1853 est,
1516 1817 1672 1848 contraria

201 1867 330 1898 nomina
349 1869 418 1910 jure
445 1870 550 1900 nullus
573 1871 733 1902 attribuet.
756 1871 782 1901 si
804 1871 878 1912 quid
906 1871 991 1902 enim
1015 1871 1150 1904 solidum
1172 1872 1463 1913 aequilibratumque
1479 1871 1512 1902 in
1534 1871 1673 1902 universi

201 1921 308 1953 medio
320 1924 371 1959 sit,
386 1923 426 1955 ad
450 1925 571 1955 nullam
585 1930 794 1956 extremorum
810 1932 934 1966 partem
948 1932 1076 1967 propter
1087 1926 1260 1967 perfectam
1271 1926 1409 1967 ipsorum
1431 1925 1671 1956 similimdinem

201 1974 376 2008 declinabit
391 1990 397 2007 :
424 1977 499 2020 [63]
529 1984 561 2009 at
572 1979 599 2009 si
611 1979 682 2021 quis
696 1979 779 2010 circa
790 1979 870 2010 illud
881 1980 1072 2017 obambulet,
1083 1991 1167 2022 saepe
1181 1980 1306 2011 sibimet
1314 1980 1430 2021 plantis
1440 1978 1535 2010 stabit
1544 1978 1670 2020 opposi-

200 2029 252 2065 tis,
268 2032 465 2073 eandemque
484 2033 568 2063 illius
588 2039 711 2074 partem
725 2039 792 2064 tum
807 2045 928 2065 sursum
940 2040 1007 2065 tum
1023 2035 1169 2066 deorsum
1183 2035 1319 2066 vocabit.
1348 2035 1455 2076 itaque
1478 2034 1671 2069 universum,

201 2085 465 2124 quemadmodum
486 2088 580 2128 paulo
601 2093 674 2118 ante
700 2087 847 2129 diximus,
863 2099 935 2119 cum
958 2090 998 2119 sit
1019 2090 1198 2126 rotundum,
1214 2090 1318 2120 locum
1338 2089 1453 2119 habere
1475 2087 1669 2128 superiorem

203 2143 258 2169 aut
271 2138 451 2170 inferiorem
474 2141 520 2172 vir
542 2141 681 2182 prudens
708 2143 837 2173 minime
855 2143 1029 2174 affirmabit.
1053 2143 1111 2173 sed
1127 2145 1210 2174 unde
1228 2143 1390 2174 nominata
1404 2148 1478 2172 sunt
1491 2142 1562 2178 ista,
1579 2147 1613 2171 et
1634 2141 1668 2171 in

204 2192 315 2232 quibus
338 2203 377 2224 ea
399 2194 515 2230 intuiti,
541 2205 578 2225 ex
603 2196 667 2226 illis
691 2195 732 2226 ad
747 2196 895 2227 mundum
913 2202 1012 2228 totum
1034 2198 1261 2237 transtulimus,
1276 2195 1451 2238 hujusmodi
1475 2194 1620 2236 quaedam
1634 2195 1670 2226 in

204 2246 313 2287 primis
325 2254 480 2288 ponentes
495 2249 732 2291 investigemus.
763 2251 788 2280 si
805 2251 874 2291 quis
888 2251 920 2281 in
937 2261 975 2281 ea
991 2251 1100 2281 mundi
1116 2252 1254 2292 regione,
1269 2261 1364 2292 quam
1379 2256 1413 2281 ut
1424 2249 1591 2291 plurimum
1603 2259 1668 2279 sor·

202 2301 279 2331 titus
290 2307 338 2332 est
351 2302 433 2343 ignis
448 2308 481 2333 et
499 2303 541 2334 ad
556 2314 650 2344 quam
667 2304 805 2345 undique
823 2305 929 2340 fertur,
943 2305 1090 2341 insideat,
1102 2307 1226 2346 vimque
1240 2305 1378 2346 aliquam
1392 2304 1600 2339 nanciscatur,
1614 2313 1672 2344 per

202 2365 297 2396 quam
311 2356 394 2396 ignis
409 2363 512 2398 partes
528 2357 657 2399 arripiat
669 2358 836 2399 libretque‚
853 2364 905 2389 aut
923 2359 975 2389 ubi
990 2360 1022 2389 in
1038 2365 1163 2389 staterae
1178 2359 1320 2390 lancibus
1333 2358 1510 2394 collocavit,
1525 2363 1560 2388 ut
1575 2357 1669 2388 deor-

201 2419 272 2440 sum
286 2409 320 2440 in
334 2409 517 2442 dissimilem
535 2411 720 2453 detorqueat
734 2413 840 2444 aerem
858 2424 864 2442 ε
891 2418 1013 2443 constat
1027 2414 1122 2454 plane
1145 2414 1298 2444 minorem
1313 2413 1395 2454 ignis
1409 2413 1585 2454 portionem
1599 2422 1668 2442 ma-

199 2462 261 2504 jori
279 2463 403 2495 facilius
415 2471 558 2496 coactum
570 2465 617 2496 iri.
639 2466 692 2496 ubi
703 2467 789 2497 enim
800 2466 861 2498 duo
871 2467 962 2498 simul
979 2478 1039 2497 uno
1049 2467 1157 2498 robore
1170 2466 1413 2508 suspenduntur,
1425 2467 1529 2497 minus
1539 2465 1667 2506 quidem

204 2518 316 2558 magis,
337 2519 408 2559 plus
423 2525 528 2550 autem
548 2519 652 2551 minus
667 2520 815 2551 inferenti
833 2522 895 2551 vim
920 2521 1016 2552 cedit.
1040 2528 1071 2552 et
1095 2532 1192 2552 unum
1207 2521 1335 2562 quidem
1350 2531 1443 2562 grave
1460 2519 1667 2560 deorsumque

199 2571 277 2607 ferri
293 2571 415 2609 dicitur,
442 2574 576 2605 alterum
592 2585 665 2605 vero
680 2585 800 2606 sursum
817 2585 852 2606 ac
876 2576 956 2606 leve.
979 2575 1062 2606 idem
1080 2576 1171 2607 nobis
1185 2582 1300 2606 terram
1316 2574 1527 2606 habitantibus
1538 2572 1667 2604 accidit.

199 2634 271 2655 nam
288 2631 376 2656 terrae
397 2627 495 2658 innixi
513 2638 631 2669 perque
648 2639 716 2660 earn
739 2629 919 2670 gradientes
935 2636 1059 2660 terrena
1081 2640 1197 2671 genera
1220 2630 1357 2661 invicem
1372 2637 1554 2670 separamus
1567 2633 1662 2668 atque

201 2677 433 2720 distinguimus,
460 2687 494 2713 et
508 2692 592 2723 saepe
605 2688 720 2714 terram
730 2683 763 2714 in
780 2682 966 2716 dissimilem
982 2684 1089 2716 aetem
1098 2685 1232 2726 jacimus
1247 2684 1401 2714 violenter
1415 2687 1589 2724 praeterque
1603 2691 1661 2712 na-

197 2737 310 2769 turam,
332 2744 416 2775 saepe
432 2740 537 2775 partes
553 2742 711 2778 utrasque,
737 2744 878 2779 cognatae
893 2744 1010 2768 naturae
1028 2739 1210 2780 participes.
1231 2738 1282 2768 hic
1299 2737 1402 2779 portio
1417 2736 1519 2767 minor
1538 2735 1665 2767 facilius

199 2796 294 2827 quam
313 2788 423 2828 major,
436 2788 477 2819 ad
492 2789 677 2822 dissimilem
692 2792 795 2823 locum
805 2792 902 2834 jacta,
918 2792 1003 2833 prius
1018 2793 1176 2824 violentiae
1189 2791 1274 2823 cedit
1287 2803 1293 2820 :
1318 2800 1449 2831 eamque
1466 2790 1569 2820 levem
1584 2800 1659 2831 cog-

195 2841 402 2877 nominamus,
425 2848 458 2873 et
477 2843 590 2880 locum,
617 2844 658 2875 ad
673 2856 766 2886 quem
788 2847 1016 2887 compellimus,
1032 2857 1152 2878 sursum
1168 2859 1173 2876 :
1199 2846 1385 2878 contrariam
1398 2845 1445 2875 his
1457 2844 1662 2876 affectionem

192 2905 283 2935 grave
299 2895 449 2938 quiddam
464 2902 557 2940 atque
571 2897 729 2932 deorsum.
760 2901 827 2934 haec
844 2901 950 2943 urique
967 2901 1092 2933 differre
1109 2901 1241 2933 invicem
1258 2900 1470 2932 necessarium
1491 2905 1550 2935 est,
1561 2907 1656 2941 prop-
