1840 3225
187 203 268 241 434
783 199 1046 240 PLATOle
1549 201 1648 253 [935

185 315 249 348 que
261 310 326 335 tam
341 305 553 346 ambigentem
568 314 661 347 quam
676 310 859 347 praesentes,
873 305 918 336 ita
931 311 967 337 ut
981 304 1068 336 omni
1083 304 1227 336 convicio
1238 313 1364 345 prorsus
1381 303 1550 336 abstineat.
1577 314 1650 335 cum

182 360 270 391 enim
281 358 339 390 sibi
352 359 489 390 invicem
503 360 608 391 verbis
620 360 762 401 turpibus
777 361 983 397 maledicunt,
1000 359 1171 390 muliebres
1186 358 1356 389 habentur:
1377 358 1474 401 [935]
1492 364 1529 389 et
1541 357 1652 400 impri-

184 414 244 444 mis
260 423 297 443 ex
315 414 433 451 verbis,
449 424 518 455 quae
534 421 619 445 certe
632 415 794 445 levissima
809 424 861 445 res
875 420 934 450 est,
951 414 1023 444 odia
1039 414 1223 455 gravissima
1237 419 1270 444 et
1283 413 1461 443 inimicitiae
1477 422 1563 453 saepe
1577 421 1653 443 nas·

186 473 310 499 cuntur.
322 468 462 508 profecto
474 469 528 510 qui
540 469 606 505 irae,
622 469 667 499 rei
682 469 809 510 penitus
824 469 955 510 ingratae
971 479 1092 499 morem
1108 468 1195 510 gerit,
1210 468 1374 509 ipsamque
1391 467 1481 508 quasi
1493 467 1654 497 alimentis

187 521 375 564 quibusdam
390 523 495 554 noxiis
509 524 627 564 explet,
644 523 683 561 is,
700 529 853 565 quantum
866 534 923 564 per
937 524 1140 565 disciplinam
1155 529 1251 554 antea
1276 523 1422 553 excultus
1446 521 1557 557 fuerat,
1581 525 1653 550 tan-

186 582 255 607 tum
280 577 480 608 exacerbatus
512 583 624 618 postea
653 578 838 609 iracundam
865 579 963 609 animi
991 583 1124 620 partem,
1155 577 1377 618 efferatusque,
1406 575 1569 607 difficilem
1594 573 1656 605 sibi

186 631 318 662 vivendi
334 630 437 662 reddit
451 631 617 669 rationem,
635 637 668 663 et
690 634 773 663 hanc
800 642 934 663 amaram
957 632 997 663 ab
1027 633 1073 663 ira
1101 632 1232 673 gratiam
1256 631 1399 672 suscipit.
1421 641 1459 661 ex
1488 630 1537 660 his
1563 637 1656 670 paene

187 694 297 715 omnes
313 686 352 715 ad
368 685 401 715 id
418 686 564 717 devenire
578 687 693 724 solent,
708 692 742 717 ut
759 685 924 717 ridiculum
949 686 1070 727 aliquid
1095 686 1127 716 in
1152 686 1363 716 adversarium
1390 685 1517 715 dicant:
1535 694 1597 725 qua
1620 683 1656 713 in

186 749 220 770 re
246 739 428 780 quicunque
444 750 476 770 se
492 741 672 777 assuefacit,
689 746 743 771 aut
754 741 853 772 bonos
868 751 971 772 mores
986 741 1113 782 penitus
1129 745 1182 770 aut
1203 739 1498 781 magnanimitatem
1519 737 1659 769 maxima

187 803 226 823 ex
243 798 331 834 parte
349 794 475 824 amittit.
497 795 697 835 quamobrem
713 805 807 825 nemo
823 796 857 826 in
871 796 991 836 templo
1007 794 1280 836 objurgationibus
1303 794 1353 824 his
1376 804 1516 835 unquam
1540 797 1661 828 utatur,

186 857 246 878 nec
262 847 315 877 ubi
331 849 455 888 publica
471 849 627 879 sacrificia
641 850 692 879 vel
709 850 884 880 certamina
899 855 1103 890 peraguntur,
1130 859 1190 879 nec
1215 849 1248 879 in
1273 858 1380 878 rerum
1401 848 1560 879 venalium
1578 846 1659 883 foro,

187 911 247 932 nec
262 901 441 942 injudicio,
458 907 512 933 aut
527 904 587 932 alio
613 903 725 943 quovis
747 909 828 934 coetu
852 903 1023 933 communi.
1046 912 1120 933 eum
1145 912 1230 938 vero,
1254 902 1308 942 qui
1332 902 1366 932 in
1388 903 1447 933 hoc
1475 901 1658 942 deliquerit,

188 956 389 996 magistratus
403 957 512 986 harum
527 967 631 986 rerum
647 967 766 1001 praeses
781 956 880 987 libere
896 956 1019 997 puniat.
1041 955 1126 996 quod
1150 956 1178 986 si
1202 966 1267 986 non
1289 956 1412 992 fecerit,
1437 955 1526 996 quasi
1551 956 1658 996 legum

187 1009 330 1051 proditor
359 1018 653 1051 praeceptorumque
682 1010 872 1051 legislatoris
899 1014 1021 1051 spretor
1050 1019 1211 1050 nunquam
1239 1010 1280 1040 ad
1315 1010 1436 1052 publici
1472 1008 1660 1051 cujusquam

188 1064 329 1094 muneris
344 1069 515 1101 certamen,
532 1065 622 1105 quasi
646 1065 685 1095 de
712 1065 827 1095 virtute
851 1068 1039 1100 certaturus,
1059 1064 1221 1095 ascendat.
1254 1064 1282 1095 si
1305 1064 1376 1106 quis
1401 1068 1507 1094 autem
1530 1063 1600 1094 aliis
1625 1063 1660 1094 in

184 1117 264 1148 locis
279 1117 451 1149 maledicto
475 1119 527 1149 vel
552 1118 756 1160 provocando
779 1119 831 1149 vel
852 1117 1075 1159 respondendo
1096 1123 1202 1149 utatur
1219 1129 1226 1150 ε
1247 1119 1428 1159 quicunque
1453 1118 1558 1149 senior
1577 1127 1659 1159 prae-

187 1182 262 1203 sens
278 1172 385 1209 fuerit,
403 1183 459 1214 pro
475 1174 582 1214 legum
595 1173 781 1204 defensione
798 1174 883 1204 hunc
900 1173 1054 1209 verberet,
1070 1178 1103 1203 et
1117 1183 1182 1209 eos,
1198 1173 1254 1214 qui
1275 1172 1322 1203 ira
1346 1173 1450 1203 alieno
1473 1172 1556 1203 malo
1581 1181 1658 1202 con-

186 1226 277 1257 citati
293 1233 376 1263 sunt,
392 1228 599 1268 comprimat:
629 1228 783 1269 alioquin,
799 1233 834 1258 ut
847 1226 1063 1269 praediximus,
1079 1227 1240 1268 puniatur.
1265 1227 1427 1258 neminem
1448 1232 1603 1268 praeterea
1624 1225 1657 1256 in

188 1281 237 1310 his
253 1282 405 1312 conviciis
421 1281 705 1323 dicacitatibusque
721 1282 839 1313 versari
855 1283 1053 1317 arbitramur,
1069 1281 1124 1322 qui
1138 1292 1202 1312 non
1232 1291 1317 1323 saepe
1340 1281 1509 1312 ridiculose
1538 1279 1658 1321 aliquid

188 1334 389 1375 obloquatur.
426 1340 520 1377 atque
547 1338 606 1368 hoc
634 1338 740 1378 ipsum
764 1342 824 1373 est,
849 1337 933 1377 quod
962 1337 1158 1372 damnarnuS‚
1186 1336 1313 1376 quando
1338 1345 1408 1366 cum
1435 1335 1482 1365 ira
1505 1334 1550 1366 fit.
1581 1333 1660 1376 quid

188 1398 284 1430 porro
298 1389 309 1419 ?
356 1389 599 1421 Comicorumne
615 1391 856 1432 satyrorumque
871 1391 952 1421 sales
968 1396 1001 1421 et
1015 1390 1185 1421 ridiculosa
1200 1390 1352 1426 convicia,
1378 1389 1488 1430 quibus
1511 1389 1662 1420 adversus

189 1443 274 1473 cives
292 1447 434 1479 utuntur,
451 1444 476 1474 si
494 1445 612 1485 absque
627 1445 675 1475 ira
702 1445 748 1475 sic
758 1444 936 1480 mordeant,
950 1444 1175 1475 admittemus?
1204 1454 1244 1474 an
1260 1443 1295 1474 id
1320 1443 1464 1474 bifariam
1486 1442 1660 1484 distingue—

188 1507 268 1533 mus,
283 1498 316 1527 in
334 1497 472 1537 jocosam
483 1504 516 1529 et
531 1499 643 1529 seriam
658 1499 856 1530 orationem?
885 1503 917 1529 et
927 1499 1000 1541 joco
1017 1499 1145 1540 quidem
1168 1498 1213 1529 uti
1238 1499 1342 1535 liccat,
1361 1498 1417 1535 sic,
1435 1504 1470 1529 ut
1492 1497 1661 1528 ridiculum

190 1551 312 1592 absque
332 1551 379 1582 ira
394 1551 540 1583 dicatur?
568 1554 727 1583 concitato
742 1563 817 1583 vero
834 1563 889 1594 per
904 1553 982 1583 iram
998 1554 1116 1589 animo,
1132 1553 1264 1589 nemini,
1282 1558 1317 1583 ut
1339 1558 1412 1583 ante
1435 1552 1582 1588 diximus,
1599 1552 1662 1583 tale

189 1605 269 1645 quid
286 1605 391 1636 dicere
407 1607 523 1637 liceat?
548 1608 607 1638 hoc
622 1608 719 1648 igitur
731 1608 819 1638 nullo
837 1607 928 1638 modo
944 1607 1187 1638 admittendum.
1203 1608 1254 1638 cui
1270 1618 1342 1638 vero
1359 1607 1456 1638 liceat
1470 1613 1503 1637 et
1517 1607 1570 1638 cui
1583 1617 1661 1643 non,

191 1659 262 1700 lege
273 1660 339 1701 jam
356 1659 591 1692 declarandum.
614 1662 718 1702 poetae
735 1663 855 1693 comico
867 1662 917 1692 vel
930 1662 1072 1692 iambicae
1088 1662 1257 1692 musicaeve
1272 1663 1419 1693 melodiae
1443 1662 1575 1697 auctori,
1600 1671 1661 1691 nec

189 1714 287 1745 verbo
302 1724 361 1745 nec
376 1715 514 1756 imagine
527 1716 576 1746 vel
591 1726 729 1757 persona
742 1717 887 1757 cuiquam
912 1716 1028 1747 civium
1051 1717 1218 1747 detrahere
1245 1717 1352 1752 liceat,
1374 1717 1439 1747 sive
1464 1716 1497 1746 iu
1521 1716 1568 1746 ira
1597 1716 1662 1746 sive

189 1768 306 1809 absque
324 1769 368 1799 ira
383 1769 490 1800 faciat.
506 1775 538 1800 et
553 1781 634 1806 eum,
651 1771 705 1811 qui
719 1775 826 1801 contra
841 1771 962 1807 fecerit,
980 1771 1035 1811 qui
1047 1770 1160 1801 dandis
1175 1771 1313 1812 praemiis
1325 1775 1474 1812 praesunt,
1485 1769 1596 1801 eodem
1610 1769 1662 1800 die

190 1823 427 1854 exterminent:
456 1823 553 1865 [936]
578 1825 669 1855 aliter
685 1825 784 1855 tribus
806 1825 901 1856 minis
916 1826 1121 1861 mulctentur,
1139 1825 1222 1861 Deo,
1238 1826 1272 1856 in
1287 1825 1375 1867 cujus
1389 1826 1540 1855 honorem
1561 1830 1663 1854 certa-

189 1882 259 1907 tum
275 1879 388 1914 fuerat,
406 1879 636 1909 consecrandis.
653 1879 766 1910 ceteris
778 1889 862 1917 vero,
892 1880 932 1910 de
957 1879 1067 1920 quibus
1091 1879 1344 1921 supradiximus,
1369 1879 1437 1910 sine
1462 1880 1509 1909 ira
1535 1884 1568 1909 et
1589 1889 1662 1909 cum

169 1930 262 1972 *joco
276 1932 445 1962 ridiculum
461 1933 581 1973 aliquid
597 1933 701 1964 dicere
719 1934 835 1964 liceat:
864 1934 946 1964 serio
974 1940 1079 1965 autem
1105 1939 1138 1965 et
1161 1945 1233 1964 cum
1260 1934 1306 1964 ira
1327 1944 1537 1976 nequaquam.
1570 1933 1664 1974 cujus

194 1985 241 2014 rei
256 1986 396 2026 cognitio
413 1987 589 2017 communis
601 1988 756 2028 juvenum
772 1988 951 2030 disciplinae
974 1989 1106 2019 curatori
1132 1989 1355 2019 committatur.
1379 1994 1412 2019 et
1440 1988 1523 2030 quod
1550 1987 1662 2029 proba-

188 2039 282 2075 verit,
298 2039 438 2080 proferre
451 2041 485 2070 in
499 2041 642 2074 medium
658 2043 752 2073 liceat
767 2054 772 2071 :
802 2042 888 2084 quod
903 2049 1009 2074 autem
1035 2043 1259 2084 reprobaverit,
1285 2043 1344 2074 hoc
1373 2052 1478 2084 neque
1506 2042 1577 2083 ipse
1605 2042 1665 2074 ulli

188 2103 330 2133 unquam
346 2095 503 2131 ostendat,
518 2106 623 2136 neque
638 2096 734 2126 alium
750 2097 815 2127 sive
832 2107 957 2128 servum
973 2098 1040 2127 sive
1057 2098 1191 2128 liberum
1203 2097 1328 2128 doceat.
1349 2097 1378 2128 si
1403 2102 1513 2128 contra
1540 2096 1663 2131 fecerit,

190 2156 306 2187 pravus
332 2148 500 2189 legumque
531 2156 729 2191 contemptor
758 2151 918 2181 habeatur.
940 2152 1127 2182 miserabilis
1158 2157 1275 2188 autem,
1307 2151 1339 2181 id
1369 2157 1420 2182 est
1448 2151 1665 2181 misericordia

190 2200 306 2242 dignus
324 2202 553 2233 existimandus
569 2209 626 2240 est,
644 2215 705 2234 non
723 2205 777 2244 qui
793 2205 876 2235 fame
890 2205 940 2235 vel
965 2215 1000 2234 re
1025 2205 1089 2235 alia
1113 2206 1291 2246 hujusmodi
1320 2205 1481 2246 premitur,
1509 2205 1565 2235 sed
1597 2205 1662 2245 qui,

190 2266 264 2286 cum
279 2262 462 2297 temperans
479 2257 522 2287 sit
535 2266 568 2288 et
583 2258 696 2289 virtute
712 2259 775 2289 alia
789 2260 838 2289 vel
852 2265 940 2299 parte
957 2260 1082 2289 virtutis
1097 2260 1138 2289 sit
1164 2259 1324 2300 praeditus,
1351 2259 1532 2290 calamitate
1557 2264 1663 2289 tamen

190 2309 231 2340 ad
259 2311 325 2341 haec
351 2311 458 2350 aliqua
473 2317 555 2342 sorte
571 2317 712 2343 vexatur.
734 2323 830 2353 quare
856 2313 968 2343 mirum
991 2313 1133 2354 profecto
1159 2315 1228 2349 erit.
1242 2314 1268 2344 si
1285 2313 1331 2344 vir
1358 2314 1430 2344 talis
1454 2322 1556 2354 usque
1582 2311 1664 2344 adeo

191 2365 358 2406 neglectus
373 2365 479 2402 suerit,
495 2371 540 2401 ut,
562 2367 628 2397 sive
642 2367 722 2397 liber
736 2377 792 2397 seu
809 2377 926 2403 servus,
942 2368 976 2398 in
991 2368 1118 2398 civitate
1134 2369 1295 2398 moderate
1320 2368 1491 2409 gubernata
1513 2368 1544 2398 in
1560 2373 1663 2398 extre.-

192 2429 274 2449 mam
291 2426 511 2460 paupertatem
527 2420 686 2452 deveniat.
710 2422 826 2452 iccirco
840 2431 903 2452 nou
919 2422 1036 2463 injuria
1051 2423 1214 2463 legislator
1228 2423 1325 2453 talem
1349 2422 1390 2453 de
1415 2422 1473 2453 hac
1495 2431 1530 2452 re
1558 2422 1662 2463 legem

191 2479 260 2503 tuto
276 2484 390 2514 ponere
402 2480 507 2515 potest
522 2487 528 2504 :
546 2475 661 2506 Nullus
671 2477 704 2506 in
717 2477 845 2507 civitate
859 2482 965 2507 nostra
976 2478 1143 2508 mendicus
1156 2478 1207 2508 sit.
1231 2477 1411 2518 quicunque
1426 2486 1498 2507 vero
1510 2476 1543 2506 id
1560 2481 1664 2506 tenta-

191 2529 273 2558 verit
286 2528 467 2569 victumque.
483 2530 731 2571 inexplebilibus
745 2531 888 2572 precibus
905 2532 1053 2573 colligere
1066 2532 1205 2573 coeperit,
1219 2542 1237 2562 a
1249 2542 1353 2562 rerum
1364 2531 1524 2561 venalium
1539 2536 1663 2561 curato-

191 2581 278 2612 ribus
296 2592 313 2612 e
329 2583 396 2613 foro
419 2584 564 2624 pellatur,
581 2585 620 2615 ab
637 2585 720 2615 :cdiii
733 2586 916 2627 magistratu
932 2596 970 2617 ex
988 2587 1062 2617 urbe
1079 2587 1233 2628 ejiciatur,
1249 2597 1285 2617 ex
1302 2593 1368 2616 tota
1383 2585 1521 2625 denique
1535 2584 1663 2624 regione

191 2636 233 2665 ab
249 2636 314 2676 agri
333 2637 513 2677 magistratu
530 2640 772 2679 exterminetur,
795 2646 828 2670 ut
852 2641 891 2671 ab
908 2640 1065 2682 ejusmodi
1091 2641 1218 2671 animali
1249 2640 1377 2670 omnino
1401 2639 1549 2669 universa
1576 2637 1664 2678 regio

191 2691 312 2720 munda
327 2691 380 2721 sit.
396 2692 423 2721 si
438 2701 547 2722 servus
562 2694 609 2723 vel
626 2704 716 2724 serva
732 2695 842 2725 alienae
860 2696 903 2725 rei
920 2695 1074 2731 offecerit,
1099 2696 1166 2725 sive
1194 2694 1354 2736 imperitia
1378 2702 1435 2723 seu
1456 2690 1663 2722 immoderato

189 2744 298 2785 aliquo
321 2755 378 2775 usu
396 2745 428 2774 id
455 2746 575 2783 fecerit,
601 2758 660 2778 nec
681 2749 735 2789 qui
760 2748 906 2779 damnum
933 2760 1043 2790 passus
1067 2756 1124 2786 est,
1149 2759 1275 2780 causam
1298 2747 1486 2789 praebuerit3
1516 2745 1664 2776 dominus

193 2798 263 2840 ejus
278 2804 332 2830 aut
347 2799 521 2831 satisfaciat
535 2807 588 2832 aut
605 2813 727 2833 servum
744 2813 906 2834 servamve
923 2804 980 2840 illi,
994 2804 1047 2845 qui
1062 2806 1214 2834 damnum
1231 2812 1343 2844 passus
1357 2807 1416 2835 est.
1442 2800 1556 2831 tradat.
1579 2799 1666 2847 quod

189 2853 215 2883 si
231 2853 391 2884 communi
406 2854 540 2895 quadam
562 2858 707 2888 nocentis
732 2858 943 2900 patientisque
970 2859 1096 2892 astutia,
1125 2864 1159 2888 ut
1177 2866 1283 2889 servus
1299 2856 1361 2887 sibi
1385 2855 1551 2890 auferatur,
1577 2852 1662 2884 δεῖνι

187 2907 335 2939 dominus
354 2908 473 2940 factum
490 2911 672 2947 contendat,
690 2913 729 2943 de
745 2913 874 2944 malitiae
899 2914 1028 2945 crimine
1051 2919 1123 2954 agat
1150 2912 1297 2943 adversus
1320 2920 1403 2946 eum,
1428 2909 1481 2951 qui
1504 2908 1543 2939 de
1570 2917 1661 2938 servu
