1840 3225
191 243 270 280 478
731 244 993 286 EPISTOLA
1023 247 1116 288 v11.
1561 249 1658 304 [323

196 343 252 374 diu
269 344 413 376 consueti
436 349 510 377 sunt
525 345 654 378 minime
669 347 772 379 malis.
794 353 986 390 quapropter
995 349 1069 381 illos
1083 348 1262 390 hujusmodi
1277 350 1413 392 quadam
1426 350 1569 393 indigere
1583 351 1658 385 dico

195 398 354 433 cautione,
370 409 410 430 ne
425 401 654 441 compellantur
667 411 774 432 veram
788 403 948 444 negligere
961 404 1147 444 sapientiam
1164 411 1196 434 et
1212 405 1379 436 humanam
1392 407 1472 437 hanc
1485 406 1657 437 necessari-

196 460 311 491 amque
337 452 526 494 sapientiam
550 454 632 495 plus,
658 465 752 496 quam
779 455 902 494 deceat,
918 458 1076 488 meditari.
1098 468 1200 489 rursus
1215 469 1288 490 vero
1304 469 1372 490 eam
1385 461 1488 501 ipsam
1501 460 1566 491 vim
1579 460 1659 491 mihi

195 505 323 536 videtur
337 506 484 537 Hermiae
498 509 642 549 inprimis
652 515 764 540 natura
777 519 877 551 usque
892 517 925 541 et
940 517 1005 542 arte
1021 518 1221 543 consecutus.
1246 513 1343 556 [323]
1369 514 1444 555 quid
1457 514 1551 555 igitur
1558 514 1632 545 dico
1645 514 1657 544 ?

195 559 345 600 equidem
373 560 476 593 Erasti
504 566 538 593 et
568 562 688 594 Corisci
718 568 867 605 expertus
894 565 993 606 magis
1022 575 1114 606 quam
1143 571 1189 602 tu,
1216 567 1368 598 confirmo
1391 567 1460 605 tibi,
1482 578 1502 599 ο
1516 567 1658 605 Hermia,

195 613 359 651 denuntio,
384 620 495 654 testor,
521 627 583 648 non
597 617 691 648 facile
706 619 808 659 magis
823 619 902 650 fidos
918 619 1062 650 homines
1079 620 1145 651 istis
1161 620 1301 651 finitimis
1316 631 1384 652 esse
1403 626 1433 652 te
1449 626 1658 663 reperturum.

193 667 250 697 tibi
265 667 372 709 itaque
387 671 526 707 consulo,
542 676 588 707 ut,
603 671 707 712 quoad
723 672 790 703 fieri
806 677 909 712 potest
923 683 959 703 ac
975 673 1065 712 licet,
1077 675 1161 704 omni
1173 674 1278 706 studio
1291 676 1347 707 hos
1360 675 1446 706 viros
1461 676 1656 717 complecta·

191 722 244 752 ris.
267 722 358 754 vobis
382 734 519 765 quoque,
545 736 563 755 ο
588 725 698 756 Eraste
720 731 753 756 et
776 727 914 762 Corisce,
930 728 1071 764 consulo,
1088 733 1123 758 ut
1135 728 1298 759 Hermiam
1314 729 1453 760 vicissim
1465 729 1658 771 suscipiatin,

192 780 349 807 certantes
369 783 478 809 mutuo
499 789 604 809 amore
631 784 663 810 et
677 779 841 816 beneficio,
857 790 920 811 uno
937 782 1070 812 maxime
1087 782 1233 813 amicitiae
1248 783 1333 813 nodo
1349 783 1471 814 vinciri.
1495 789 1527 813 at
1541 783 1570 814 si
1584 784 1656 825 quis

190 836 330 861 vestrum
361 832 612 874 conjunctionem
640 833 732 864 istam
758 834 927 865 dissolvere
953 834 1109 871 videatur,
1128 836 1217 876 (nam
1232 837 1370 867 humana
1385 836 1514 878 quidem
1530 837 1660 868 mobilia

190 885 281 924 sunt)
306 887 366 917 huc
393 886 433 916 ad
449 898 496 918 me
511 897 663 928 meosque
678 887 795 917 mittite
811 888 1039 918 accusatoriam
1049 888 1261 930 delinquentis
1276 889 1453 930 epistolam.
1479 895 1554 931 puto
1569 891 1656 921 enim

190 940 410 980 responsiones
433 945 565 976 nostras,
586 940 713 981 justitia
728 946 759 970 et
776 941 904 981 pudore,
918 941 980 971 nisi
995 941 1073 982 quid
1096 952 1245 983 magnum
1260 942 1370 979 subsit,
1385 944 1488 984 magis
1507 944 1605 981 omni,
1622 949 1659 975 ut

191 991 316 1029 dicitur,
331 993 546 1024 incantatione
561 1004 616 1024 vos
631 995 665 1024 in
681 994 843 1036 pristinam
859 995 1030 1025 amicitiam
1052 1000 1085 1025 et
1111 996 1365 1026 communionem
1379 997 1589 1037 copulaturas.
1610 997 1657 1029 ita

189 1046 213 1075 si
232 1046 490 1087 philosophemur
504 1059 613 1079 omnes
628 1059 746 1090 nosque
762 1055 794 1080 et
810 1060 874 1086 vos,
889 1054 1043 1091 quantum
1059 1051 1235 1081 valebimus
1246 1056 1278 1081 et
1292 1057 1432 1082 nostrum
1447 1051 1563 1093 cuique
1578 1062 1655 1083 con-

189 1099 333 1137 cedetur,
353 1106 422 1132 rata
445 1103 512 1133 haec
536 1104 633 1133 modo
648 1103 736 1134 edita
750 1103 877 1134 oracula
890 1104 1104 1134 servabuntur.
1128 1105 1210 1145 quod
1226 1105 1252 1134 si
1268 1106 1328 1135 ista
1341 1105 1551 1146 negligamus,
1573 1105 1653 1136 nihil

187 1155 338 1195 equidem
364 1156 519 1196 profabor.
541 1166 634 1187 omen
655 1167 793 1199 namque
807 1157 922 1188 bonum
935 1158 1024 1189 vobis
1040 1158 1194 1200 praedico,
1210 1164 1305 1199 atque
1320 1159 1476 1190 vaticinor
1488 1160 1556 1190 haec
1572 1158 1656 1190 bona

186 1209 294 1239 omnia
309 1220 364 1239 vos
377 1210 420 1240 ita
432 1210 556 1241 demum
573 1221 641 1241 esse
656 1211 801 1247 facturos,
833 1212 857 1242 si
885 1211 975 1242 Deus
991 1213 1139 1244 voluerit.
1162 1213 1243 1243 hanc
1258 1222 1334 1243 vero
1349 1213 1512 1254 epistolam
1528 1223 1547 1243 a
1561 1213 1654 1244 vobis

186 1262 285 1293 tribus
299 1263 390 1293 simul
406 1265 574 1304 legendam
589 1275 705 1296 censeo
725 1277 730 1295 :
754 1271 809 1296 aut
823 1266 934 1296 saltem
952 1267 1076 1297 duobus
1100 1276 1163 1296 una
1186 1266 1366 1307 legentibus
1389 1271 1422 1297 et
1447 1276 1530 1307 saepe
1555 1267 1653 1297 etiam

185 1317 404 1356 repetentibus
419 1329 425 1347 :
449 1318 665 1360 utendumque
677 1320 766 1350 vobis
781 1325 874 1361 pacto
890 1325 922 1350 et
937 1321 1008 1361 lege
1025 1325 1120 1356 certa,
1135 1320 1229 1351 etiam
1249 1320 1464 1362 jurejurando,
1479 1325 1517 1350 ut
1530 1330 1654 1361 aequum

187 1375 246 1406 est,
258 1370 457 1412 interposito,
468 1382 533 1403 non
545 1373 613 1403 sine
625 1374 762 1415 eleganti
774 1374 880 1404 studio
891 1380 985 1415 atque
995 1374 1091 1415 hujus
1099 1374 1195 1405 studii
1203 1384 1305 1404 sorore
1313 1374 1494 1415 disciplina,
1505 1375 1654 1406 testando

186 1423 303 1460 Deum,
330 1435 432 1456 rerum
459 1427 598 1457 omnium
614 1426 728 1458 ducem
743 1429 946 1468 praesentium
961 1435 993 1459 et
1008 1428 1192 1464 futurarum,
1208 1438 1245 1459 ac
1258 1429 1347 1459 ducis
1362 1434 1395 1458 et
1409 1438 1514 1459 causae
1527 1433 1650 1469 patrem

186 1477 358 1509 dominum.
381 1490 485 1520 quem,
509 1481 535 1510 si
561 1491 632 1511 vere
661 1482 930 1522 philosophemur,
961 1491 1185 1524 cognoscemus
1211 1487 1319 1523 aperte
1346 1492 1466 1521 omnes,
1493 1487 1653 1524 quatenus

185 1532 288 1564 felicis
303 1531 438 1565 hominis
453 1539 567 1565 natura
578 1540 684 1576 potest
698 1535 864 1576 attingere.

853 1728 976 1778 Vll.

288 1851 434 1886 PLATO
460 1852 619 1884 DIONIS
643 1853 928 1890 PROPINQUIS
959 1852 1015 1883 ET
1039 1851 1197 1884 AMICIS
1222 1852 1343 1884 BENE
1365 1851 1535 1886 AGERE.

182 1949 395 1981 Scn11’s1srxs
418 1950 497 1981 mihi
525 1961 655 1982 censere
678 1961 735 1981 vos
754 1951 887 1982 eandem
911 1956 1053 1980 mentem
1076 1950 1111 1980 in
1133 1950 1299 1990 republica
1321 1961 1392 1982 esse
1405 1950 1496 1981 vobis
1520 1961 1649 1983 conser-

183 2002 332 2039 vandam,
344 2013 439 2044 quam
453 2004 539 2034 Dion
548 2005 727 2035 habuisset:
755 2015 866 2046 meque
879 2005 998 2045 rogatis
1009 2004 1041 2034 in
1052 2004 1307 2034 communionem
1318 2004 1483 2042 accedere,
1495 2012 1646 2046 quantum

181 2056 278 2086 verbo
291 2057 437 2099 factoque
450 2059 567 2090 virium
577 2059 721 2090 habeam.
746 2059 842 2100 [324]
868 2069 927 2100 ego
939 2063 1053 2094 autem,
1064 2058 1092 2088 si
1105 2067 1175 2088 eam
1187 2058 1379 2089 voluntatem
1389 2058 1648 2101 opinionemque,

182 2119 278 2150 quam
307 2110 361 2141 ille
389 2112 509 2148 habuit,
539 2113 675 2149 habetis,
699 2113 854 2143 assentior
880 2112 968 2142 vobis
992 2118 1026 2142 et
1047 2112 1081 2142 in
1108 2112 1358 2143 communionem
1374 2112 1513 2144 accedo:
1538 2113 1566 2144 si
1581 2124 1647 2144 non

180 2164 314 2200 habetis,
330 2164 370 2194 de
387 2175 427 2195 ea
440 2176 474 2195 re
491 2166 734 2196 consultandum
750 2166 846 2196 etiam
859 2171 953 2206 atque
971 2165 1068 2196 etiam
1079 2165 1163 2196 dico.
1185 2176 1255 2206 quae
1268 2176 1342 2196 vero
1353 2167 1451 2197 fuerit
1459 2167 1544 2198 illius
1559 2177 1646 2198 mens

180 2223 276 2258 atque
292 2219 450 2260 voluntas,
464 2229 529 2249 non
545 2226 581 2250 ut
595 2219 790 2260 conjectans,
807 2219 864 2249 sed
877 2224 1029 2260 tanquam
1044 2220 1146 2250 sciens
1156 2219 1271 2250 referre
1283 2230 1426 2261 possum.
1447 2221 1575 2261 quando
1585 2231 1646 2262 ego

179 2273 317 2312 primum
331 2273 502 2314 Syracusas
518 2274 678 2314 profectus
693 2284 771 2309 sum,
788 2283 888 2303 annos
905 2273 1028 2303 circiter
1043 2273 1251 2313 quadraginta
1266 2274 1367 2304 :etatis
1381 2284 1491 2314 agens,
1507 2274 1594 2305 Dion
1611 2274 1643 2306 in

180 2336 218 2355 ea
244 2332 312 2356 erat
336 2332 442 2364 aetate,
469 2338 530 2368 qua
554 2338 638 2359 nunc
664 2328 883 2368 Hipparinus:
909 2332 941 2357 et
965 2327 997 2356 in
1022 2337 1070 2362 ea,
1093 2337 1156 2367 qua
1169 2332 1245 2357 tunc
1260 2332 1337 2362 erat,
1352 2327 1502 2368 opinione
1518 2337 1644 2369 semper

178 2381 400 2420 perseveravit,
415 2382 624 2423 Syracusanos
640 2387 756 2422 putans
771 2381 836 2412 fore
853 2381 972 2412 liberos
987 2387 1132 2422 oportere
1147 2387 1243 2422 atque
1256 2381 1383 2422 optimis
1396 2382 1521 2422 legibus
1530 2382 1647 2423 guber·

178 2434 256 2464 nari.
278 2435 385 2475 itaque
417 2446 479 2465 non
511 2441 596 2466 esset
624 2435 812 2471 mirandum,
843 2435 868 2465 si
900 2436 971 2476 quis
1001 2435 1146 2465 Deorum
1177 2436 1260 2466 hunc
1289 2435 1323 2466 in
1352 2434 1464 2466 eadem
1492 2435 1644 2476 opinione

178 2488 361 2528 reipublicae
378 2489 588 2529 gubernandae
603 2490 662 2530 ipsi
677 2489 929 2520 consentientem
944 2489 1152 2530 praestitisset.
1175 2499 1237 2530 qua
1253 2499 1327 2519 vero
1338 2489 1460 2519 ratione
1483 2487 1517 2519 id
1546 2488 1645 2520 fuerit

179 2540 370 2578 faciendum,
387 2542 546 2583 dignares
563 2551 623 2582 est,
640 2553 709 2584 quae
725 2551 758 2574 et
771 2544 839 2574 seni
856 2548 888 2574 ct
898 2543 1009 2584 juveni
1025 2542 1180 2573 audiatur.
1205 2543 1344 2574 conabor
1358 2548 1475 2580 autem,
1490 2543 1641 2584 quoniam

179 2604 317 2634 praescns
346 2600 471 2637 tempus
499 2597 532 2627 id
563 2598 677 2638 poscit,
708 2607 774 2627 rem
805 2607 928 2628 omnem
965 2607 983 2627 a
1012 2597 1168 2637 principio
1197 2596 1286 2626 vobis
1314 2596 1439 2628 referre.
1486 2595 1643 2638 Equidem

179 2647 364 2678 adolescens
378 2649 453 2679 dum
467 2660 578 2687 essem,
595 2651 728 2680 eandem
743 2661 834 2692 quam
852 2651 992 2691 plerique
1008 2650 1103 2681 habui
1118 2651 1337 2691 cupiditatem.
1358 2655 1528 2680 statueram
1542 2649 1641 2687 enim,

178 2711 249 2731 cum
265 2702 396 2742 primum
412 2704 476 2733 mei
491 2704 592 2744 ipsius
608 2714 736 2745 compos
752 2705 854 2735 sactus
870 2714 983 2740 essem,
1000 2705 1040 2734 ad
1054 2704 1279 2745 rempublicam
1306 2714 1358 2734 me
1382 2703 1534 2735 conferre.
1555 2704 1640 2735 inte-

176 2755 235 2786 rim
260 2755 338 2785 talia
359 2757 504 2795 quaedam
525 2757 607 2787 circa
631 2758 858 2799 rempublicam
882 2758 1091 2799 contigerunt.
1114 2769 1184 2788 nam
1212 2768 1283 2788 cum
1307 2767 1444 2799 praesens
1459 2757 1640 2798 reipublice

176 2813 277 2839 status
292 2818 311 2839 a
339 2809 446 2839 multis
471 2810 707 2851 improbaretur,
724 2818 835 2842 secuta
853 2812 986 2842 mutatio
1012 2818 1071 2842 est.
1093 2818 1170 2843 tunc
1186 2822 1267 2842 unus
1282 2817 1315 2842 et
1337 2810 1567 2852 quinquaginta
1581 2812 1642 2843 viri

177 2862 434 2902 gubernationem
451 2865 648 2904 arripuerunt
666 2877 672 2894 :
697 2866 807 2896 horum
821 2865 970 2896 undecim
983 2865 1017 2896 in
1034 2866 1122 2902 urbe,
1140 2866 1250 2897 decem
1272 2875 1345 2896 vero
1366 2865 1400 2895 in
1417 2864 1520 2895 Piraeo
1535 2864 1638 2896 soren-

177 2916 256 2947 sium
284 2917 532 2958 urbanarumqut¹
562 2929 664 2950 rerum
693 2919 994 2951 administrationem
1020 2920 1187 2951 habebant.
1213 2919 1269 2950 sed
1297 2929 1394 2960 pcncs
1409 2918 1539 2958 triginta
1555 2918 1638 2950 viros
