1840 3225
180 200 278 251 784]
635 198 708 237 DE
740 195 970 235 LEGIBUS
1003 195 1101 235 LlB.
1131 195 1201 233 Vl.
1571 193 1647 230 363

175 309 267 334 antur
281 307 314 334 et
343 303 467 334 dolores
495 300 641 334 contrarii
665 300 846 331 divitentur.
871 298 969 340 [783]
994 297 1086 328 tertia
1119 307 1190 327 vero
1223 294 1312 327 nobis
1341 294 1517 336 indigentia
1531 293 1644 335 ingens

173 360 206 389 et
221 357 378 400 cupiditas
406 356 596 391 acutissima,
623 365 693 397 quae
721 354 760 384 ad
790 352 1048 395 propagationem
1073 351 1196 392 generis
1222 351 1317 386 inest,
1333 350 1488 392 posterius
1514 348 1643 390 quidem

172 412 356 449 innascitur,
371 411 428 442 sed
449 409 667 442 ardentissimo
694 409 798 439 furore
825 412 857 437 et
883 407 1022 437 maxima
1047 405 1225 447 petulantia
1248 405 1392 436 homines
1407 405 1468 435 urit
1485 409 1517 434 et
1532 403 1642 444 agitat.

172 466 206 497 hi
233 472 296 498 tres
321 467 430 502 morbi,
457 466 496 496 ad
522 464 554 495 id
582 463 667 505 quod
686 461 950 506 jucundissimum
976 460 1092 491 dicitur
1115 460 1284 500 rapientes,
1300 459 1339 489 ab
1365 469 1403 489 eo
1430 459 1468 489 ad
1497 458 1528 488 id
1555 458 1640 499 quod

173 521 328 563 optimum
350 525 408 556 est,
435 519 533 550 tribus
558 518 702 548 maximis
729 517 821 547 rebus
852 515 995 546 vertendi
1023 521 1108 550 sunt,
1135 515 1256 549 timore,
1284 514 1366 553 lege,
1393 523 1467 542 vera
1494 511 1638 543 ratione:

174 575 358 616 quibuscum
388 574 492 604 Musae
523 577 556 602 et
587 572 642 602 Dii
672 570 828 602 certatorii
854 569 1071 603 adhibeantur,
1099 573 1133 598 ut
1162 568 1388 598 incrementum
1420 571 1452 596 et
1479 566 1639 596 affluentia

175 630 236 660 hoc
251 635 344 670 pacto
368 627 616 668 exstinguantur.
639 624 890 667 procreationem
916 617 1046 664 quidem
1070 623 1236 653 liberorum
1255 626 1326 662 post
1339 620 1468 661 nuptias
1481 620 1641 650 collocare

174 683 337 714 debemus.
358 686 430 724 post
454 681 553 722 ipsam
581 690 652 710 vero
681 679 933 721 procreationem
957 677 1175 708 educationem
1202 681 1235 706 et
1262 675 1475 716 disciplinam.
1497 673 1542 704 sic
1558 673 1640 704 enim

170 736 286 772 forsan,
301 735 493 777 procedente
518 734 673 770 oratione,
689 734 740 764 lex
765 743 899 774 quaeque
924 732 958 762 in
983 731 1087 772 priora
1114 740 1288 772 progressa,
1303 730 1337 760 in
1365 727 1641 759 commessationes

171 789 309 831 denique
323 789 525 831 perducetur,
550 789 678 830 quando
698 789 730 819 in
756 793 855 818 coetus
881 792 913 817 et
940 785 1176 817 communiones
1191 783 1369 827 hujusmodi
1385 782 1616 824 pervenerimus
1633 793 1638 810 :

171 848 267 885 atque
290 849 393 875 utrum
421 845 496 875 viris
522 844 604 886 solisv
621 854 660 873 an
689 843 783 873 etiam
811 841 993 872 mulien'bus
1020 842 1068 871 hae
1095 840 1332 871 communiones
1360 837 1553 878 imperandae
1567 836 1642 872 sint,

168 902 245 929 tunc
271 898 397 939 planius
423 897 665 939 conspiciemus,
692 907 762 927 cum
789 895 917 938 propius
947 894 1195 926 accesserimus:
1220 899 1252 923 et
1278 903 1347 934 quae
1372 892 1446 922 illas
1460 889 1640 932 praecedere

170 951 301 988 debent,
327 950 462 984 necdum
486 953 557 993 lege
585 951 739 993 disposita
763 955 846 987 sunt,
862 961 951 980 suum
979 948 1101 990 digesta
1124 948 1158 979 in
1174 947 1327 983 ordinem,
1344 946 1421 988 ipsis
1435 944 1641 988 praeposueri-

173 1016 254 1037 mus.
275 1007 322 1038 ita
347 1017 433 1043 sane,
450 1012 484 1037 ut
508 1005 603 1037 modo
628 1005 783 1041 dicebam,
805 1004 1080 1035 commessationes
1106 1002 1228 1034 acutius
1252 1001 1466 1043 inspiciemus,
1493 999 1642 1030 conveni-

170 1062 369 1102 entioresque
397 1062 438 1091 de
466 1061 530 1091 illis
558 1060 645 1101 leges
676 1059 842 1090 trademus.
887 1057 965 1089 (ἔω.
989 1058 1075 1089 Scite
1104 1057 1254 1098 loqueris.
1298 1056 1438 1087 Arm-m.
1460 1053 1639 1084 Teneamus

170 1114 278 1157 itaque
293 1115 538 1157 memoria,quae
563 1114 656 1145 modo
681 1113 768 1144 dicta
796 1118 878 1144 sunt.
901 1113 980 1143 sorte
1005 1113 1087 1143 enim
1115 1112 1186 1142 usui
1212 1110 1304 1142 nobis
1331 1108 1520 1151 quandoque
1536 1112 1640 1138 erunt.

170 1169 248 1202 Cu.
273 1170 354 1207 Quae
382 1170 521 1200 tenenda
545 1168 664 1210 jubes?
713 1167 851 1198 Arnen.
874 1166 931 1202 Ea,
947 1177 1017 1207 quae
1046 1166 1230 1207 cibi,potus
1259 1164 1446 1204 venerisquo
1475 1161 1638 1192 vocabulis

169 1224 409 1265 appellavimus.
456 1222 533 1254 Cu,
556 1223 628 1253 Fiet
656 1223 797 1258 omnino,
814 1222 939 1262 hospes,
954 1226 990 1250 ut
1015 1220 1120 1262 jubes.
1166 1219 1306 1250 Arnim.
1328 1218 1481 1249 Praeclare
1497 1215 1636 1258 quidem.

166 1278 224 1308 sed
238 1278 398 1308 veniamus
411 1278 451 1308 ad
465 1287 531 1307 rem
546 1276 738 1318 sponsalem,
755 1281 789 1306 et
802 1285 953 1316 sponsum
968 1285 1004 1305 ac
1020 1284 1178 1315 sponsam,
1196 1272 1352 1316 quomodo
1367 1271 1456 1302 liberi
1471 1280 1639 1312 procrean-

169 1331 204 1362 di
219 1337 302 1363 sunt.
325 1332 495 1363 doceamus
509 1343 515 1361 τ
541 1342 588 1367 ac,
605 1331 664 1361 nisi
681 1330 936 1371 persuaserimus,
951 1330 1054 1370 legum
1083 1328 1280 1370 quarundam
1302 1326 1459 1368 positione
1476 1325 1638 1355 minemur.

169 1385 247 1417 Cu.
265 1386 338 1423 Quo
352 1391 446 1428 pacto
462 1386 472 1416 ?
496 1385 637 1416 Arium.
659 1385 806 1425 Cogitate
823 1383 951 1415 omnino
970 1394 1106 1424 sponsus
1122 1389 1155 1413 et
1170 1393 1288 1424 sponsa
1319 1381 1448 1414 debent.
1466 1390 1528 1422 quo
1541 1385 1637 1420 pacto

168 1450 261 1482 quam
287 1440 514 1481 pulcherrimos
539 1446 571 1470 et
594 1439 730 1481 optimos
756 1439 878 1470 civitati
901 1439 1015 1469 liberos
1039 1438 1180 1479 poterint
1204 1446 1377 1479 procreare.
1402 1445 1511 1465 omnes
1533 1439 1637 1464 autem

166 1494 322 1531 homines,
337 1495 391 1537 qui
407 1494 615 1526 communiter
642 1492 763 1535 aliquid
793 1502 970 1535 operantur,
988 1493 1241 1533 quandocunque
1266 1496 1297 1522 et
1322 1489 1364 1521 ad
1393 1500 1426 1520 se
1452 1489 1591 1519 invicem
1606 1494 1639 1519 et

164 1559 244 1590 opus
273 1549 377 1590 ipsum
406 1549 575 1579 intendunt
603 1549 753 1584 animum,
785 1548 865 1578 bene
896 1554 931 1578 et
955 1548 1086 1588 pulchre
1114 1547 1220 1577 omnia
1248 1545 1393 1576 faciunt:
1427 1544 1452 1574 si
1481 1553 1557 1573 vero
1589 1542 1638 1572 vel

167 1613 231 1634 non
247 1603 415 1635 habuerint
445 1609 583 1633 mentem
598 1603 648 1632 vel
675 1613 738 1632 non
765 1602 975 1638 adhibuerint,
993 1607 1111 1632 contra.
1134 1610 1229 1642 quare
1260 1610 1393 1640 sponsus
1423 1599 1462 1628 ad
1491 1607 1640 1639 sponsam

168 1658 481 1699 procreationemque
497 1657 667 1687 liberorum
682 1657 818 1686 animum
842 1661 941 1687 vertat
959 1668 966 1685 ε
992 1662 1024 1686 et
1037 1666 1151 1697 sponsa
1166 1655 1308 1685 similiter
1323 1654 1362 1684 ad
1381 1663 1528 1693 sponsum
1544 1657 1639 1693 atque

168 1713 210 1742 ad
237 1723 338 1754 opus:
365 1712 394 1742 in
427 1722 465 1743 eo
493 1718 634 1752 tempore
665 1711 836 1752 praecipue,
868 1721 930 1752 quo
958 1709 1061 1741 adhuc
1088 1720 1154 1740 non
1184 1714 1371 1751 genuerunt.
1401 1706 1498 1748 [784]
1529 1706 1639 1736 harum

166 1776 273 1797 rerum
285 1776 392 1797 curam
417 1767 556 1797 habeant
586 1765 741 1801 mulieres,
758 1764 822 1796 sive
851 1766 957 1806 plures
981 1775 1038 1795 seu
1062 1764 1236 1805 pauciores,
1251 1768 1345 1805 prout
1369 1761 1525 1803 placuerit
1550 1760 1639 1802 prin-

167 1820 301 1861 cipibus,
330 1821 453 1851 electae.
475 1831 546 1862 quae
573 1820 717 1862 quotidie
746 1820 781 1850 in
812 1820 942 1850 Lucinae
980 1824 1219 1860 congregentur,
1250 1817 1373 1848 tertiam
1404 1817 1487 1846 horae
1519 1820 1636 1856 partem

168 1880 424 1906 commoraturae:
449 1880 544 1916 atque
559 1874 604 1905 ibi
631 1874 700 1905 aliis
727 1874 797 1905 aliae
823 1874 982 1914 nuntient,
999 1873 1025 1904 si
1047 1883 1144 1914 quern
1171 1873 1272 1903 virum
1282 1871 1485 1902 mulieremve
1500 1869 1639 1905 illorum,

168 1929 224 1969 qui
241 1929 429 1960 matrimonii
443 1929 559 1970 copula
574 1929 692 1959 astricti
718 1928 870 1969 gignendi
892 1928 1010 1958 habent
1035 1927 1230 1962 facultatem,
1248 1926 1309 1957 alio
1323 1924 1488 1956 intendere
1502 1923 1640 1954 animum

168 1982 297 2014 videant
309 1993 405 2025 quam
421 1983 462 2014 ad
476 1994 524 2019 ea,
539 1993 609 2024 quae
625 1983 658 2013 in
684 1983 848 2014 sacrificiis
876 1982 1057 2024 nuptiarum
1079 1982 1168 2024 jussa
1181 1981 1318 2012 fuerunt.
1341 1978 1518 2021 procreatio
1534 1983 1640 2009 autem

167 2037 337 2068 liberorum
353 2043 387 2068 et
413 2047 530 2073 eorum,
548 2038 603 2079 qui
628 2037 677 2068 illi
704 2042 830 2074 vacant,
846 2037 1021 2068 observatio
1051 2036 1239 2067 decennium
1266 2045 1331 2065 non
1356 2033 1498 2069 excedat,
1514 2033 1641 2074 quando

167 2091 251 2122 adsit
280 2092 449 2133 generandi
477 2091 675 2123 foecunditas.
705 2091 732 2122 si
761 2103 831 2133 quae
862 2092 901 2122 ad
933 2091 963 2121 id
993 2097 1117 2132 tempus
1144 2089 1334 2121 infoecundae
1364 2088 1642 2130 perseveraverint,

166 2146 300 2177 consilio
330 2157 399 2177 cum
426 2146 611 2188 propinquis
634 2151 668 2176 et
693 2145 875 2176 mulieribus
899 2146 1007 2176 harum
1036 2155 1134 2176 rerum
1163 2143 1368 2176 curatricibus
1394 2142 1513 2179 habim,
1549 2147 1643 2184 prout

167 2201 366 2232 commodum
396 2201 533 2242 utrisque
565 2205 623 2237 est,
640 2200 867 2242 disjungantur.
892 2199 919 2230 si
945 2210 1009 2241 qua
1024 2210 1097 2231 vero
1125 2200 1165 2230 de
1183 2199 1345 2239 utriusque
1366 2197 1541 2228 commodis
1558 2196 1640 2227 acci-

169 2254 250 2286 derit
264 2255 436 2291 altercatio,
452 2256 562 2286 decem
581 2254 621 2286 de
652 2255 761 2296 legum
789 2253 972 2286 custodibus
998 2254 1128 2290 delecti,
1144 2264 1232 2296 quos·
1250 2253 1311 2295 ipsi
1328 2251 1494 2288 voluerint,
1510 2261 1642 2292 cognos-

167 2314 253 2340 cant.
275 2308 332 2340 sed
347 2314 380 2340 et
393 2309 537 2340 mulieres
551 2309 639 2350 ipsae,
649 2309 802 2350 juvenum
834 2308 944 2340 domos
959 2309 1116 2350 ingressae,
1136 2308 1246 2350 partim
1259 2306 1389 2337 monitis
1403 2306 1519 2346 partim
1533 2305 1640 2342 minis,

170 2362 210 2394 ab
225 2363 348 2394 inscitia
359 2364 442 2405 ipsos
456 2369 488 2394 et
503 2363 620 2395 delicto
639 2363 812 2405 depellant.
835 2363 919 2406 quod
935 2364 960 2394 si
973 2367 1142 2405 nequeant,
1160 2363 1266 2404 legum
1280 2360 1463 2392 custodibus
1480 2359 1642 2396 nuntient,

168 2423 263 2459 atque
278 2417 326 2448 illi
340 2417 374 2448 id
388 2423 509 2449 curent.
533 2419 586 2459 qui
603 2418 630 2448 si
645 2418 809 2460 prohibere
839 2428 903 2449 non
930 2419 1101 2460 potuerint,
1115 2428 1180 2448 rem
1211 2416 1252 2447 ad
1267 2415 1422 2458 populum
1438 2414 1592 2450 deferant,
1607 2420 1642 2445 et

167 2472 294 2514 scriptis
319 2472 488 2502 errantium
514 2471 702 2508 nominibus,
715 2472 920 2515 jurejurando
952 2473 1105 2503 affirment
1134 2481 1168 2502 se
1198 2470 1266 2501 illos
1291 2469 1437 2500 meliores
1457 2469 1560 2499 facere
1575 2479 1640 2499 nun

167 2526 320 2568 potuisse.
363 2525 406 2556 Et
428 2526 480 2567 qui
505 2527 621 2567 scripto
637 2527 759 2557 delatus
773 2533 832 2564 est,
846 2527 908 2558 nisi
924 2532 1124 2558 accusatores
1141 2524 1324 2560 convicerit,
1341 2524 1466 2554 infamis
1494 2524 1534 2554 sit
1548 2535 1554 2553 ι
1579 2534 1639 2554 nec

170 2580 291 2622 nuptiis
318 2580 582 2622 procreandisque
608 2580 711 2612 liberis
740 2581 872 2612 ulterius
902 2580 957 2612 det
984 2590 1123 2622 operam.
1155 2590 1191 2611 ac
1221 2579 1248 2610 si
1276 2578 1310 2609 id
1336 2579 1515 2615 tentaverit,
1548 2578 1644 2609 liceat

171 2635 303 2666 cuilibet
317 2634 438 2666 caedere
467 2636 570 2676 ipsum
598 2634 739 2676 impune.
784 2635 913 2667 Eaedem
945 2635 1008 2666 sint
1022 2641 1056 2666 et
1081 2634 1245 2665 mulierum
1262 2643 1374 2674 poenae.
1396 2638 1542 2674 expertes
1557 2632 1642 2663 enim

171 2689 368 2721 muliebrium
394 2689 511 2731 degant
536 2690 708 2720 honorum:
734 2699 793 2721 nec
811 2690 852 2720 ad
879 2690 1005 2731 nuptias
1032 2694 1201 2731 partusque
1227 2687 1392 2719 liberorum
1406 2686 1548 2729 profecto
1565 2686 1643 2717 reci-

172 2743 311 2785 piantur,
326 2745 353 2775 si
368 2744 399 2775 in
410 2743 570 2785 judicium
601 2745 756 2775 arcessitae
781 2743 937 2775 damnatae
965 2744 1063 2774 etiam
1085 2743 1212 2774 suerint.
1235 2742 1272 2778 si,
1288 2746 1453 2783 postquam
1469 2739 1643 2771 secundum

171 2797 258 2838 leges
272 2797 352 2829 filios
382 2804 595 2840 procrearunt,
612 2798 721 2829 alienae
751 2799 914 2840 quisquam
944 2798 1032 2829 uxori
1061 2797 1271 2839 conjungitur,
1288 2796 1336 2827 vel
1352 2795 1462 2827 mulier
1490 2795 1565 2831 viro,
1581 2793 1645 2824 illis

173 2851 295 2882 scilicet
306 2851 408 2883 adhuc
436 2852 668 2894 generantibus,
684 2853 784 2894 poeuis
815 2852 935 2884 eisdem
966 2851 1163 2894 subjaceant,
1178 2851 1291 2894 quibus
1319 2855 1352 2881 et
1366 2849 1442 2880 dum
1458 2849 1517 2890 ipsi
1532 2849 1642 2890 gigne-

171 2905 258 2937 bant.
277 2905 334 2938 sed
358 2906 416 2938 viri
445 2912 478 2938 et
509 2907 666 2944 mulieres,
684 2913 756 2949 post
790 2907 955 2940 liberorum
985 2906 1235 2949 procreationem
1263 2910 1347 2937 caste
1378 2905 1532 2941 viventes,
1549 2904 1579 2934 in
1596 2902 1644 2933 his
