1840 3225
211 197 290 236 380
797 195 1061 234 PLATONIS
1561 199 1659 250 [8‘20

207 297 384 330 latitudinis
410 304 442 330 et
458 299 679 340 profunditatis
693 310 800 332 omnes
813 300 954 332 homines
966 305 1086 336 teneat,
1101 299 1159 330 hac
1175 308 1228 330 eos
1242 298 1350 340 procul
1366 298 1536 332 abducunt.
1581 299 1663 331 Cu.

214 353 319 389 Quam
336 354 428 394 igitur
442 359 475 384 et
489 354 613 395 qualem
626 355 834 396 ignorantiam
850 354 955 385 dicis?
1000 355 1138 384 Aruns.
1163 353 1192 383 O
1216 353 1316 384 amice
1340 352 1456 389 Clinia,
1477 363 1535 394 ego
1557 354 1664 390 etiam,

211 416 282 437 cum
308 407 475 448 aliquando
496 407 695 444 audivissem,
719 419 788 439 sero
816 407 942 439 tandem
965 409 1045 438 hanc
1069 413 1204 438 nostram
1220 407 1426 448 ignorantiam
1441 407 1568 438 miratus
1582 417 1665 443 sum,

210 470 269 491 nec
293 462 452 493 hominum
474 462 530 492 sed
553 473 644 493 suum
660 473 868 504 pecorumque
896 462 1107 494 consideranti
1124 462 1197 492 mihi
1209 462 1277 492 visa
1291 469 1348 492 est.
1370 462 1503 503 ideoque
1517 472 1580 492 non
1592 471 1664 492 mea

210 515 416 555 solummodo,
439 526 544 546 verum
567 516 659 546 etiam
693 516 871 548 Graecorum
907 517 1044 546 omnium
1074 525 1168 546 causa
1196 516 1397 547 vehementer
1424 516 1544 547 erubui.
1589 515 1667 547 Cu.

210 567 276 599 Dic
299 569 433 610 planius,
449 570 573 611 hospes,
589 570 666 611 quid
680 571 738 602 hoc
754 577 811 602 est.
855 570 993 601 Arium.
1015 570 1129 601 Dicam
1149 571 1297 612 equidem
1311 582 1317 600 ι
1342 570 1436 601 immo
1450 580 1523 601 vero
1536 570 1667 600 interro·

209 621 313 662 gando
335 623 482 664 aperiam.
504 624 670 665 responde,
693 635 809 665 quaeso.
831 625 1060 666 longitudinem
1091 625 1193 655 nosti?
1240 624 1316 656 cm.
1339 624 1482 661 Quidni?
1527 623 1667 655 Amen.

209 675 308 712 Quid,
322 677 521 707 latitudinem
534 677 545 707 ?
591 677 666 709 CL1.
691 678 796 710 Certe.
841 678 976 709 Arum.
1000 677 1054 709 An
1067 678 1153 720 quod
1168 679 1234 709 haec
1249 678 1310 709 duo
1325 684 1407 715 sunt,
1424 685 1457 710 et
1470 676 1667 720 profunditas

207 730 358 761 tertium?
403 729 480 762 Cu.
502 731 543 762 Et
564 733 635 763 hoc.
679 732 816 764 Arnnx.
838 733 994 764 Videntur
1014 733 1071 764 tibi
1094 733 1161 764 haec
1184 734 1288 764 omnia
1310 733 1444 764 invicem
1467 743 1559 774 posse
1579 741 1665 763 com-

209 785 399 814 mensurari?
445 785 521 816 Cu.
555 786 647 816 Sane.
691 785 828 817 Aruns.
861 786 1114 827 Longitudinem,
1137 787 1279 827 inquam,
1303 787 1343 816 ad
1367 786 1607 827 longitudinem.
1631 789 1666 815 et

208 837 406 868 latitudinem
423 837 464 868 ad
478 838 689 874 latitudinem,
707 845 739 869 et
754 839 1000 880 profunditatem
1015 840 1158 870 similiter
1173 840 1412 870 commensurari
1429 849 1520 881 posse
1537 843 1660 869 natura.

209 891 307 933 [820]
343 891 418 922 Cn.
440 892 650 923 Vehementer
673 892 811 933 quidem.
855 892 991 922 Arnen.
1015 892 1106 929 Quod
1145 893 1172 922 si
1201 893 1305 933 aliqua
1332 902 1436 934 neque
1463 893 1665 923 vehementer

209 954 314 985 neque
330 945 459 975 remisse
474 942 509 975 id
522 950 663 986 possunt,
687 946 742 976 sed
763 946 825 975 alia
845 950 974 986 possunt
989 946 1128 986 quidem,
1152 946 1217 976 alia
1243 946 1380 983 minime,
1396 951 1430 976 tu
1457 952 1558 977 autem
1575 950 1667 986 putas

210 998 315 1029 omnia
329 1009 420 1039 posse
439 1010 444 1028 :
469 999 624 1039 quomodo
647 1000 686 1030 ad
707 1000 774 1030 haec
800 1009 834 1030 es
856 999 1008 1029 affectus?
1034 998 1110 1029 Cm.
1133 999 1233 1030 Male.
1255 998 1395 1030 Arum.
1421 1000 1508 1036 Quid
1533 998 1667 1030 rursus?

208 1051 432 1093 longitudinem
457 1052 715 1094 latitudinemque
738 1053 777 1083 ad
801 1052 1058 1094 profunditatem,
1082 1054 1131 1084 vel
1155 1053 1354 1084 latitudinem
1379 1053 1668 1095 longitudinemque

207 1105 354 1142 invicem,
369 1116 476 1136 nonne
504 1106 607 1137 Graeci
623 1117 730 1137 omnes
746 1107 912 1148 opinantur
927 1108 1157 1148 quodammodo
1170 1117 1262 1148 posse
1276 1107 1518 1139 commensurari
1533 1107 1544 1137 ἓ
1590 1105 1670 1138 Cu.

210 1159 359 1189 Omnino.
404 1159 542 1190 Arnen.
567 1160 660 1197 Quod
676 1161 702 1192 si
715 1161 803 1191 nullo
817 1167 908 1201 pacto
922 1166 1064 1202 possunt,
1081 1171 1192 1191 omnes
1207 1166 1313 1191 autem
1331 1160 1449 1197 Graeci,
1463 1165 1499 1190 ut
1513 1159 1668 1197 dicebam,

212 1223 304 1253 posse
324 1213 520 1244 existimant:
545 1224 649 1244 nonne
663 1224 720 1255 par
735 1221 781 1244 est
795 1224 851 1244 nos
865 1214 1002 1245 omnium
1015 1223 1110 1245 causa
1120 1213 1234 1245 rubore
1249 1220 1420 1245 commotos
1429 1214 1470 1244 ad
1485 1223 1538 1244 eos
1553 1213 1671 1251 dicere,

211 1267 283 1298 Hoc
312 1278 407 1298 unum
433 1268 474 1298 de
501 1268 563 1298 illis
575 1274 633 1304 est,
648 1279 667 1299 ο
683 1268 864 1299 Graecorum
873 1268 994 1309 optimi,
1010 1278 1080 1309 quae
1097 1268 1235 1309 ignorare
1250 1267 1378 1309 quidem
1391 1273 1482 1309 turpe
1498 1278 1566 1298 esse
1581 1267 1668 1299 dice-

209 1320 343 1357 bamus:
375 1332 466 1352 nosse
490 1328 594 1352 autem
623 1322 809 1358 necessaria,
843 1332 906 1353 non
942 1321 1112 1353 admodum
1148 1322 1343 1363 praeclarum.
1386 1322 1463 1353 Cn.
1488 1321 1553 1354 Cur
1576 1321 1668 1352 non?

211 1374 351 1406 ATHEN.
374 1376 528 1406 Praeterea
551 1377 610 1406 alia
626 1377 768 1417 quaedam
781 1382 853 1407 sunt
866 1376 913 1407 his
928 1376 1043 1412 affinia,
1058 1377 1091 1407 in
1108 1376 1222 1417 quibus
1237 1376 1379 1406 similiter
1393 1385 1544 1406 erramuS.
1589 1373 1667 1406 Cu.

212 1429 387 1466 Quaenam?
437 1429 572 1461 ΑΤΗΕΝ.
595 1432 667 1468 Qua
689 1437 799 1462 natura
814 1431 934 1461 factum
948 1431 999 1466 sit,
1014 1436 1050 1461 ut
1064 1431 1126 1461 alia
1137 1431 1274 1461 invicem
1291 1429 1531 1461 commensurari
1546 1429 1669 1470 possint

208 1482 348 1524 quidem,
371 1483 433 1514 ali‘a
455 1495 529 1515 vero
553 1495 614 1516 non
637 1486 766 1526 possint.
790 1486 856 1516 haec
879 1495 954 1516 sane
971 1495 1159 1526 cognoscere
1174 1485 1381 1516 necessarium
1397 1489 1455 1520 est,
1472 1484 1522 1514 vel
1537 1483 1665 1514 omnino

210 1535 356 1567 inutilem
380 1548 447 1567 esse
473 1538 563 1569 illum
590 1539 644 1579 qui
669 1539 801 1579 ignorat.
826 1539 857 1569 in
883 1539 932 1569 his
957 1549 1029 1580 ergo
1045 1538 1142 1568 animi
1156 1547 1251 1568 causa
1266 1538 1387 1567 trahere
1403 1547 1517 1567 moram
1533 1542 1668 1578 oportet.

211 1590 318 1620 senilis
334 1591 418 1621 enim
433 1592 483 1623 hic
498 1592 588 1623 ludus
603 1593 702 1624 multo
718 1592 888 1633 jucundior
901 1593 968 1628 erit,
992 1603 1086 1634 quam
1099 1592 1229 1622 talorum
1244 1598 1276 1622 et
1289 1598 1485 1626 tesserarum,
1508 1590 1669 1631 liberoq'ue

211 1644 337 1674 homine
353 1645 485 1685 dignior.
531 1646 608 1678 Cu.
631 1646 773 1683 Quidni?
796 1647 929 1677 multum
952 1647 1037 1677 enim
1061 1653 1182 1676 tesserae
1204 1646 1335 1686 istaeque
1357 1645 1507 1676 doctrinae
1529 1645 1612 1675 inter
1633 1655 1669 1676 se

211 1696 326 1728 distare
341 1698 498 1731 videntur.
542 1699 679 1731 Arnssx.
703 1701 782 1732 Haec
798 1701 877 1742 ipse,
900 1711 919 1732 ο
941 1700 1056 1737 Clinia,
1081 1701 1232 1731 discenda
1247 1699 1421 1741 junioribus
1441 1708 1566 1730 censeo.
1593 1707 1669 1729 nam

212 1761 271 1782 nec
295 1752 390 1783 noxia
416 1764 520 1794 neque
548 1753 686 1785 difficilia
712 1760 804 1786 sunt:
830 1760 863 1785 et
879 1755 1016 1786 ludendo
1034 1760 1183 1796 percepta
1195 1755 1365 1794 proderunt
1379 1753 1511 1790 civitati,
1537 1753 1671 1784 oberunt

211 1811 314 1836 autem
340 1808 512 1848 nunquam.
537 1807 765 1840 attendendum
791 1814 838 1839 est
862 1814 978 1845 autem,
1003 1808 1030 1840 si
1054 1809 1123 1850 quis
1149 1809 1238 1839 aliter
1265 1808 1363 1840 dicat.
1415 1807 1493 1839 Cu.
1521 1806 1668 1844 Quidni?

210 1860 348 1892 Arnen.
373 1862 406 1892 Si
420 1862 485 1892 haec
501 1863 545 1892 ita
560 1863 672 1894 habere
683 1873 716 1894 se
731 1864 932 1900 videbuntur,
942 1863 1144 1904 probabimus
1157 1863 1263 1904 utique
1280 1873 1287 1892 ;
1312 1862 1360 1892 sin
1376 1862 1478 1897 aliter,
1492 1860 1670 1902 reprobabi-

210 1922 291 1944 mus.
338 1914 414 1945 CLr.
437 1915 487 1946 Ita
499 1921 593 1947 certe.
606 1927 708 1948 nonne
723 1918 829 1959 igitur,
841 1918 964 1960 hospes,
978 1919 1025 1947 hae
1038 1914 1139 1953 nobis,
1152 1922 1302 1958 tanquam
1314 1915 1493 1948 necessariae
1506 1914 1669 1950 doctrinae,

210 1968 303 1998 modo
329 1970 505 2000 sanciendae
531 1976 614 2006 sunt,
641 1981 681 2002 ne
709 1972 813 2002 inanis
827 1972 919 2003 nobis
933 1972 974 2002 sit
991 1972 1092 2013 legum
1109 1971 1280 2002 tractatio?
1325 1972 1461 2001 Arnen.
1483 1968 1669 2000 Sanciantur

212 2021 350 2061 quidem,
375 2022 432 2052 sed
455 2034 494 2054 ea
517 2025 708 2061 conditione,
737 2032 772 2056 ut
795 2027 872 2057 solvi
888 2037 905 2056 a
923 2027 1043 2067 reliquo
1058 2025 1233 2067 disciplinte
1252 2025 1353 2056 civilis
1368 2024 1477 2056 ordine
1495 2021 1628 2065 possint,
1644 2022 1671 2053 si

211 2075 288 2105 forte
305 2077 391 2106 nullo
408 2077 500 2107 modo
517 2079 565 2109 vel
581 2079 768 2119 ponentibus
783 2080 873 2110 nobis
885 2081 936 2111 vel
950 2080 1050 2117 vobis,
1067 2080 1181 2121 quibus
1194 2079 1295 2120 posita
1307 2078 1431 2114 fuerim,
1447 2076 1669 2120 probabuntur.

212 2127 291 2159 Cm.
313 2129 405 2161 Justa
418 2131 483 2161 hoec
497 2137 543 2162 est
559 2132 681 2173 positio.
727 2133 865 2164 Arum«.
888 2134 950 2164 Sed
967 2134 1164 2164 advertamus
1179 2143 1273 2168 nunc,
1289 2138 1390 2163 utrum
1406 2132 1568 2163 stellarum
1578 2129 1669 2161 nobis

213 2182 355 2214 doctrina
381 2184 516 2224 placeat.
561 2185 637 2216 Cm.
656 2185 721 2216 Dic
752 2188 855 2217 modo.
900 2186 1039 2218 Arm-m.
1062 2187 1180 2217 Mirum
1207 2185 1283 2227 quid
1300 2186 1334 2216 in
1357 2186 1406 2216 his
1430 2184 1556 2221 accidit,
1583 2183 1667 2225 quod

210 2237 334 2268 tolerari
348 2237 475 2268 minime
491 2244 604 2279 potest.
629 2239 725 2281 [821]
751 2240 828 2271 Cnr.
852 2240 937 2276 Quid
955 2240 1059 2270 illud?
1083 2240 1223 2271 Arnim.
1245 2240 1418 2270 Maximum
1434 2238 1541 2270 Deum
1551 2243 1668 2269 totum·

212 2301 272 2332 que
295 2292 444 2322 mundum
472 2292 604 2323 dicimus
630 2293 848 2334 inquirendum
864 2304 927 2325 non
943 2305 1022 2330 esse,
1039 2304 1098 2325 nec
1114 2304 1210 2324 rerum
1227 2303 1336 2324 causas
1349 2293 1445 2324 multo
1458 2292 1562 2323 studio
1576 2291 1667 2322 inda-

211 2344 350 2385 gandas:
376 2356 433 2377 nec
458 2346 546 2387 pium
566 2347 600 2377 id
621 2347 771 2384 ducimus,
795 2359 866 2379 cum
892 2353 996 2378 tamen
1021 2348 1207 2379 contrarium
1234 2348 1374 2379 videatur
1387 2352 1473 2378 recte
1487 2346 1553 2377 fieri
1566 2356 1669 2388 posse.

212 2398 289 2431 (ἔω.
313 2400 385 2437 Quo
399 2408 492 2443 pacto
508 2401 588 2432 dicis
603 2401 614 2431 ?
660 2401 734 2432 Aru
742 2413 796 2433 EN.
819 2402 944 2444 Nempe
967 2403 1032 2434 haec
1049 2402 1152 2433 aliena
1166 2402 1292 2443 quidem
1309 2411 1328 2432 a
1340 2401 1514 2432 senioribus
1528 2400 1669 2432 doctrina

211 2453 384 2484 videbitur:
409 2455 463 2485 sed
488 2465 560 2485 com
583 2455 722 2496 probam,
745 2466 848 2486 veram
865 2456 1044 2497 civitatique
1064 2456 1173 2487 utilem
1189 2466 1225 2487 ac
1242 2456 1312 2487 Deo
1327 2455 1387 2498 ipsi
1402 2455 1534 2486 amicam
1546 2460 1668 2496 putem,

216 2508 307 2538 silere
335 2518 397 2539 non
421 2519 557 2549 possum.
603 2509 679 2541 Cu.
704 2510 926 2542 Consentanea
939 2511 1085 2551 loqueris.
1107 2511 1163 2541 sed
1178 2510 1321 2551 nunquid
1337 2510 1419 2540 circa
1432 2509 1539 2540 stellas
1551 2507 1668 2540 doctri-

211 2571 284 2591 nam
307 2563 400 2592 talem
426 2562 638 2604 reperiemus?
693 2563 830 2595 Arnim.
854 2564 1025 2595 Mentimur
1045 2575 1142 2601 nunc,
1165 2575 1184 2595 ο
1209 2564 1284 2596 boni
1306 2563 1375 2600 viri,
1393 2562 1432 2594 de
1447 2562 1568 2603 magnis
1584 2561 1666 2599 Diis,

211 2615 276 2646 sole
292 2616 362 2646 dico
378 2627 413 2646 ac
429 2617 516 2652 luna,
533 2623 567 2647 ut
579 2618 712 2648 breviter
728 2617 843 2655 dicam,
868 2618 974 2650 Graeci
988 2629 1106 2650 omnes.
1152 2617 1229 2649 Cm.
1253 2618 1326 2655 Qua
1339 2617 1459 2648 ratione
1471 2615 1666 2647 mentimur?

212 2669 350 2699 Arum.
371 2670 474 2700 Solem
503 2680 538 2701 ac
560 2671 664 2701 lunam
691 2682 848 2714 nunquam
877 2673 934 2703 iter
957 2674 1040 2703 idem
1065 2673 1167 2704 facere
1189 2673 1365 2714 opinamur,
1376 2676 1409 2701 et
1424 2670 1501 2700 alias
1515 2668 1665 2710 quasdam

213 2734 284 2754 cum
300 2724 346 2753 his
361 2724 466 2753 stellas
478 2735 574 2755 errare
591 2726 734 2762 dicimus,
752 2737 828 2767 quas
843 2727 984 2767 planetas
1010 2738 1165 2758 vocamus.
1211 2727 1286 2758 Cm.
1311 2725 1373 2756 Per
1396 2724 1521 2761 Jovem,
1541 2724 1666 2764 hospes,

211 2787 318 2807 verum
342 2782 400 2813 est,
430 2779 512 2818 quod
539 2779 626 2810 dicis.
648 2790 732 2821 saepe
758 2790 893 2823 namque
922 2782 988 2822 ipse
1004 2781 1102 2812 oculis
1116 2780 1190 2817 vidi,
1207 2779 1387 2811 Luciferum
1399 2783 1432 2809 et
1447 2777 1622 2818 Hesperum
1632 2782 1666 2808 et

212 2830 293 2861 alias
315 2832 465 2872 quasdam
490 2843 647 2874 nunquam
664 2835 799 2866 eundem
815 2835 916 2866 facere
941 2845 1075 2876 cursum,
1089 2834 1145 2866 sed
1160 2834 1289 2866 omnino
1302 2841 1400 2864 errare
1416 2843 1423 2861 z
1447 2831 1545 2863 solem
1559 2836 1665 2863 autem

211 2894 248 2918 ac
276 2885 378 2917 lunam
401 2896 499 2917 errare
529 2897 649 2928 semper
678 2899 785 2920 onmes
801 2889 1013 2932 cognovimus.
1056 2889 1195 2921 Arum.
1218 2888 1307 2924 Haec,
1322 2897 1342 2918 o
1358 2886 1489 2929 Megillc
1504 2892 1536 2918 et
1549 2885 1666 2922 Clinia.
