1840 3225
273 221 356 260 ‘150
851 213 1118 254 PLATONIS
1303 212 1308 217 “
1638 220 1735 272 [453

275 330 378 356 utrum
393 323 426 354 in
439 321 600 353 hominum
615 324 726 351 natura
755 318 853 360 possit
873 318 990 350 femina
1005 328 1076 350 cum
1098 319 1235 350 masculo
1258 319 1291 350 in
1307 319 1450 352 omnibus
1465 320 1610 363 operibus
1632 322 1732 365 [453]

275 377 514 412 communicare,
541 374 590 406 vel
617 375 648 404 in
676 373 785 404 nullo:
810 373 859 403 vel
883 373 913 403 in
936 373 1120 415 quibusdam
1145 373 1258 410 valeat,
1280 374 1312 404 in
1336 373 1404 405 aliis
1427 385 1497 406 vero
1513 386 1733 418 nequaquam:

276 434 407 474 ipsaque
423 441 469 462 res
485 429 623 460 militaris
638 434 706 459 utro
729 427 763 458 in
787 437 898 468 genere
922 428 1029 457 horum
1047 428 1109 457 sit?
1155 427 1271 458 Nonne
1295 427 1436 469 quisquis
1457 429 1501 460 ita
1514 435 1596 460 recte
1611 440 1735 461 exorsus

273 488 379 523 fuerit,
395 490 430 515 ut
445 485 560 515 decens
576 488 634 518 est,
651 487 733 513 recte
747 482 839 512 etiarn
857 481 1008 522 peraget?
1056 480 1168 512 GLAU.
1192 481 1343 513 Maxime.
1387 482 1442 514 So.
1466 482 1526 514 Vis
1537 493 1623 525 ergo,
1635 488 1670 513 ut
1679 493 1736 514 nos

274 551 331 582 pro
347 539 475 571 aliorum
492 548 586 570 causa
602 536 691 567 nobis
717 535 791 577 ipsis
812 535 1060 566 dubitationibus
1082 536 1288 572 adversemur,
1312 546 1352 566 ne
1367 536 1433 567 sine
1449 537 1644 573 defensione,
1660 546 1731 578 quae

274 598 347 625 sunt
372 592 500 624 rationis
525 591 661 627 alterius,
685 589 929 631 oppugnentur?
977 589 1090 620 Grau.
1114 589 1203 620 Nihil
1229 590 1384 631 prohibet.
1429 590 1484 622 So.
1508 590 1622 622 Dicam
1639 591 1733 632 igitur

274 648 332 678 sub
354 657 460 678 eorum
485 655 617 688 persona
639 646 723 675 hunc
747 644 779 674 in
801 643 951 674 modurn:
978 643 1066 673 Nihil
1093 654 1172 684 epus
1198 649 1257 683 est,
1281 655 1300 674 o
1323 644 1465 675 Socrates
1487 650 1582 686 atque
1598 644 1734 682 Glauco,

271 706 308 732 ut
334 701 386 731 alii
416 699 503 731 vobis
531 703 718 740 repugnent,
741 707 813 728 narn
843 698 923 727 inter
950 707 1005 727 vos
1034 697 1137 727 statim
1169 707 1187 728 a
1216 696 1371 739 principio
1399 698 1574 729 condendae
1600 698 1734 730 civitatis

271 755 426 794 constitit,
455 759 597 796 oportere
636 752 808 783 secundum
845 756 984 781 naturam
1027 761 1278 792 unumquemque
1319 762 1414 782 unum
1455 751 1617 794 quiddam,
1646 752 1732 793 quod

271 819 361 840 suum
377 813 470 845 esset,
486 817 643 849 peragere.
686 807 742 837 So.
766 805 929 836 Constitit.
951 805 1086 846 quidni?
1131 805 1311 837 Anvmss.
1337 805 1516 837 Dubitasne
1532 806 1608 847 quin
1637 806 1731 848 longe

270 862 380 894 mulier
408 862 476 902 ipsa
505 865 614 891 natura
642 870 661 890 a
689 859 753 889 viro
780 859 924 889 differat?
971 859 1026 890 So.
1050 859 1114 890 Cur
1139 869 1201 889 non
1225 859 1372 890 differat?
1429 859 1497 891 An.
1521 859 1603 902 Ergo
1626 869 1732 891 nonne

272 927 352 958 opus
366 915 489 957 utrique
505 914 589 944 aliud
607 924 660 955 pro
676 919 785 943 natura
800 912 959 953 utriusque
975 919 1021 942 est
1037 912 1232 943 tribuendum
1247 914 1258 943 ?
1303 913 1357 944 So.
1380 913 1493 944 Procul
1508 914 1616 944 dubio.
1661 913 1730 945 An.

274 971 359 1007 Quid
376 974 469 1000 restat
483 969 590 1010 igitur,
606 978 668 1008 quo
694 967 794 997 minus
811 966 954 996 aberretis
970 976 1053 996 nunc
1083 966 1232 1007 vobisque
1260 966 1337 1008 ipsis
1362 967 1607 998 contradicatis?
1628 977 1730 1008 quan·

272 1025 441 1065 doquidem
459 1023 591 1053 asseritis
611 1021 691 1051 viros
716 1026 749 1051 et
772 1020 916 1050 mulieres
943 1025 1084 1060 oportere
1112 1020 1221 1051 eadem
1247 1020 1463 1061 operari,cum
1491 1027 1594 1051 tamen
1622 1026 1732 1052 natura

270 1079 362 1109 valde
378 1078 457 1108 inter
473 1087 505 1107 se
519 1075 708 1115 discrepent.
755 1074 810 1104 So.
835 1073 1028 1108 Habebisne,
1043 1084 1061 1103 o
1076 1074 1202 1104 mirifice
1219 1073 1275 1111 vir,
1291 1073 1368 1115 quid
1395 1074 1436 1104 ad
1462 1074 1521 1105 ista
1547 1084 1602 1115 pro
1628 1079 1732 1105 nostra

269 1132 451 1163 defensione
466 1129 677 1171 respondeas?
725 1128 841 1159 Gmu.
866 1128 904 1157 In
922 1128 1086 1168 praesentia
1101 1129 1226 1169 quidem
1246 1129 1326 1158 hand
1344 1128 1417 1158 satis
1432 1128 1546 1159 facile:
1570 1129 1624 1159 sed
1637 1129 1731 1159 orabo

271 1193 303 1217 te
317 1191 410 1228 atque
426 1195 491 1221 oro,
508 1189 543 1213 ut
558 1181 633 1224 quid
650 1181 845 1223 potissimum
863 1181 894 1211 in
911 1181 1006 1211 nostri
1023 1181 1172 1212 sermonis
1188 1182 1402 1213 defensionem
1427 1181 1527 1213 afferri
1554 1183 1664 1224 possit,
1679 1192 1732 1213 ex-

271 1251 379 1282 ponas,
424 1240 481 1270 So.
504 1237 583 1268 Haec
599 1237 739 1278 quidem,
755 1246 772 1266 ο
789 1235 923 1274 Glauco,
939 1240 1103 1277 ceteraque
1120 1235 1241 1276 generis
1256 1235 1397 1277 ejusdem
1415 1236 1566 1277 permulta
1577 1236 1644 1277 jam
1669 1237 1729 1266 du-

270 1296 344 1325 dum
363 1292 566 1335 prospiciens,
582 1291 708 1321 timidus
723 1295 817 1330 atque
832 1289 945 1319 invitus
961 1290 999 1320 ad
1016 1290 1095 1320 hanc
1124 1290 1222 1331 legem
1248 1290 1476 1320 descendebam
1503 1291 1543 1320 de
1570 1290 1732 1320 mulierum

272 1354 305 1379 et
320 1348 450 1379 filiorum
466 1345 634 1386 adeptione
650 1349 743 1385 atque
760 1344 960 1374 nutrimento.
1008 1343 1121 1374 GLAU.
1146 1344 1291 1374 Profecto
1307 1355 1369 1381 non
1386 1343 1453 1374 leve
1479 1344 1563 1375 istud
1589 1349 1732 1385 apparet.

271 1404 329 1434 So.
353 1401 427 1432 Non
444 1405 525 1431 certe
541 1411 547 1428 :
573 1399 627 1429 sed
644 1398 686 1428 ita
702 1408 748 1428 res
763 1408 796 1428 se
812 1397 916 1428 habet.
939 1397 1002 1427 sive
1017 1397 1086 1438 quis
1103 1398 1133 1427 in
1151 1404 1293 1438 stagnum
1312 1398 1401 1429 breve
1417 1397 1580 1438 prolapsus
1595 1402 1640 1428 est
1665 1397 1730 1428 sive

272 1455 462 1499 profundum
477 1453 510 1483 in
538 1452 679 1493 pelagus,
695 1451 896 1482 nihilominus
920 1461 1001 1491 aqua
1027 1452 1060 1481 in
1086 1451 1188 1482 media
1214 1457 1313 1482 natat.
1357 1451 1470 1482 GLAU.
1494 1451 1633 1482 Prorsus.
1677 1451 1733 1482 So.

273 1511 327 1542 An
344 1520 406 1540 non
423 1513 455 1539 et
470 1507 560 1537 nobis
583 1516 708 1547 quoque
724 1506 905 1545 natandum,
920 1505 1160 1547 conandumque
1177 1512 1212 1535 ut
1238 1505 1461 1546 disputationis
1487 1505 1586 1535 undas
1611 1504 1734 1535 incolu-

272 1574 338 1595 mes
353 1563 532 1598 evadamus,
547 1565 705 1601 sperantes
720 1564 774 1590 aut
796 1559 979 1600 delphinum
1003 1569 1060 1589 nos
1086 1559 1220 1600 aliquem
1246 1564 1460 1600 suscepturum
1487 1559 1733 1589 sublevaturum-

272 1629 346 1660 que,
361 1621 415 1647 aut
430 1615 521 1646 aliam
537 1615 692 1654 quandam
710 1612 863 1643 occultam
880 1612 986 1642 salutis
1002 1623 1125 1643 causam
1143 1613 1231 1642 nobis
1246 1612 1333 1643 fore?
1380 1611 1497 1644 GLau.
1519 1611 1570 1643 Ita
1596 1612 1729 1643 videtur.

271 1673 328 1704 So.
353 1667 566 1709 Circumspice
581 1668 720 1702 obsecro,
736 1667 760 1697 si
783 1677 845 1708 qua
870 1668 985 1697 exitum
1012 1668 1237 1698 nanciscamur.
1282 1666 1422 1697 Attende
1448 1666 1564 1708 itaque.
1608 1665 1734 1698 conve·

271 1727 373 1757 nimus
389 1723 542 1766 profecto,
559 1727 698 1751 naturam
714 1721 805 1751 aliam
822 1721 906 1751 aliud
921 1732 1000 1762 opus
1017 1727 1145 1752 tractare
1173 1722 1285 1751 debere
1301 1733 1309 1751 ι
1333 1721 1470 1751 mulieris
1491 1725 1594 1751 autern
1619 1725 1652 1751 et
1677 1720 1734 1750 viri

272 1780 423 1811 diversam
436 1786 505 1807 esse
521 1781 671 1805 naturam.
696 1775 831 1805 diversas
848 1780 972 1804 naturas
989 1775 1018 1804 in
1042 1775 1206 1815 praesentia
1230 1774 1346 1805 eisdem
1372 1775 1495 1805 studere
1516 1774 1675 1815 jubemus.
1699 1773 1732 1804 in

221 1846 223 1849 ⁴
268 1836 328 1865 hoc
352 1832 399 1863 illi
423 1841 478 1861 nos
503 1834 662 1860 accusant.
709 1827 824 1859 GLAU.
847 1828 961 1859 Valde.
1007 1828 1062 1860 So.
1087 1828 1191 1865 Quam
1221 1838 1381 1869 generosa,
1408 1839 1427 1858 ο
1457 1828 1594 1864 Glauco,
1630 1827 1729 1870 [454]

271 1884 520 1919 contradictoriae
537 1883 608 1912 artis
624 1881 766 1923 potentia
782 1881 845 1912 est!
893 1881 1008 1912 Gmu.
1033 1881 1119 1912 Cur?
1165 1882 1216 1912 So.
1240 1881 1322 1918 Quia
1339 1882 1482 1912 &identur
1497 1881 1573 1912 mihi
1596 1881 1732 1922 permul-

271 1943 294 1972 ti
308 1940 402 1972 etiam
425 1937 515 1968 inviti
530 1936 562 1966 in
590 1946 657 1966 eam
684 1934 834 1970 incidere,
850 1934 1050 1975 arbitrarique
1075 1945 1271 1976 nequaquam
1299 1935 1418 1975 litigare
1441 1935 1495 1966 sed
1519 1935 1731 1976 disserere,ex

271 2005 308 2026 eo
324 1993 408 2034 quod
426 1995 583 2032 nequeant
598 1989 769 2020 secundum
785 1989 907 2030 species
920 1989 1108 2025 dividentes,
1123 1990 1207 2030 quod
1223 1989 1284 2019 illis
1299 1989 1492 2030 propositum
1513 1994 1572 2026 est,
1588 1994 1730 2021 contem-

270 2048 347 2090 plari
364 2058 371 2076 :
396 2046 490 2076 immo
506 2053 578 2073 vero
594 2043 763 2073 secundum
779 2043 880 2083 ipsum
898 2052 1012 2073 nomen
1042 2043 1290 2074 contrarietatem
1317 2043 1469 2085 propositi
1493 2048 1732 2084 prosequantur,

271 2099 498 2132 contendentes
517 2096 620 2136 potius
635 2095 768 2126 invicem
785 2105 877 2136 quam
894 2096 1103 2136 disputanteS.
1149 2096 1265 2128 Gnau.
1289 2097 1453 2138 Contingit
1477 2096 1624 2138 equidem
1649 2097 1730 2127 mul-

273 2155 321 2185 tis.
345 2153 398 2183 sed
414 2150 555 2191 nunquid
575 2155 607 2180 et
621 2149 710 2179 nobis
734 2149 816 2180 idem
841 2160 925 2180 nunc
951 2150 1088 2180 accidit?
1135 2151 1189 2181 So.
1215 2150 1255 2180 Et
1281 2151 1412 2181 maxime
1427 2151 1566 2191 quidem.
1590 2150 1732 2181 videmur

273 2217 348 2239 sane
367 2205 456 2236 inviti
482 2202 760 2235 contradictionem
786 2203 948 2243 attingere.
994 2202 1110 2233 GLAu.
1134 2204 1206 2239 Qua
1232 2203 1376 2234 ratione?
1421 2203 1477 2235 So.
1500 2203 1595 2240 Quod
1620 2209 1732 2235 natum

271 2261 381 2292 eadem
397 2268 490 2299 opera
506 2257 615 2287 eadem
633 2261 760 2286 tractare
786 2266 848 2286 non
864 2257 988 2292 debeat,
1005 2256 1122 2287 fortiter
1149 2257 1317 2287 admodum
1343 2263 1375 2287 et
1397 2256 1594 2288 contentiose
1619 2267 1731 2289 secun—

270 2315 345 2345 dum
361 2322 472 2343 nomen
490 2310 613 2351 insequi
626 2310 787 2351 ecepimus.
811 2310 1075 2340 consideravimus
1091 2316 1194 2340 autem
1221 2310 1306 2340 nullo
1332 2316 1435 2351 pacto,
1454 2321 1523 2352 quae
1545 2311 1666 2351 species
1689 2312 1731 2343 sit

270 2367 395 2399 alterius
418 2365 622 2407 ejusdemque
649 2369 777 2400 naturae,
795 2369 827 2394 et
850 2374 994 2405 quorsum
1026 2365 1227 2405 respicientes
1253 2370 1327 2395 tunc
1352 2364 1585 2406 descripsimus,
1599 2365 1729 2406 quando

270 2421 374 2453 studia
387 2420 517 2450 diversae
532 2424 648 2448 naturae
664 2418 796 2454 diversa,
812 2417 913 2449 eidem
930 2428 1000 2448 vere
1026 2419 1134 2450 eadem
1159 2418 1367 2450 attribuimus.
1413 2418 1528 2449 GLau.
1552 2417 1648 2449 Certe
1673 2428 1730 2449 ne·

269 2484 423 2516 quaquam
440 2472 522 2502 istud
539 2471 791 2512 excogitavimus.
836 2472 889 2502 So.
912 2471 1057 2502 Ceterum
1075 2472 1147 2503 licet
1173 2473 1274 2509 nobis,
1292 2478 1326 2502 ut
1349 2472 1483 2509 videtur,
1499 2482 1518 2503 a
1542 2472 1632 2503 nobis
1652 2472 1730 2513 ipsis

267 2527 440 2569 exquirere,
454 2526 594 2566 nunquid
612 2526 721 2556 eadem
736 2531 846 2556 natura
860 2525 1015 2556 calvorum
1033 2527 1071 2556 sit
1086 2531 1117 2556 et
1133 2533 1339 2564 comatorum,
1354 2536 1392 2556 un
1421 2525 1574 2557 contraria
1596 2525 1725 2567 potius:

267 2592 304 2613 ac
321 2585 484 2622 postquam
500 2579 740 2609 concesserimus
756 2589 822 2609 csse
837 2579 1032 2615 contrariam,
1048 2580 1072 2609 si
1088 2579 1168 2610 calvi
1185 2580 1269 2610 coria
1285 2579 1426 2611 incidant
1439 2579 1625 2620 calceosque
1648 2588 1727 2609 con-

270 2634 389 2672 ficiant,
404 2633 644 2672 haudquaquam
660 2628 760 2662 sinere
775 2638 915 2663 comatos
941 2633 1082 2663 homines
1109 2633 1218 2663 eadem
1246 2634 1368 2664 facere:
1393 2633 1440 2663 sin
1467 2637 1571 2662 utitem
1597 2632 1725 2668 cornuti,

268 2688 373 2720 calvos
389 2695 587 2725 nequaquam
605 2686 791 2726 permittere.
837 2686 952 2718 GLAU.
977 2686 1019 2716 At
1035 2686 1093 2716 risu
1110 2687 1238 2727 dignum
1255 2687 1285 2717 id
1303 2692 1394 2717 esset.
1437 2686 1493 2716 So.
1516 2685 1570 2716 An
1585 2686 1626 2716 ob
1641 2685 1727 2716 uliud

265 2740 429 2772 ridendum
446 2739 540 2774 istud,
557 2749 648 2779 quam
664 2740 749 2780 quod
764 2746 837 2771 tunc
853 2750 916 2771 non
932 2741 1060 2770 omnino
1076 2741 1207 2771 eandem
1223 2746 1256 2771 et
1279 2741 1429 2770 diversum
1455 2745 1594 2770 naturam
1620 2738 1730 2779 posui-

269 2805 348 2831 mus,
373 2793 427 2824 sed
456 2793 540 2822 illam
567 2794 719 2823 duntaxat
744 2794 1004 2824 dissimilitudinis
1032 2800 1063 2824 et
1090 2794 1304 2825 similitudinis
1327 2793 1462 2835 speciem
1487 2791 1728 2829 observavimus.

266 2858 337 2889 quae
353 2847 392 2878 ad
407 2845 474 2887 ipsa
489 2846 597 2876 eadem
614 2847 716 2877 studia
732 2848 934 2888 pertinebat?
957 2849 1220 2889 quemadmodum
1248 2847 1400 2879 medicum
1426 2851 1458 2878 et
1483 2846 1641 2877 homiuem
1670 2846 1727 2875 ha-

267 2901 393 2932 bentem
409 2899 545 2931 animum
562 2900 724 2931 medicinae
741 2902 851 2932 studiis
865 2908 972 2943 aptum
989 2908 1128 2932 naturam
1145 2903 1276 2933 eandem
1295 2901 1407 2932 habere
1422 2899 1567 2932 diximus.
1593 2908 1633 2929 au
1662 2907 1728 2929 non
