1840 3225
187 212 284 262 322]
717 210 980 249 EPLSTOLA
1018 214 1087 249 vr.
1573 215 1651 252 477

186 321 221 348 et
245 314 421 356 AEginam:
446 323 504 344 nos
530 318 646 350 autem,
675 319 710 344 ut
739 313 814 350 dixi,
841 314 1006 345 audientes
1030 315 1129 346 multa
1145 315 1185 346 ‹le
1201 316 1294 347 rebus
1308 317 1430 352 vestris,
1452 316 1532 347 nihil
1548 321 1657 358 aperte

186 368 390 412 percipimus.
419 377 480 397 nec
504 373 537 398 te
568 368 667 398 lateat
692 377 762 398 eam
792 377 861 398 esse
890 367 930 398 de
956 374 988 399 te
1018 369 1101 410 apud
1127 370 1281 409 quosdam
1296 371 1494 410 opinionem,
1509 370 1599 411 quasi
1615 368 1655 399 de

185 423 314 454 homine
339 422 502 462 aliquanto
517 421 622 451 minus
638 431 732 462 quam
745 422 839 452 decet
853 421 993 453 officioso
1005 428 1100 463 atque
1113 422 1245 456 affabili.
1267 430 1427 454 memento
1439 423 1534 465 igitur
1548 432 1657 453 neces-

185 478 297 508 sariam
313 487 380 507 esse
397 476 435 506 ad
453 486 503 506 res
519 475 673 517 gerendas
689 476 846 506 bominum
862 476 1113 507 benevolentiam
1132 487 1140 506 z
1166 478 1332 508 austeritas
1357 488 1432 508 vero
1449 477 1656 508 solitudinem

188 532 359 563 amicorum
373 530 464 572 parit.
487 529 563 560 felix
574 535 654 561 esto.

895 699 959 746 V.

547 801 695 833 PLATO
720 801 974 834 PERDICCAE
999 803 1121 834 BENE
1144 803 1311 836 AGERE.

189 915 369 947 Enrnmso
389 913 482 950 suasi,
505 911 768 954 quemadmodum
788 912 828 942 ad
846 922 898 942 me
918 912 1081 953 scripsisti,
1092 912 1172 944 utin
1187 923 1291 944 rerum
1301 919 1422 946 tuarum
1433 916 1662 948 administrati·-

188 980 249 1001 one
258 972 488 1011 perseveraret.
500 971 547 997 est
560 971 667 996 autem
678 976 797 1001 meum,
809 965 868 997 tibi
883 976 1007 1007 quoque
1018 972 1050 998 et
1062 966 1100 997 de
1113 967 1183 998 aliis
1194 967 1297 1005 rebus,
1309 970 1577 1009 quemadmodum
1588 971 1660 1002 reli—

189 1025 241 1064 gio
253 1030 287 1055 et
299 1022 496 1063 hospitalitas
511 1020 661 1062 postulat,
676 1020 842 1050 consilium
857 1021 944 1056 dare,
961 1025 995 1051 et
1009 1021 1275 1061 quemadmodum
1298 1023 1454 1064 Euphraeo
1471 1025 1517 1055 uti
1533 1025 1660 1056 debeas.

189 1078 332 1120 profecto
354 1077 401 1107 vir
420 1076 474 1107 ille
499 1076 540 1105 ad
557 1074 655 1105 multa
669 1074 755 1104 utilis
771 1084 841 1105 esse
855 1080 972 1116 potest.
987 1075 1121 1105 maxime
1138 1085 1210 1106 vero
1227 1076 1267 1106 ad
1282 1077 1326 1113 id,
1343 1077 1430 1119 cujus
1446 1085 1480 1109 tu
1492 1079 1659 1120 plurimum

187 1132 314 1173 indiges
343 1132 383 1162 ob
411 1135 539 1160 aetatem
552 1139 561 1168 ;
587 1128 759 1169 praesertim
790 1139 864 1159 cum
891 1128 975 1159 haud
1002 1128 1094 1159 multi
1123 1129 1333 1170 reperiantur,
1359 1132 1413 1172 qui
1439 1133 1479 1163 de
1504 1133 1543 1162 iis
1570 1133 1662 1164 rebus

189 1186 357 1218 consilium
369 1184 539 1226 juvenibus
554 1183 664 1215 idonei
677 1183 741 1213 sint
756 1183 880 1214 afferre.
906 1187 955 1213 est
971 1183 1054 1213 enirn
1067 1193 1128 1213 vox
1141 1183 1287 1224 quaedam
1299 1184 1546 1228 uniuscujusque
1559 1187 1663 1218 civilis

190 1239 436 1282 gubernationis,
452 1239 537 1269 velut
552 1237 738 1268 animalium
753 1237 963 1278 quorundam.
977 1243 1052 1268 nam
1067 1237 1162 1268 aliam
1178 1239 1351 1279 popularis,
1368 1240 1463 1270 aliam
1479 1251 1660 1282 paucorum,

187 1289 288 1326 valiam
301 1294 394 1325 unius
410 1293 596 1335 gubernatio
612 1301 723 1322 vocem
738 1290 865 1322 emittit.
887 1292 943 1322 has
957 1292 1138 1333 intelligere
1154 1292 1244 1322 multi
1259 1292 1445 1333 profitentur
1463 1306 1470 1324 :
1495 1294 1552 1325 sed
1567 1295 1662 1335 longe

190 1349 303 1380 absunt
318 1349 358 1380 ab
373 1347 592 1388 intelligendo,
610 1350 723 1386 praeter
739 1344 910 1376 admodum
926 1356 1056 1386 paucos,
1102 1346 1183 1382 Quae
1199 1346 1296 1387 igitur
1306 1348 1492 1387 gubernatio
1504 1350 1663 1390 propriam

190 1414 298 1434 vocem
315 1412 389 1443 erga
405 1401 492 1432 Deos
508 1406 539 1431 et
554 1410 627 1440 erga
642 1399 787 1430 homines
800 1399 926 1435 emittit,
941 1405 1233 1441 consentaneasque
1248 1401 1320 1431 voci
1336 1402 1477 1433 actiones
1490 1402 1608 1443 reddit,
1625 1413 1663 1434 ea

192 1458 272 1488 viret
281 1466 404 1498 semper
419 1461 512 1497 atque
528 1459 676 1485 servatur.
701 1453 786 1494 quod
799 1454 825 1483 si
843 1463 950 1484 vocem
966 1454 1094 1484 alterius
1108 1454 1259 1491 imitatur,
1287 1455 1447 1487 interitum
1471 1457 1596 1497 recipit.
1619 1457 1660 1488 ad

191 1513 259 1542 haec
274 1511 450 1553 Euphraeus
465 1509 523 1539 tibi
535 1508 679 1550 perutilis
694 1518 762 1539 esse
781 1508 897 1548 poterit
910 1518 916 1536 τ
942 1508 1086 1548 quamvis
1108 1514 1141 1539 et
1175 1509 1216 1539 ad
1240 1510 1304 1540 alia
1318 1510 1367 1540 vir
1380 1510 1469 1541 fortis
1484 1512 1536 1541 sit.
1560 1510 1659 1553 [322]

190 1565 328 1596 rationes
344 1565 427 1594 enim
451 1563 653 1598 monarchiae,
678 1561 711 1592 id
726 1567 775 1592 est
790 1562 983 1602 principatus
998 1563 1102 1598 unius,
1119 1573 1181 1593 non
1199 1563 1302 1593 minus
1316 1574 1412 1604 quam
1427 1575 1491 1601 eos,
1507 1566 1560 1606 qui
1577 1566 1663 1607 apud

192 1624 225 1650 te
241 1624 325 1655 sunt,
343 1628 415 1648 eum
428 1618 629 1648 inventurum
644 1626 714 1647 esse
731 1626 835 1657 spero,
860 1617 899 1646 ad
917 1617 984 1647 haec
1000 1617 1098 1658 igitur
1112 1617 1168 1647 illo
1185 1617 1281 1648 fretus
1296 1618 1465 1649 utilitatem
1482 1630 1518 1649 ex
1534 1629 1573 1649 eo
1590 1630 1663 1660 per-

193 1673 303 1714 cipies,
321 1677 354 1702 et
368 1671 485 1702 referes
498 1670 558 1712 ipsi
577 1677 611 1700 tu
626 1671 742 1700 deinde
758 1680 852 1711 quam
862 1670 1042 1710 plurimam.
1066 1671 1147 1711 quod
1166 1671 1193 1701 si
1205 1672 1277 1712 quis
1290 1672 1357 1702 haec
1369 1672 1498 1702 audiens
1512 1673 1642 1714 objiciat
1654 1685 1660 1702 z

192 1727 288 1758 Plato
313 1726 443 1767 quidem
468 1725 640 1765 profitetur,
668 1734 738 1765 quae
764 1724 804 1753 ad
829 1725 1017 1765 popularem
1032 1729 1149 1754 statum
1164 1725 1339 1761 conferant,
1356 1726 1531 1767 intelligere
1549 1737 1558 1766 ;
1583 1738 1663 1758 uun-

193 1791 289 1823 quam
303 1785 422 1815 tamen,
438 1779 514 1809 licet
528 1778 651 1809 occasio
663 1777 738 1808 data
755 1779 857 1814 suerit,
873 1778 905 1808 in
923 1778 1050 1808 civitate
1068 1789 1122 1808 sua
1139 1779 1269 1809 surrexit
1289 1779 1329 1809 ad
1353 1780 1522 1810 consilium
1542 1782 1662 1821 populo

193 1835 408 1866 exhibendum
421 1845 427 1863 :
453 1834 492 1863 ad
511 1833 578 1863 haec
589 1831 844 1872 respondebitur,
861 1831 1028 1862 Platonem
1043 1842 1112 1863 sero
1128 1833 1259 1862 tandem
1274 1832 1369 1864 fuisse
1385 1834 1418 1863 in
1434 1836 1544 1874 patria,
1559 1846 1662 1876 popu-

193 1890 321 1929 lumque
344 1886 514 1918 offendisse
525 1887 590 1928 jam
606 1890 840 1921 senescentem,
857 1886 1129 1926 assuefactumque
1148 1896 1202 1926 per
1223 1887 1304 1922 iilos,
1321 1887 1376 1928 qui
1391 1893 1464 1918 ante
1480 1899 1512 1919 se
1527 1889 1663 1926 fuerant,

193 1944 294 1974 multa
309 1943 435 1972 diversa
447 1940 552 1971 facere
579 1950 598 1970 a
621 1939 753 1970 consilio
770 1949 835 1970 suo.
859 1949 930 1969 nam
948 1940 1167 1976 libentissime,
1184 1946 1218 1970 ut
1234 1941 1367 1981 parenti,
1382 1941 1426 1971 illi
1443 1943 1662 1981 consuluisset,

192 1998 255 2028 nisi
267 1997 382 2027 frustra
399 2005 432 2025 se
454 1995 556 2036 ipsum
578 1994 718 2035 periculo
734 1992 949 2034 subjecturum
967 1993 1190 2024 existimasset.
1212 1994 1297 2025 idem
1313 2006 1439 2036 quoqne
1462 1996 1544 2027 circa
1559 1999 1664 2028 consi-

194 2053 271 2083 lium
286 2051 365 2081 mihi
377 2050 514 2080 futurum
528 2048 686 2079 existimo.
708 2047 734 2078 si
751 2048 836 2078 enim
853 2047 1045 2078 insanabiles
1061 2048 1245 2086 videremur,
1264 2059 1295 2080 re
1311 2049 1443 2080 dimissa
1459 2050 1543 2081 omni
1560 2053 1599 2082 de
1611 2063 1660 2083 me

194 2107 336 2148 meisque
352 2104 483 2136 consilio
499 2103 682 2135 abstineret.
706 2107 773 2133 esto
789 2101 877 2133 felix.

884 2287 930 2334 V
938 2286 978 2335 1.

308 2412 457 2444 PLA'ro
483 2411 683 2443 HERMIAE
709 2410 882 2442 ERAS’ro
907 2411 963 2442 ΕΤ
994 2410 1193 2443 corusco
1218 2411 1343 2442 BENE
1381 2411 1550 2446 AGERE.

196 2518 292 2549 Mun
331 2516 459 2557 quidem
491 2515 617 2546 videtur
650 2514 795 2545 Deorum
826 2514 940 2555 aliquis
964 2514 1123 2545 fortunam
1151 2514 1239 2545 vobis
1264 2516 1426 2556 optimam,
1452 2516 1550 2547 modo
1577 2522 1664 2548 recte

195 2582 266 2603 eam
280 2571 449 2612 recipiatis,
464 2570 602 2610 benigne
617 2569 804 2609 abundeque
815 2578 954 2609 parasse.
977 2570 1095 2610 quippe
1110 2569 1236 2599 finitimi
1248 2570 1334 2605 estis,
1347 2574 1379 2599 et
1390 2570 1558 2600 utilitatem
1575 2571 1664 2601 vobis

194 2631 334 2657 mutuam
350 2624 488 2655 conferre
503 2623 616 2654 valetis
633 2623 869 2664 permaximam.
915 2623 1054 2654 Hermiae
1080 2622 1238 2664 siquidem
1252 2633 1356 2664 neque
1376 2624 1548 2655 multitudo
1564 2635 1662 2665 equo-

194 2689 264 2709 rum
292 2689 397 2720 neque
424 2678 501 2708 alius
529 2677 605 2707 belli
620 2683 789 2718 apparatus
801 2687 904 2718 neque
922 2677 990 2708 auri
1005 2676 1192 2718 magnitudo
1209 2687 1309 2718 usque
1327 2677 1407 2708 adeo
1425 2679 1504 2709 vires
1520 2685 1662 2719 augeret,

195 2738 347 2773 quantum
362 2732 532 2763 amicorum
546 2731 698 2761 bonorum
712 2731 889 2762 constantia
900 2739 995 2772 atque
1011 2731 1158 2761 fidelitas.
1206 2731 1316 2762 Erasto
1338 2737 1444 2762 autem
1464 2737 1497 2762 et
1520 2732 1662 2768 Corisco,

196 2793 309 2828 praeter
323 2786 511 2828 sapientiam
528 2786 619 2815 istam
644 2785 684 2814 de
701 2784 865 2825 speciebus
881 2786 1133 2826 pulcherrimam,
1150 2785 1212 2815 alia
1226 2785 1357 2826 insuper
1372 2786 1500 2821 affirmo,
1515 2785 1576 2815 etsi
1590 2795 1661 2815 sum

196 2851 303 2877 senex,
327 2851 407 2882 opus
428 2850 497 2871 esse
523 2838 680 2880 sapientia
701 2838 850 2868 adversus
865 2839 1023 2879 improbos
1039 2838 1233 2879 injustosque
1250 2839 1394 2875 cavendi,
1409 2839 1494 2870 etad
1512 2838 1660 2869 resisten-

196 2896 268 2926 ‹lum
287 2895 438 2936 potentia.
462 2901 535 2925 sunt
552 2904 632 2924 emin
651 2893 806 2934 inexperti
827 2893 976 2928 fraudum,
996 2893 1068 2934 quia
1085 2903 1182 2934 penes
1198 2903 1256 2923 nos
1273 2904 1342 2924 cum
1361 2892 1535 2923 homiuibus
1552 2892 1658 2923 vivere
