1840 3225
162 235 240 271 504
622 230 892 270 PLATONIS
923 231 1166 270 DIALOGI.
1523 235 1618 284 [367

158 334 253 376 chus)
267 335 322 366 illa
336 340 411 365 sunt
422 345 492 376 quae
510 340 586 365 tunc
599 334 638 365 ab
650 335 707 364 illo
719 334 846 365 fuerunt
861 339 1104 366 commemorata
1117 335 1128 365 ἓ
1173 334 1222 365 Ea
1235 334 1361 376 quidem
1379 333 1436 365 tibi
1453 333 1620 376 (inquam)

158 399 229 430 quae
242 389 276 420 in
291 395 430 420 mentem
444 390 600 424 venerint,
616 388 760 419 lubenter
772 389 1032 420 commemorabo.
1076 389 1230 425 Quaenam
1246 389 1446 431 (inquiebat)
1461 389 1532 419 vitae
1549 399 1621 430 pars

157 443 366 474 incommodis
394 449 427 474 et
441 443 595 474 molestiis
608 448 702 474 vacat
714 443 724 472 ?
749 453 855 473 nonne
867 443 900 473 in
915 443 1016 484 primo
1033 444 1103 484 ipso
1117 448 1202 474 ortus
1216 443 1373 474 vestibulo
1388 443 1490 474 infans
1503 443 1621 484 plorat.

157 502 190 527 et
213 507 232 527 a
255 496 364 528 dolore
393 499 488 527 vitam
515 495 717 538 auspicatur?
741 506 801 527 nec
824 497 864 527 ab
888 497 954 527 ulla
979 496 1108 538 quidem
1132 498 1278 528 molestia
1301 497 1449 528 immunis
1470 503 1529 532 est,
1544 498 1621 528 dum

160 551 300 582 omnium
331 551 600 582 incommodorum
639 551 796 592 angustiis
829 551 992 582 obsidetur
1021 557 1115 593 atque
1144 551 1409 588 circumvallatur,
1437 552 1488 582 vel
1517 561 1619 582 rerum

158 606 406 637 necessariarum
421 606 562 647 penuria,
577 605 628 636 vel
642 605 758 646 frigore
771 605 822 636 vel
838 606 941 637 calore
952 606 1003 636 vel
1015 606 1109 647 plaga
1124 605 1241 647 aliqua,
1255 612 1465 647 quummmen
1480 606 1620 636 nondum

155 660 228 696 fari,
255 670 313 690 nec
341 659 457 690 doloris
486 660 533 690 sui
559 669 671 690 causas
699 659 870 700 explicare,
900 659 959 690 sed
988 661 1055 691 solo
1083 660 1193 702 vagitu
1219 665 1315 701 atque
1345 659 1467 701 ejulatu
1492 660 1622 700 angoris

158 714 376 755 moestitiaeque
399 714 525 755 signum
553 715 629 744 dare
655 714 764 754 possit.
811 714 984 754 Postquam
1005 724 1077 744 vero
1097 714 1248 755 deinceps
1262 713 1300 744 ad
1317 715 1487 755 septimum
1501 723 1619 744 annum

157 769 346 809 pervenerit,
363 768 533 799 exantlatis
546 768 657 798 multis
672 767 842 804 laboribus,
871 768 1062 799 exercitores
1082 774 1116 799 et
1141 767 1349 810 ludimagistri
1372 778 1443 799 cum
1462 767 1619 810 tyrannici

156 822 283 864 imperii
304 828 462 863 potestate
485 823 709 863 imponuntur:
734 828 771 853 tu
800 823 895 863 longe
923 822 1025 863 major
1051 823 1251 853 dominorum
1274 823 1426 854 accrescit
1442 822 1618 853 multitudo.

155 883 318 908 crescente
343 883 446 913 aetate,
470 877 581 912 critici,
606 884 782 916 geometrae,
812 877 859 906 rei
884 876 1026 906 militaris
1049 877 1258 907 institutores.
1302 877 1474 918 Postquam
1497 887 1569 906 vero
1585 878 1618 907 in

156 933 350 972 ephebomm
373 941 537 961 numerum
566 931 722 970 ascriptus
743 935 802 965 est,
832 936 898 960 tum
930 940 1006 960 vero
1037 931 1161 971 gravior
1189 936 1290 961 metus
1305 931 1434 971 ingruit,
1464 930 1616 972 Lyceum,

158 984 256 1026 [367]
270 984 456 1019 Academia,
467 984 615 1025 Gymnici
629 984 754 1024 imperii
763 985 943 1020 auctoritas,
959 984 1129 1016 officiorum
1139 984 1308 1026 apparitio,
1321 984 1458 1025 denique
1470 985 1616 1014 malorum

157 1039 297 1068 omnium
325 1039 474 1068 infinitas.
529 1038 578 1067 lta
608 1048 702 1068 omne
732 1038 958 1069 adolescentiae
988 1044 1115 1081 tempus
1145 1038 1203 1069 sub
1233 1038 1462 1069 moderatorum
1492 1038 1619 1068 illorum

155 1092 294 1133 imperiis
316 1091 503 1128 traducitur,
525 1092 579 1132 qui
594 1091 634 1122 de
650 1091 810 1133 Areopagi
826 1093 984 1123 sententia
998 1098 1031 1123 et
1046 1092 1175 1124 decreto
1189 1093 1296 1129 electi,
1305 1092 1468 1134 juventuti
1482 1093 1522 1122 ad
1538 1098 1618 1123 tern-

155 1147 326 1188 perantiam
350 1156 538 1187 morumque
565 1147 761 1177 honestatem
777 1146 1007 1177 conformandae
1021 1147 1201 1188 invigilant.
1245 1147 1353 1184 Quum
1373 1156 1448 1177 vero
1463 1146 1513 1176 his
1527 1147 1620 1177 malis

155 1201 250 1231 fuerit
271 1201 415 1237 liberata,
441 1205 509 1231 tum
535 1201 660 1241 gravior
673 1201 811 1231 occurrit
825 1211 901 1231 cura
914 1205 948 1232 et
963 1201 1125 1242 cogitatio,
1140 1201 1262 1242 ecquod
1278 1200 1478 1242 potissimum
1491 1199 1617 1231 vivendi

157 1265 257 1296 genus
280 1255 339 1296 ipsi
363 1255 405 1286 sit
429 1254 690 1296 ingrediundum:
715 1260 752 1285 ut
774 1254 900 1296 quidem
926 1256 1035 1297 primae
1059 1255 1124 1286 illae
1139 1254 1353 1292 difficultates,
1368 1255 1478 1286 sicum
1494 1254 1616 1295 iisquae

153 1309 185 1339 in
211 1315 373 1350 posterum
395 1309 564 1339 subeundae
591 1314 665 1339 sunt
691 1314 921 1350 comparentur,
943 1310 1038 1351 plane
1065 1309 1194 1340 ludicrae
1208 1308 1384 1346 videantur,
1400 1315 1432 1339 et
1449 1319 1616 1350 puerorum

155 1364 250 1404 plane
263 1364 524 1394 terriculamenta.
548 1374 622 1394 nam
637 1368 669 1394 et
680 1363 839 1404 prodeunt
852 1363 976 1395 bellicae
986 1363 1218 1405 expeditiones,
1227 1368 1260 1394 et
1268 1363 1411 1404 vulnera,
1422 1369 1456 1393 et
1465 1363 1616 1393 continua

153 1418 336 1454 certamina,
363 1428 434 1448 cum
462 1418 577 1458 quibus
606 1424 654 1448 est
674 1423 741 1448 tota
765 1418 832 1448 vita
859 1417 991 1448 subinde
1015 1417 1261 1449 colluctandum.
1285 1417 1359 1448 hinc
1386 1417 1448 1447 alia
1462 1416 1615 1458 cogitanti

152 1471 277 1512 obrepit
291 1477 447 1508 senectus,
462 1472 496 1502 in
511 1481 606 1512 quam
622 1471 773 1512 quicquid
789 1471 820 1501 in
836 1479 950 1502 natura
963 1471 1124 1502 ruinosum
1138 1476 1198 1507 est,
1219 1476 1254 1501 et
1277 1471 1418 1501 interitui
1433 1471 1614 1505 obnoxium,

152 1525 318 1556 confertim
333 1525 467 1556 effundit
477 1535 511 1555 se
525 1531 620 1566 atque
636 1526 782 1566 erumpit,
799 1531 831 1556 et
846 1525 978 1566 quidem
990 1525 1036 1556 ita
1050 1530 1086 1556 ut
1100 1525 1198 1556 nullis
1210 1524 1356 1556 remediis
1370 1526 1436 1555 haec
1452 1524 1616 1555 imbecilli-

153 1584 201 1610 tas
228 1580 327 1610 averti
351 1585 460 1620 queat.
505 1579 600 1616 Quod
624 1579 724 1620 siquis
749 1580 869 1610 tardius
895 1580 996 1610 veluti
1020 1579 1158 1610 debitam
1173 1579 1272 1610 vitam
1288 1579 1416 1609 minime
1429 1578 1614 1614 reddiderit,

151 1632 285 1670 Natura,
312 1639 462 1675 tanquam
490 1634 682 1669 foenerafflx,
706 1634 827 1664 instans
851 1639 945 1674 atque
972 1643 1098 1675 urgens,
1124 1633 1164 1664 ab
1189 1633 1253 1664 alio
1279 1640 1454 1674 aspectum,
1485 1632 1524 1663 ab
1551 1633 1613 1663 alio

151 1687 303 1723 auditum,
320 1697 535 1728 saepenumero
549 1693 729 1727 utrumque,
745 1693 894 1729 tanquam
912 1688 1036 1729 pignus,
1051 1688 1160 1728 exigit.
1184 1698 1221 1719 ac
1237 1688 1336 1729 siquis
1350 1688 1469 1718 diutius
1487 1694 1614 1717 maneat

149 1742 184 1772 in
207 1742 282 1778 vita,
305 1752 376 1773 eum
403 1742 586 1772 muneribus
613 1741 892 1783 functionibusque
917 1742 1055 1783 corporis
1077 1743 1190 1784 privat,
1213 1742 1361 1772 mutilum
1387 1741 1502 1776 reddit,
1527 1747 1614 1771 artus

150 1796 286 1837 denique
301 1806 338 1827 ea
353 1796 534 1827 infirmitate
549 1796 671 1836 affligit,
689 1801 723 1826 ut
737 1796 828 1837 quasi
843 1797 943 1827 luxati
957 1797 1138 1828 videantur.
1182 1796 1250 1827 Alii
1261 1797 1301 1827 ad
1314 1802 1488 1827 extremum
1499 1805 1610 1825 senec·

149 1851 227 1881 tutis
249 1851 345 1884 limen
370 1851 568 1892 perveniunt,
582 1857 618 1880 ut
632 1850 666 1880 in
680 1850 720 1880 iis
737 1861 843 1881 verum
859 1851 1072 1892 comperiatur
1088 1851 1300 1892 proverbium,
1315 1850 1374 1881 Bis
1389 1849 1490 1890 pueri,
1507 1859 1612 1879 senes.

150 1904 262 1945 Itaque
287 1905 331 1934 dii
355 1914 457 1935 rerum
482 1905 683 1934 humanarum
708 1915 783 1935 vere
807 1905 1038 1946 intelligentes,
1055 1915 1110 1935 eos
1124 1915 1204 1945 quos
1215 1914 1282 1946 prae
1297 1903 1420 1935 caeteris
1434 1903 1614 1933 hominibus

148 1959 276 1999 plurimi
297 1959 431 1995 faciunt,
455 1959 493 1989 ab
514 1960 570 1989 hac
598 1959 665 1988 vita
680 1958 774 1988 citius
790 1959 937 1994 liberant,
953 1965 988 1988 ut
1002 1959 1078 2000 quid
1096 1958 1136 1988 de
1150 1964 1250 1988 morte
1265 1957 1464 1988 statuendum
1481 1957 1534 1993 sit,
1548 1957 1612 1987 suis

142 2013 274 2052 judiciis
300 2013 484 2043 confirmare
506 2013 682 2042 videantur.
727 2011 867 2042 Primum
894 2012 1076 2053 Agamedes
1100 2018 1133 2043 et
1161 2011 1360 2052 Trophonius
1374 2012 1610 2052 praedicantur:

146 2068 203 2108 qui
237 2077 334 2108 quum
371 2067 518 2107 Apollini
559 2067 711 2106 templum
738 2066 1032 2102 exaedificavissent,
1072 2072 1259 2097 venerantes
1302 2065 1420 2102 Deum,
1451 2066 1612 2107 petierunt

149 2121 327 2151 mercedem
352 2132 416 2151 non
444 2130 570 2161 pawam
596 2120 725 2160 quidem
754 2120 858 2160 operis
882 2125 914 2150 et
930 2120 1044 2151 labon's
1059 2120 1109 2150 sui
1125 2131 1133 2151 :
1157 2120 1237 2151 nihil
1251 2120 1340 2155 certi,
1354 2119 1413 2150 sed
1427 2119 1513 2160 quod
1527 2125 1611 2150 esset

144 2175 299 2214 optimum
326 2174 455 2204 homini.
477 2180 510 2204 at
538 2184 635 2214 quum
662 2184 770 2204 somno
798 2184 832 2204 se
856 2173 1030 2211 dedissent,
1055 2179 1090 2204 ut
1112 2174 1228 2210 illuxit,
1253 2174 1366 2204 mortui
1390 2180 1463 2204 sunt
1478 2175 1609 2214 reperti.

145 2228 248 2258 Simili
263 2227 446 2269 precatione
463 2228 581 2268 Argiva
593 2227 735 2258 sacerdo,
751 2237 807 2268 pro
822 2228 895 2259 filiis
908 2237 965 2258 usa
979 2228 1106 2258 dicitur.
1128 2238 1225 2269 quum
1235 2228 1320 2258 enim
1334 2228 1416 2258 illam
1426 2229 1464 2258 ad
1475 2228 1609 2258 solenne

146 2287 178 2312 et
189 2287 306 2312 statum
321 2282 508 2312 sacrificium
524 2291 615 2312 curru
631 2282 702 2311 vehi
714 2281 766 2322 jus
781 2286 877 2317 esset,
892 2287 1148 2322 morarenturque
1163 2281 1318 2322 jumenta,
1334 2282 1395 2322 ipsi
1406 2287 1495 2312 veste
1505 2282 1607 2322 posita

145 2335 186 2366 ad
204 2335 319 2376 jugum
335 2341 545 2366 accesserunt.
567 2336 611 2366 ita
628 2335 773 2366 sacerdos
789 2336 921 2366 advecta
944 2335 976 2365 in
991 2335 1110 2371 fanum,
1127 2346 1224 2377 quum
1240 2345 1350 2366 currus
1366 2342 1450 2366 esset
1464 2335 1577 2366 ductus
1591 2345 1609 2365 a

146 2389 231 2425 filiis,
256 2396 380 2430 precata
406 2400 424 2420 a
451 2391 512 2420 dea
537 2389 653 2420 dicitur
679 2395 713 2420 ut
739 2390 803 2419 illis
840 2390 1004 2431 praemium
1019 2389 1109 2420 daret
1123 2399 1180 2430 pro
1196 2389 1315 2430 pietate
1337 2388 1422 2430 quod
1438 2390 1612 2420 maximum

144 2444 263 2474 homini
280 2444 347 2474 dari
365 2452 473 2484 posset
485 2453 503 2474 a
519 2445 589 2474 ‹lc-o.
620 2443 698 2474 Post
713 2444 860 2485 epulatos
875 2454 947 2474 cum
961 2449 1061 2474 matre
1073 2443 1292 2474 adolescentes
1304 2453 1412 2474 somno
1422 2453 1456 2473 se
1470 2443 1604 2477 dedisse.

145 2508 236 2528 mane
250 2498 396 2528 inventos
411 2509 480 2528 esse
496 2507 645 2528 mortum.
684 2499 825 2538 Longum
841 2504 927 2528 esset
941 2507 980 2529 ea
993 2507 1158 2529 recensere
1169 2508 1239 2539 quae
1251 2504 1353 2539 poetae
1364 2503 1607 2528 comme-:numni

143 2552 196 2592 qui
222 2552 340 2582 divinis
367 2552 507 2582 versibus
544 2551 584 2582 de
616 2553 758 2583 humanm
785 2553 858 2582 w'tae
886 2552 1068 2583 conditione
1098 2552 1321 2586 vaticinantes.
1351 2553 1420 2591 ejus
1448 2551 1608 2581 miseriam

145 2606 278 2636 funestis
310 2606 451 2636 versibus
482 2605 643 2636 celebrant
657 2617 664 2634 :
703 2606 758 2637 sed
789 2616 825 2636 ex
858 2612 947 2637 tanta
976 2607 1191 2647 exemplorum
1216 2606 1306 2637 turba
1330 2615 1427 2636 uuum
1455 2606 1608 2646 proferam

142 2660 290 2689 memoria
303 2660 383 2689 bene
400 2660 541 2699 dignum,

401 2756 529 2797 Optima
545 2768 677 2799 quaeque
690 2758 756 2789 dics
773 2759 896 2790 miseris
910 2760 1094 2790 mortalibus
1109 2759 1168 2789 aevi

399 2809 507 2841 Prima
524 2812 601 2852 sugit
616 2824 622 2841 ε
648 2812 783 2843 subeunt
800 2814 910 2850 morbi,
923 2814 1085 2855 tristisque
1099 2818 1257 2850 senectus,

402 2864 441 2894 Er
457 2864 544 2895 labor
559 2872 588 2895 vt
606 2865 690 2896 duraz·
706 2866 789 2906 rapit
803 2867 1009 2898 inclementia
1023 2867 1140 2898 mortis.
